1863 3256
400 154 485 195 342

794 154 1263 194 HERODOTI

402 262 568 319 πέμψαι
597 263 700 316 τούς
723 263 1040 320 Ὑπερβορέους
1057 267 1145 306 τῶν
1175 262 1321 307 ἀστῶν
1351 260 1515 317 ἄνδρας
1542 262 1669 308 πέντε

401 334 624 390 πομπούς,
655 334 843 386 τούτους
873 338 916 378 οἳ
945 339 1028 377 νῦν
1057 334 1303 391 Περφερέες
1332 333 1583 385 καλέονται,
1612 352 1672 379 τι·

375 404 491 461 4μᾶς
518 406 703 461 μεγάλας
728 407 773 449 ἐν
793 405 925 461 Δήλῳ
957 406 1133 462 ἔχοντες.
1192 405 1282 449 ἐπεὶ
1313 405 1358 448 δὲ
1388 409 1502 448 τοῖσι
1524 404 1672 462 ’Τπερ-
1683 413 1728 448 80

404 477 599 530 βορέοισι
641 476 746 528 τούς
793 475 1162 532 ἀποπεμφθέντας
1201 474 1341 519 ὀπίσω
1387 475 1468 519 οὐκ
1508 474 1672 521 ἄπονο-

406 548 563 595 στέειν,
595 547 716 590 δεινὰ
745 547 1032 603 ποιευμένους
1059 549 1095 591 εἰ
1125 545 1261 603 σφέας
1292 547 1373 591 αἰεὶ
1401 547 1673 604 καταλάμψε-

404 635 475 661 ται
506 616 853 669 ἀποστέλλοντας
892 617 950 674 μή
984 617 1295 670 ἀποδέκεσθαι,
1347 619 1463 662 οὕτω
1501 618 1555 675 δή
1597 619 1674 675 φέ-

407 703 566 740 ροντας
597 687 640 738 ἐς
666 687 770 738 τοὺς
799 688 965 743 οὔρους
994 688 1046 732 τὰ
1078 689 1150 744 ἱρὰ
1175 689 1430 745 ἐνδεδεμένα
1450 689 1498 733 ἐν
1517 695 1674 745 πυρῶν

405 759 603 816 καλάμῃ,
633 759 738 810 τοὺς
767 759 1098 816 πλησιοχώρους
1119 760 1398 817 ἐπισκήπτειν
1416 759 1674 813 κελεύοντας

376 830 678 887 5προπέμπειν
710 829 823 885 σφέα
862 829 948 874 ἀπὸ
981 830 1158 874 ἑωυτῶν
1193 832 1235 882 ές
1265 831 1373 875 ἄλλο
1402 832 1544 883 ἔθνος.
1602 833 1732 876 narses

403 907 544 946 ταῦτα
565 902 645 958 μὲν
665 900 782 944 οὕτω
801 901 1145 958 προπεμπόμενα
1159 937 1168 953 ,
1199 899 1480 944 ἀπικνέεσθαι
1499 902 1677 959 λέγουσι

375 980 397 1014 6
410 973 453 1026 ἐς
494 977 660 1030 Δῆλον.

350 1153 475 1192 diceus
510 1153 602 1192 liber
635 1155 783 1206 duoque
812 1155 876 1194 alii
898 1159 1010 1196 Λαο-

352 1210 375 1250 δ
387 1206 409 1250 ό
421 1225 504 1261 κης.
571 1210 629 1249 Ad
667 1226 776 1262 quam
815 1212 1011 1251 lectionem

350 1266 455 1318 plura
474 1267 594 1305 attulit
615 1268 806 1308 Schubart.
830 1269 855 1307 l.
876 1268 898 1307 l.
920 1282 1010 1321 pag.

352 1323 406 1365 53
424 1336 503 1374 seq.
523 1326 621 1375 apud
639 1325 880 1373 Pausaniam,
911 1331 1013 1363 utro-

352 1393 425 1430 que
444 1379 523 1418 loco
549 1381 582 1428 Ι,
612 1379 660 1430 4,
692 1379 718 1421 4
745 1382 827 1431 (ubi
845 1378 1013 1434 Ἀμάδο-

350 1437 441 1485 κος)
462 1441 500 1475 et
518 1438 572 1484 X,
594 1439 671 1487 23,
690 1439 737 1485 2,
773 1439 834 1476 ubi
857 1434 1014 1479 Λαοδό-

353 1509 444 1541 κος,
474 1494 681 1541 Λαοδίκος
704 1496 935 1533 scribendum
956 1507 1015 1533 ra-

354 1554 412 1587 tus
433 1550 489 1588 vei
513 1550 614 1601 apud
637 1550 871 1589 Herodotum
891 1552 1017 1601 legen-

354 1607 441 1643 dum
466 1603 681 1656 Λαοδόκη,
722 1621 942 1657 quamquam
973 1608 1018 1645 il-

341 1662 417 1700 'lud
473 1663 754 1716 praeferendum
814 1665 1021 1702 arbitratur.

355 1718 450 1757 Add.
474 1719 517 1757 C.
536 1720 585 1757 Ο.
607 1719 751 1758 Mulier.
769 1720 861 1759 Dor.
883 1721 899 1758 1
932 1734 1020 1772 pag.

357 1777 440 1816 268
452 1788 463 1822 3
510 1776 556 1813 ob
576 1778 688 1828 ipsius
708 1777 892 1815 Herodoti
910 1781 1019 1817 Λαο-

356 1833 474 1883 δίκην
522 1834 782 1883 corrigendum
829 1839 932 1872 ratus
983 1835 1019 1871 in

356 1889 541 1928 Pausania
590 1886 806 1936 Λαόδικος.
885 1890 1020 1940 Neque

355 1958 443 1984 vero
464 1947 658 1984 obsecutus
681 1953 735 1985 est
757 1946 914 1985 Siebelis
925 1976 938 1994 ,
965 1948 1022 1984 af-

355 2002 477 2040 ferens
498 1999 708 2050 Λαοδόκος
727 2016 771 2041 ex
790 2002 908 2054 Orph.
930 2003 1020 2053 Arg.

359 2058 440 2099 149
458 2088 468 2106 ‚
528 2060 627 2097 cuius
674 2060 754 2097 loco
807 2055 1020 2107 Λεωδόκος

356 2116 456 2166 apud
479 2114 648 2166 Apollon.
665 2116 785 2153 Rhod.
807 2116 836 2164 1,
858 2119 953 2163 119,
980 2120 1022 2154 ut

357 2171 458 2221 apud
480 2172 663 2211 Valerium
686 2172 718 2210 F
721 2172 881 2220 laecum3
910 2170 1022 2212 Λαό-

358 2227 469 2273 §mog
489 2229 526 2264 in
550 2242 622 2266 uno
643 2229 764 2266 Schol.
781 2230 829 2267 ad
850 2229 1020 2280 Apollon.

358 2283 479 2321 Rhod.
503 2283 532 2329 1,
554 2285 623 2326 47.
663 2286 755 2323 Mihi
780 2286 864 2323 talis
887 2286 1023 2336 proba-

359 2345 420 2377 tur
439 2341 581 2387 cautio,
612 2343 732 2379 necin
752 2342 961 2389 Herodoto,
983 2346 1024 2380 ut

361 2396 451 2445 quid
470 2401 628 2444 mutem,
658 2410 767 2435 causa
786 2403 949 2449 apparet.
967 2420 1023 2427 —-

362 2452 422 2489 Ad
469 2457 726 2502 argumentum
777 2455 872 2492 conf.
913 2455 1021 2492 etiam

362 2512 455 2545 nott.
484 2509 532 2546 ad
557 2509 630 2557 IV,
655 2510 720 2551 35.
781 2510 854 2547 Pro
891 2505 1023 2560 α’σφα-

365 2564 472 2615 λείης
511 2566 644 2603 retinui
684 2566 854 2615 equidem
894 2562 1024 2616 ἄσφα-

365 2621 463 2672 λίης.
501 2621 611 2659 Cous.
631 2622 677 2670 11,
699 2624 749 2662 18
767 2623 854 2673 ibiq.
874 2628 967 2660 nott.

425 2678 465 2716 οἳ
495 2679 572 2717 νῦν
605 2677 828 2731 Περφερέες
859 2678 1023 2718 καλέον-

368 2732 446 2785 ται]
478 2733 703 2787 Περφερέες
725 2736 892 2774 meliores
917 2749 1025 2788 prae-

368 2791 456 2829 bent
482 2790 585 2840 libri,
625 2805 718 2842 quos
750 2797 896 2830 secutus
936 2805 1025 2830 sum.

730 970 844 1016 Οἶδα
886 972 933 1017 δὲ
976 972 1108 1025 αὐτὸς
1154 968 1351 1016 τούτοισι
1395 973 1527 1027 ἱροῖσι
1576 972 1678 1018 τόδε

1067 1155 1139 1194 Alii
1174 1154 1418 1208 Περιφερέες
1453 1154 1734 1207 (Circumferen-

1068 1214 1152 1263 tes).
1197 1213 1301 1258 Quos
1325 1213 1488 1258 eosdem,
1513 1214 1734 1251 observante

1068 1269 1273 1316 Larehero,
1287 1269 1511 1320 Porphyrius
1522 1269 1579 1308 De
1590 1270 1733 1307 Abstin.

1069 1326 1117 1374 ll,
1139 1327 1191 1366 19
1217 1330 1324 1364 vocat
1340 1326 1626 1376 Amallophoros,
1648 1327 1736 1364 Ser-

1069 1384 1148 1421 vius
1166 1383 1215 1419 ad
1235 1383 1338 1432 Virg.
1361 1382 1451 1421 Aen.
1469 1383 1535 1430 XI,
1554 1383 1636 1424 858
1665 1377 1735 1422 ου’·

1070 1435 1285 1491 λοφόρους.
1331 1438 1443 1489 Apud
1463 1439 1622 1489 Hesych.
1641 1439 1675 1477 11
1698 1453 1735 1490 p.

1071 1494 1168 1537 945.
1239 1493 1466 1547 Περφερέες
1485 1506 1494 1516 ·
1570 1495 1735 1547 θεωροί.

1072 1551 1252 1590 Niebuhr.
1280 1551 1377 1589 Hist.
1400 1551 1542 1589 Rom.l
1571 1564 1659 1603 pag.
1681 1549 1736 1594 85

1076 1609 1136 1647 ed.
1168 1621 1263 1655 sec.‚
1321 1608 1390 1646 hoc
1435 1609 1555 1660 ipsum
1603 1619 1739 1647 nomen

1077 1662 1327 1717 (Περφερέες
1365 1685 1423 1693 -
1450 1664 1640 1716 perferre)
1688 1664 1740 1703 ad

1077 1721 1245 1768 Italicas,
1295 1733 1387 1771 quas
1426 1722 1621 1772 opinatur,
1658 1721 1741 1772 Hy-

1077 1779 1338 1829 perboreorum
1355 1778 1464 1816 sedes
1482 1777 1632 1816 relatum
1649 1778 1739 1815 vult.

1135 1829 1264 1873 ὀπίσω
1285 1829 1359 1873 ov'n
1382 1829 1655 1885 ἀπονοστέειν]
1679 1835 1737 1872 Cf.

1077 1895 1170 1929 nott.
1191 1892 1240 1928 ad
1259 1891 1323 1939 111,
1348 1893 1412 1932 16.
1464 1890 1523 1930 De
1553 1891 1737 1929 locutione

1078 1943 1189 1987 δεινοὶ
1208 1950 1414 1987 ποιεῖσθαι
1433 1947 1588 1985 diximus
1604 1949 1655 1985 ad
1673 1946 1739 1995 111,

1080 2003 1143 2046 14.
1200 2003 1258 2041 Ad
1299 2000 1600 2055 καταλάμψεται
1641 2003 1739 2042 conf.

1076 2065 1168 2098 nott.
1198 2060 1246 2098 ad
1273 2059 1347 2109 ΙΙΙ,
1380 2059 1448 2101 42.
1477 2082 1530 2090 -
1563 2061 1607 2098 In
1633 2072 1740 2110 seqq.

1077 2117 1443 2166 Schweighaeuserus
1455 2145 1466 2164 ‚
1491 2129 1600 2167 quem
1618 2116 1741 2166 sequi·

1078 2178 1139 2211 tur
1158 2174 1298 2222 Gaiss.,
1323 2187 1344 2212 e
1367 2173 1554 2212 Schaeferi
1577 2173 1740 2212 editione

1078 2235 1268 2281 receperat
1302 2233 1385 2276 τοῖς
1422 2225 1714 2280 πλησιοχώροις
1726 2239 1740 2275 3

1079 2287 1180 2337 quod
1206 2287 1253 2324 ab
1275 2287 1442 2324 omnibus
1470 2287 1612 2324 recedit
1639 2284 1740 2323 libris

1080 2343 1245 2394 seriptis,
1276 2355 1297 2380 e
1320 2343 1451 2392 quibus
1469 2342 1578 2392 vulgo
1601 2343 1740 2380 editum

1080 2397 1175 2445 τούς
1195 2394 1508 2449 πλησιοχώρους,
1538 2399 1637 2448 quod
1658 2411 1741 2435 cum

1081 2455 1259 2493 Matthiae
1280 2456 1450 2504 equidem
1471 2456 1601 2493 retinui
1621 2455 1743 2504 quod-

1081 2524 1154 2560 que
1189 2512 1267 2561 ipse
1291 2511 1496 2560 Schweigh.
1527 2515 1659 2562 postea
1684 2523 1742 2548 re·

1080 2572 1248 2605 vocatum
1270 2567 1383 2604 voluit
1398 2568 1435 2604 in
1455 2567 1543 2606 Lex.
1559 2567 1741 2606 Herodot.

1081 2636 1110 2660 s.
1131 2637 1163 2660 v.
1186 2619 1415 2674 ἐπισκήπτω
1437 2623 1485 2662 Τ.
1507 2624 1521 2661 1
1540 2637 1624 2676 pag.
1645 2621 1740 2672 264,

1083 2693 1165 2717 cum
1195 2680 1419 2717 accusativus
1449 2678 1542 2728 τούς
1572 2683 1740 2730 πλησιο-

1084 2731 1235 2787 χώρους
1273 2738 1434 2787 pendeat
1473 2751 1495 2775 a
1535 2737 1645 2776 verbo
1679 2750 1741 2776 κε-

1084 2789 1293 2840 λεύοντας,
1339 2794 1442 2844 quod
1471 2795 1631 2832 iunctum
1661 2806 1740 2831 cum
