1863 3256
582 226 936 268 TIIALIA.
995 228 1058 266 111.

1367 235 1449 275 17⁶1

1505 341 1663 370 Tributurn
1700 343 1782 371 aliud

1505 379 1639 410 tempure
1658 382 1725 410 pont
1736 386 1782 405 re-

1504 407 1589 435 diens
1619 419 1651 436 ex
1676 411 1782 437 insulis

1505 441 1631 467 Graecia
1650 448 1680 469 et
1707 445 1780 470 locis

1506 473 1647 505 Europae
1688 486 1781 511 unque

1507 506 1545 532 ad
1570 508 1778 537 'rut-sualiam:

1504 542 1632 572 pecunia
1660 551 1781 576 quomo-

1506 573 1543 599 do
1569 574 1596 599 iu
1623 575 1781 604 thesaurum

1505 606 1636 635 condita.

48 334 114 379 96
172 357 261 384 των
281 340 465 384 ἔλασσον
483 335 636 387 οἷπιεὶς,
669 333 724 379 ου’
747 335 870 391 λέγω.
912 330 1049 387 Οὗτος
1071 337 1245 396 Δαρείῳ
1265 339 1449 394 προσήϊε

146 409 324 466 ἓφόρος
345 407 430 451 α’πό
451 423 494 450 τε
515 411 589 463 τῆς
605 406 766 462 Ἀσίης,
798 407 872 451 καὶ
892 411 969 464 τῆς
989 405 1159 463 Λιβύης
1180 406 1446 464 ὀλιγαχόθεν.

172 480 407 536 προϊόντος
430 477 576 534 μέντοι
593 483 674 521 τοῦ
691 478 870 534 χρόνου,
902 479 975 522 καὶ
993 477 1077 522 ἀπὸ
1098 479 1247 535 νήσων
1267 479 1449 536 προσήιε

174 551 302 601 ἄλλος
329 550 489 606 φόρος,
525 550 597 593 καὶ
627 554 715 593 τῶν
746 550 793 593 ἐν
821 553 874 607 τῇ
905 549 1103 607 Εὐρώπῃ
1132 549 1256 606 μέχρι
1289 555 1448 594 Θεσσα-

45 974 113 1020 97

145 625 267 678 3λίης
298 621 553 677 οἰκημένων.

173 691 379 750 βασιλεύς
408 691 556 748 τρόπῳ
586 696 754 748 τοιῷδε.

172 765 247 815 ξας
277 762 492 819 καταχέει·

619 625 790 665 Τοῦτον
828 621 906 665 τὸν
945 620 1092 677 φόρον
1130 624 1384 678 θησαυρίζει
1422 621 1446 666 ὁ

815 693 858 744 ἐς
887 695 1051 744 πίθους
1080 696 1344 748 κεραμίνους
1372 693 1476 750 ’νή-1

551 762 717 820 πλήσας
747 765 792 807 δὲ
827 763 875 807 τὰ
909 763 1063 820 ἄγγος,
1108 764 1344 820 περιαιρέει
1372 765 1450 809 τὸν

141 835 378 891 4κὲραμον.
437 834 568 877 ἐπεάν
607 834 653 878 ὁὲ
701 837 839 893 δεηθῇ
884 835 1140 892 χρημάτων,
1189 835 1450 881 κατακόπτει

116 1182 246 1207 censor
271 1168 357 1206 ibid.
393 1181 480 1219 pag.
515 1170 597 1210 526
634 1172 782 1219 praeter

115 1226 207 1263 haec
220 1226 356 1262 tributa
374 1226 450 1274 regi
469 1225 644 1262 solvenda
672 1226 781 1262 etiam

116 1281 268 1331 singulis
313 1283 508 1332 provinciis
553 1283 667 1318 multa
711 1281 782 1318 alia

114 1339 338 1389 praestanda
350 1339 460 1376 fuisse
480 1344 555 1375 tum
577 1339 613 1374 in
634 1339 780 1388 praefe-

113 1400 190 1432 ctos
221 1399 443 1445 satmpasve,
475 1400 551 1431 tum
581 1396 619 1431 in
652 1395 782 1432 milites

113 1465 181 1503 per
201 1452 424 1502 provinciam
451 1451 664 1488 distributos
693 1465 781 1502 pro-

113 1509 328 1558 vinciaeque
365 1509 538 1559 impensis
576 1513 782 1545 sustentan-

115 1565 195 1602 dos.
265 1565 371 1609 Quae
403 1566 549 1603 minime
581 1565 649 1602 hoc
679 1566 782 1614 regio

114 1623 254 1659 tributo
295 1622 555 1673 comprehendi
599 1623 783 1660 censenda

117 1684 224 1725 sunt3
255 1691 321 1717 nec
341 1680 472 1728 exigua
492 1692 536 1716 ea
558 1679 638 1729 ipsa
657 1680 782 1725 fuisse,

118 1749 210 1773 unus
239 1735 367 1772 Nostri
400 1736 498 1772 locus
529 1735 555 1783 Ι,
588 1737 666 1776 192
693 1736 782 1771 satis

117 1796 324 1830 monstrare
350 1797 474 1842 potest
499 1792 545 1829 de
568 1792 782 1839 quotidiano

116 1848 329 1897 Babylonici
350 1854 522 1899 satrapae
544 1849 674 1886 reditu.
724 1849 782 1885 Cf.

116 1905 279 1943 Heeren.
305 1905 416 1943 ldeen
438 1906 467 1951 I,
495 1908 515 1946 1
540 1918 627 1955 pag.
650 1905 743 1945 481.

315 1962 425 2012 Cap.
456 1962 587 1998 XCVI.

173 2020 247 2069 τῆς
262 2014 425 2069 Λιβύης
442 2014 695 2069 ὀλιγαχόθεν]
716 2018 737 2055 i.
751 2032 782 2055 e.

118 2087 162 2112 ex
177 2077 306 2126 paucis
337 2076 546 2126 quibusdum
568 2075 706 2125 Libyae
730 2089 784 2112 re—

118 2133 292 2180 gionibus.
331 2132 391 2170 De
410 2146 499 2170 voce
514 2132 666 2182 Libyae,
688 2145 784 2181 quae

119 2190 229 2226 modo
240 2189 357 2226 latiori
367 2202 476 2227 sensu
493 2190 540 2226 de
550 2190 662 2235 omni,
673 2202 782 2238 quam

119 2258 187 2282 nos
217 2247 392 2292 dicimus,
412 2245 547 2293 Africa,
580 2247 690 2283 modo
719 2259 784 2282 an-

120 2303 274 2351 gustiori
301 2304 348 2341 de
380 2316 445 2340 ora
475 2303 623 2340 Africae
647 2302 783 2340 boreali

121 2360 300 2397 maritima
323 2361 369 2397 ab
393 2360 563 2410 Aegypto
592 2372 708 2408 usque
736 2359 783 2395 ad

121 2415 248 2464 Syrtes
262 2418 361 2467 apud
373 2417 605 2455 Herodotum
622 2415 784 2453 invenia-

121 2474 193 2518 tur,
220 2475 358 2510 monuit
379 2474 536 2511 Rennel.
559 2473 579 2510 Ι.
599 2473 620 2509 l.
642 2487 677 2523 p.
702 2473 785 2512 567

121 2527 199 2564 coll.
222 2529 494 2567 Schlichthorst.
518 2544 554 2580 p.
578 2528 639 2569 14.
664 2530 726 2569 15.
747 2532 785 2565 et

124 2587 213 2620 nott.
244 2587 291 2622 ad
315 2587 362 2633 Il,
394 2589 456 2628 17.
516 2587 601 2623 Hoc
629 2586 707 2622 loco
737 2586 783 2622 de

124 2637 265 2688 Libyae
277 2655 383 2680 sensu
397 2643 542 2681 arctiori
553 2649 663 2692 atque
675 2642 786 2692 inpri-

124 2695 192 2732 mis
207 2696 253 2734 de
266 2698 408 2747 Cyrene
426 2704 462 2737 et
472 2700 600 2746 Barce,
611 2712 705 2748 quae
724 2699 787 2744 ΙΙΙ,

125 2753 175 2792 91
218 2759 390 2791 vocantur
422 2757 588 2794 civitates
624 2755 788 2803 Libycae

125 2807 300 2859 Aegypto
330 2813 588 2862 conterminae,
619 2813 787 2861 cogitan-

125 2865 226 2902 dum.

180 2921 403 2959 Hssnono'r.'
427 2923 474 2961 ΙΙ.

173 910 360 950 τοσοῦτο
393 905 503 949 ὅσου
534 905 588 949 ἂν
619 905 819 950 ἑκάστοτε
850 906 1011 963 δέηται.

284 973 426 1022 Αὗται
453 979 532 1034 μέν
561 995 645 1022 νυν
674 977 805 1034 ἀρχαί
833 993 879 1022 τε
907 973 1038 1036 ἦσαν,
1070 980 1142 1024 καὶ
1173 978 1330 1037 φόρων
1360 981 1447 1024 ἐπι-

897 1162 977 1207 οἷπό
1008 1162 1170 1218 νήσων]
1202 1168 1342 1206 Insulas
1372 1169 1506 1207 intelli—

839 1237 888 1273 go
908 1225 1046 1273 Aegaei
1064 1225 1172 1262 maris
1193 1224 1300 1263 Asiae
1321 1227 1505 1276 proximas

839 1282 1000 1331 indeque
1021 1281 1119 1330 regis
1143 1282 1272 1318 ditioni
1294 1283 1466 1320 adiectas.

899 1392 938 1441 ἐς
960 1392 1127 1444 πίθους]
1153 1394 1209 1431 Ex
1227 1394 1296 1433 hoc
1316 1396 1426 1432 modo
1447 1408 1505 1432 ar·-

838 1452 938 1501 genti
958 1451 1108 1501 aurique
1128 1453 1380 1499 conservandi,
1397 1465 1504 1502 prae—

840 1509 966 1546 sertim
989 1509 1031 1555 si,
1054 1521 1148 1557 quae
1167 1508 1230 1556 IV,
1254 1511 1331 1549 166
1353 1521 1507 1546 narran-

837 1570 911 1612 tur,
930 1566 1144 1615 respexeris,
1164 1564 1264 1602 haud
1283 1566 1413 1602 iniuria
1433 1565 1508 1602 col-

839 1622 903 1671 ligi
920 1622 1193 1671 quodammodo
1215 1623 1363 1672 poterit,
1375 1635 1509 1672 argen-

839 1684 915 1715 tum
935 1692 1106 1716 aurumve
1128 1678 1310 1727 signatum
1330 1680 1406 1716 sive
1425 1692 1507 1716 mo-

839 1739 977 1782 netam,
1002 1735 1124 1772 Persis
1152 1739 1239 1772 ante
1256 1735 1407 1772 Darium
1430 1736 1507 1774 sive

839 1792 1076 1840 incognitam,
1112 1792 1186 1828 sive
1219 1791 1316 1828 nullo
1339 1797 1438 1830 certe
1469 1793 1506 1830 in

840 1861 906 1885 usu
926 1849 1037 1886 fuisse
1062 1848 1191 1894 videri,
1221 1852 1261 1885 ut
1280 1850 1341 1898 qui
1366 1850 1504 1899 primus

840 1917 970 1942 aureos
1003 1918 1153 1951 numos,
1188 1904 1404 1942 Daricorum
1441 1918 1509 1942 no-

839 1963 938 1999 mine
957 1966 1043 2012 post
1065 1962 1240 2010 insigne-S,
1261 1963 1416 2011 procudi
1434 1962 1508 1999 ius-⁴

842 2019 930 2056 serit
952 2031 1026 2055 non
1052 2019 1199 2068 quidem
1222 2019 1269 2054 ad
1288 2019 1384 2055 vitae
1411 2032 1508 2056 com-

841 2075 1010 2113 merciive
1033 2088 1132 2112 usum
1148 2079 1209 2111 aut
1225 2076 1344 2124 regias
1364 2076 1507 2126 impen-

843 2145 915 2179 sas,
943 2133 1008 2169 sed
1039 2132 1162 2182 potius
1194 2144 1238 2168 eo
1267 2132 1436 2179 consilio,
1467 2137 1508 2169 ut

842 2189 1051 2226 memoriam
1087 2201 1187 2226 suam
1218 2188 1287 2224 hoc
1318 2193 1427 2238 pacto
1459 2189 1508 2225 ad

840 2246 1091 2296 posteritatem
1109 2246 1374 2282 transmitteret
1394 2246 1509 2282 viros-

841 2315 913 2351 que
936 2302 1029 2339 bene
1056 2302 1104 2339 de
1136 2314 1176 2338 se
1206 2303 1353 2339 meritos
1383 2301 1507 2351 aliquo

840 2359 977 2407 insigni
1017 2371 1166 2395 munere
1193 2363 1507 2404 re1nuneraretur3

839 2427 1059 2464 quamquam
1080 2419 1166 2465 post
1176 2415 1326 2453 Darium
1349 2416 1386 2452 in
1408 2428 1507 2453 com-

840 2485 985 2509 munem
1004 2485 1151 2521 quoque
1171 2485 1274 2509 usum
1293 2472 1359 2508 hos
1376 2485 1505 2508 numos

840 2529 983 2566 venisse
1011 2530 1100 2565 satis
1132 2541 1315 2579 superque
1351 2533 1509 2565 constat.

843 2584 925 2622 Nec
948 2584 1035 2621 alios
1067 2598 1218 2632 numos,
1249 2599 1358 2634 quam
1389 2586 1509 2622 istius-

845 2642 943 2678 modi
974 2642 1202 2679 memoriales
1234 2643 1270 2678 in
1299 2641 1509 2692 Neopersa—

844 2711 922 2735 rum
946 2711 1060 2747 regno
1082 2699 1149 2735 sub
1176 2699 1311 2748 Sophis
1337 2709 1508 2747 procusos

844 2755 955 2792 fuisse
975 2760 1097 2792 monet
1117 2755 1276 2792 Heeren.
1300 2754 1410 2790 Ideen
1433 2752 1460 2797 l,
1483 2754 1501 2790 1

843 2825 880 2861 p.
901 2810 994 2852 481.
1028 2811 1088 2848 Tu
1105 2812 1199 2848 conf.
1220 2812 1330 2849 etiam
1349 2806 1505 2845 Rennel.

844 2867 867 2905 l.
884 2866 906 2903 l.
926 2880 1011 2918 pag.
1033 2868 1125 2909 526.

1226 2924 1276 2961 12

1506 984 1618 1012 Persae
1643 992 1662 1011 a
1688 985 1781 1012 tribu-

1507 1021 1545 1046 tis
1554 1019 1698 1046 immunes
1708 1028 1715 1046 ι
1727 1021 1783 1046 Ae-
