1946 3272
118 766 270 803 Cambysi.

322 564 389 609 62

117 628 309 658 eaduceator
360 629 391 655 iu

117 668 286 705 Aegyptum
297 673 316 692 a
325 663 391 690 Ma-

116 707 163 734 gis
179 700 302 727 missus:

116 740 222 766 xaspen
239 738 393 770 purgatae

322 699 393 726 Pre-

454 241 537 282 112
849 242 1319 282 HERODOTI

423 349 581 406 ὄλήῖον
608 348 794 405 θρόνον.

862 350 1050 408 ποιήσας
1088 352 1133 395 δὲ
1162 355 1316 402 τοῦτο,
1359 349 1552 409 κήρυκας
1581 355 1635 409 τῇ
1674 358 1775 395 two

453 420 562 478 ἄλλῃ
585 420 805 477 διέπεμπε,
836 423 909 466 καὶ
931 423 983 478 δὴ
1013 423 1087 466 καὶ
1115 424 1158 474 ἐς
1176 425 1420 478 Αἴγυπτον,
1450 421 1719 478 προερέοντα

448 497 509 550 τῷ
540 497 734 550 στρατῷ,
778 492 837 544 ὡς
868 493 1085 547 Σμέρδιος
1114 496 1193 535 τοῦ
1224 494 1379 549 Κύρου
1410 492 1624 538 ἀκουστέα
1655 495 1720 549 εἰἠ

448 568 528 607 τοῦ
557 568 739 616 λοιποῦ,
782 562 875 606 ἀλλ’
909 563 963 606 οὐ
996 563 1254 620 Καμβύσεω.

448 640 517 679 λοι
545 634 731 690 κήρυκες
758 633 1066 690 προηγόρευον
1094 639 1250 682 ταῦτα,
1299 635 1372 678 καὶ
1403 634 1454 691 δὴ
1484 636 1557 678 καὶ
1593 632 1616 678 ὁ
1647 632 1716 678 ἐπ’

449 708 674 762 Αἴγυπτον
703 706 895 760 ταχθεὶς,
940 703 1112 759 εὕρισκε
1151 705 1234 761 γὰρ
1266 705 1503 761 Καμβύσεα
1539 706 1614 749 καὶ
1642 705 1774 748 τὸν25

1315 565 1372 606 οῖ
1396 580 1439 607 τε
1471 564 1522 619 δὴ
1554 559 1616 606 ὢν
1647 562 1718 607 ἅλ-

451 777 635 832 στρατόυ
663 774 792 819 ἐόντα
820 779 894 832 τῆς
915 777 1081 833 Συρίης
1109 776 1156 819 ἐν
1183 775 1504 834 Ἀγβατάνοισι,
1534 775 1719 833 προηγό-

444 958 496 1010 τῇ
524 970 564 994 τε
595 952 693 1009 ἄλλῃ
724 952 937 1005 διέπεμπε]
996 955 1054 992 Ita

389 1013 488 1052 edidi
510 1012 713 1060 Schweigh.
746 1016 784 1049 et
804 1012 923 1049 Gaisf.
952 1024 1055 1049 secu-

389 1074 460 1107 tus.
500 1068 620 1118 Vulgo
642 1067 830 1117 διέπεμπε
850 1069 900 1121 τῇ
929 1082 968 1107 τε
991 1065 1055 1106 ἄλ-

394 1129 442 1180 λῃ
458 1156 468 1173 ,
501 1126 614 1174 idque
630 1125 779 1163 retinuit
799 1124 990 1162 Matthiae.
1003 1144 1054 1151 —-

396 1183 505 1219 conf.
527 1181 554 1228 Ι,
580 1184 597 1221 1
630 1186 666 1219 et
685 1181 817 1218 Matth.
839 1181 903 1217 Gr.
930 1182 995 1217 Gr.
1018 1179 1055 1231 ἓ.

393 1239 497 1286 401,
524 1239 561 1279 3.
599 1236 706 1284 402,
737 1251 767 1274 c.
792 1258 846 1265 —
876 1237 918 1274 In
947 1251 1053 1287 seqq.

392 1293 635 1346 προερέοντα
666 1295 715 1331 ad
739 1307 847 1331 unum
873 1293 972 1331 illum
995 1307 1055 1331 ca-

393 1352 628 1388 duceatorem
653 1351 883 1389 referendum
897 1379 907 1396 ‚
939 1350 1000 1399 qui
1019 1351 1054 1387 in

390 1407 600 1457 Aegyptum
619 1420 641 1444 a
660 1420 766 1456 mago
780 1408 845 1443 fuit
857 1407 1001 1453 missus,
1015 1411 1055 1443 ut

390 1468 518 1501 monet
549 1464 678 1501 Matth.
708 1464 772 1500 Gr.
793 1464 857 1500 Gr.
894 1461 931 1513 ξ.
957 1462 1053 1509 443,

393 1523 413 1566 1
449 1534 485 1570 p.
510 1522 609 1567 829,
652 1521 749 1557 idem
774 1520 820 1557 de
838 1532 906 1556 usu
927 1520 1056 1557 verba-

389 1575 432 1613 lis
453 1576 552 1613 vocis
576 1574 811 1624 (ακουστέα)
841 1577 1054 1622 admonens,

391 1633 438 1670 de
456 1645 528 1682 quo
549 1633 678 1670 eodem
699 1633 825 1670 Valck.
853 1633 939 1669 citat
956 1633 1055 1669 Thu-

390 1689 472 1737 cyd.
485 1689 513 1736 Ι,
528 1690 592 1729 86.
626 1689 800 1739 Sophocl.
813 1689 944 1726 Electr.
958 1686 1051 1729 340.

389 1744 512 1782 Verba
564 1749 748 1796 προερεῖν
765 1775 776 1793 ,
833 1749 1053 1795 προειπεῖν,

392 1797 682 1852 προαγορεύειν
702 1802 748 1840 de
775 1814 956 1852 praecone
988 1815 1056 1851 po-

391 1858 569 1894 tissimum
579 1858 822 1907 frequentata,
834 1858 1053 1906 significant,

392 1914 522 1951 eodem
582 1914 756 1952 Valcken.
815 1915 1055 1952 observante:

387 1970 643 2019 proclamando
700 1971 851 2018 edicere,

393 2029 572 2064 muntiare.

905 1969 960 2008 vel
997 1970 1057 2007 cle-

591 2116 622 2152 c
634 2128 656 2152 a
667 2129 703 2166 p.
740 2115 859 2153 [ΧΠ.

450 2193 492 2234 ἔν
510 2189 802 2246 Ἀγβατάνοισι]
826 2195 880 2232 lta
900 2209 979 2232 curn
999 2208 1058 2233 re-

392 2256 505 2288 centt.
528 2252 613 2288 edd.
635 2253 771 2302 scripsi.
804 2252 899 2289 Olim
920 2247 1054 2302 Ἐκβα-

392 2303 561 2345 τάνοισι.
596 2308 705 2344 Conf.
728 2309 790 2354 ΙΙΙ,
812 2307 864 2347 64
885 2312 921 2345 et
944 2321 1056 2358 supra

391 2363 419 2408 l,
448 2365 512 2403 98.
566 2364 751 2401 Memorat
789 2364 983 2400 Ecbatana
1018 2365 1055 2401 in

394 2419 582 2456 Galilaeae
614 2424 728 2457 tractu
758 2421 900 2470 loseph.
931 2421 1003 2457 vit.
1025 2434 1055 2457 c.

396 2478 446 2515 12
469 2489 506 2525 p.
527 2478 564 2516 6.
600 2475 813 2525 Wesseling.
834 2477 1003 2514 Larcher.
1019 2481 1056 2514 et

392 2531 609 2569 Billerbeck.
634 2533 762 2577 (Asiae
784 2534 963 2570 Herodot.
985 2534 1056 2569 dis-

393 2587 472 2624 ficil.
497 2601 531 2637 p.
547 2590 616 2633 11)
642 2588 745 2625 Plinii
769 2589 884 2625 locum
908 2589 975 2625 huc
995 2602 1053 2626 re-

394 2644 515 2681 ferunt
534 2644 629 2680 Hist.
652 2644 736 2682 Nat.
758 2646 802 2691 V,
828 2647 898 2684 19:
937 2645 1056 2691 „Pro-

394 2700 611 2738 montorium
656 2700 885 2747 Carmelum,
943 2706 978 2738 et
1018 2702 1054 2738 in

394 2760 517 2794 monte
536 2756 734 2806 oppidum,
778 2759 906 2795 eodem
939 2759 1055 2794 nomi-

395 2826 454 2860 ne,
473 2814 659 2862 quondam
667 2812 861 2850 Ecbatana
877 2814 1054 2850 dietum.“

394 2869 448 2907 Ac
470 2869 613 2907 dubitat
631 2868 809 2909 Mannert.
836 2870 996 2918 (Geogr.
1018 2871 1054 2908 d.

1112 954 1176 991 Gr.
1196 967 1229 990 u.
1250 954 1357 991 Rom.
1376 954 1439 999 Vl,
1468 957 1488 995 1
1512 968 1547 1005 p.
1569 954 1650 996 353
1674 954 1774 1004 seq.)

1111 1011 1158 1047 de
1182 1010 1376 1059 Cambysis
1406 1012 1453 1047 ad
1478 1011 1686 1047 Carmelum
1717 1011 1775 1047 iti·

1111 1079 1219 1112 nere,
1250 1067 1408 1114 indeque
1427 1067 1645 1115 Cambysem
1665 1067 1775 1103 obiis-

1113 1136 1153 1159 se
1173 1123 1316 1159 coniicit
1336 1122 1521 1160 Bathurae
1543 1124 1579 1159 in
1596 1123 1773 1160 Batanea.

1112 1178 1163 1217 At
1185 1179 1367 1216 Mannerti
1395 1179 1638 1216 dubitationes
1671 1178 1776 1215 diluit

1114 1235 1241 1272 Gallus
1282 1235 1388 1272 Plinii
1436 1237 1615 1284 interpres
1635 1262 1647 1281 ‚
1700 1234 1773 1272 Pa-

1112 1292 1212 1338 risot,
1233 1293 1270 1328 in
1293 1305 1337 1329 ea
1354 1291 1458 1329 Plinii
1479 1292 1653 1336 editione,
1678 1304 1774 1340 quae

1112 1348 1258 1385 Parisiis
1280 1349 1377 1397 apud
1390 1348 1630 1385 Panckoucke
1641 1348 1775 1397 prodiit

1112 1406 1331 1444 ann01829
1352 1405 1458 1442 Tom.
1475 1405 1523 1440 lv
1545 1418 1580 1454 p.
1593 1406 1688 1449 266,
1710 1404 1774 1441 ubi

1112 1460 1343 1498 haecsubiicit
1356 1463 1409 1497 vir
1428 1461 1576 1497 doctus:
1601 1460 1775 1506 „ilserait

1111 1517 1191 1568 plus
1213 1530 1302 1565 suge
1322 1519 1367 1555 de
1393 1520 1522 1555 douter
1547 1518 1593 1554 de
1622 1517 1656 1553 la
1681 1517 1775 1553 veri-

1111 1574 1145 1609 te
1159 1574 1206 1610 de
1217 1573 1461 1618 l'historiette3
1479 1596 1535 1601 —
1545 1573 1679 1624 inspire'
1691 1585 1774 1610 sans

1110 1630 1223 1666 doute
1235 1643 1300 1680 par
1315 1630 1491 1667 l’identite
1510 1631 1557 1667 de
1574 1642 1657 1666 nom
1671 1633 1775 1667 entre

1110 1685 1146 1722 la
1171 1686 1324 1736 capitale
1349 1688 1396 1723 de
1426 1687 1460 1723 la
1491 1686 1614 1723 Medie
1643 1690 1681 1723 et
1703 1697 1775 1722 une

1111 1744 1227 1792 petite
1248 1743 1328 1780 ville
1349 1744 1394 1781 de
1413 1744 1559 1791 Syrie.“
1598 1742 1773 1792 losephus

1112 1798 1261 1848 Antiqq.
1276 1799 1459 1845 ludd.Xl,
1481 1802 1518 1845 ⁶2,
1538 1801 1563 1838 2
1584 1798 1774 1848 apudDa-

1111 1869 1271 1892 mascum
1285 1856 1502 1904 Cambysem
1514 1856 1691 1892 interiisse
1702 1860 1777 1890 tra-

1113 1912 1179 1948 dit.
1239 1912 1358 1954 Quem
1394 1911 1597 1959 Schweigh.
1637 1910 1775 1947 consuli

1111 1968 1189 2004 vult
1208 1968 1317 2015 Hyde
1336 1968 1455 2016 Relig.
1482 1967 1559 2004 vet.
1581 1966 1678 2004 Pers.
1688 1980 1772 2016 pag.

1114 2023 1216 2070 541,
1247 2024 1275 2060 is
1304 2025 1340 2060 in
1371 2024 1580 2074 Appendice
1611 2024 1658 2060 ad
1687 2036 1774 2073 pag.

1113 2079 1194 2120 416
1223 2080 1292 2116 ita:
1321 2080 1490 2129 „Magna
1511 2079 1659 2117 Mediae
1689 2081 1774 2115 urbs

1111 2134 1159 2174 τοὶ
1198 2131 1419 2186 Ἐκβάτανα
1456 2150 1520 2174 seu
1556 2131 1774 2188 Ἀγβάτανα

1113 2193 1231 2242 (apud
1257 2192 1471 2241 Aeschylum
1495 2193 1530 2229 in
1553 2193 1671 2230 Persis
1696 2192 1774 2240 Ag-

1112 2252 1295 2293 Imtarum)
1322 2262 1558 2298 symmmmm
1591 2249 1700 2286 habet
1737 2249 1774 2284 iu

1112 2308 1219 2357 Syriai
1265 2306 1472 2344 urbeculam
1515 2305 1668 2342 Arabice
1716 2304 1773 2340 di-

1112 2370 1208 2401 ctam
1231 2362 1400 2408 Bau-(ina,
1420 2362 1610 2412 Stephano
1639 2361 1682 2399 αῖ
1696 2363 1772 2399 Βα-

1113 2419 1248 2458 τανέαι
1267 2449 1276 2465 ,
1308 2420 1472 2455 ludithue
1497 2419 1522 2462 l,
1551 2420 1575 2457 9
1605 2412 1773 2464 Βετοῖνη,

1113 2477 1213 2514 cuius
1232 2476 1316 2512 eixis
1339 2481 1393 2512 est
1412 2475 1457 2511 Al
1483 2474 1652 2520 Batiam,
1676 2473 1774 2510 unde

1113 2532 1262 2570 celebris
1301 2537 1530 2568 astronomus
1573 2531 1617 2567 ΑΙ
1659 2531 1774 2567 Bate-

1113 2589 1230 2638 gnius.
1262 2588 1307 2624 Et
1323 2588 1405 2624 hinc
1424 2591 1566 2624 constat
1578 2587 1679 2635 quod
1693 2582 1774 2624 Έκ-

1114 2641 1267 2695 [hiram
1290 2657 1352 2681 Seu
1382 2639 1600 2692 ’Anssa'tmra
1629 2644 1677 2679 sit
1695 2655 1776 2679 cor-

1112 2700 1259 2750 ruptela
1278 2714 1343 2750 pro
1365 2695 1583 2750 Ἐλβᾶταιια
1611 2712 1674 2737 seu
1694 2694 1776 2737 Ἀλ-

1113 2754 1277 2808 βοὲτανα.
1336 2756 1384 2793 At
1414 2770 1560 2806 prorsus
1593 2757 1774 2793 diversum

1112 2814 1200 2862 quid
1221 2823 1276 2849 est
1297 2813 1456 2849 eiusdem
1470 2813 1623 2849 nominis
1640 2812 1724 2849 urbs
1737 2811 1774 2847 in

1113 2870 1252 2916 Medici,
1281 2870 1318 2907 in
1345 2870 1446 2907 cuius
1468 2869 1615 2919 linguae
1641 2867 1773 2918 genui-
