1946 3272
321 564 385 609 61

116 631 200 663 Magi
228 629 305 661 duo,
333 631 388 657 Pa-

113 665 235 692 tizithes
251 664 390 691 etSmer-

113 698 178 731 din,
197 698 326 732 fratres,
345 699 390 725 in-

454 254 538 292 110

870 251 1339 293 HERODOTI

451 371 600 416 γιστος
636 360 812 404 πάντων
846 365 969 418 νηῶν
997 366 1086 405 τῶν
1123 361 1244 417 ἡμεῖς
1272 362 1418 414 ἰ’δμεν’
1472 362 1553 402 τοῦ
1593 356 1720 415 ἆρχι-
1779 385 1782 388 «

450 432 612 475 τέκτων
658 437 831 486 πρῶτος
879 432 1045 488 ἐγένετο
1087 431 1256 482 Ῥοῖκος
1297 434 1436 474 Φίλεω
1481 428 1721 486 ἐπιχώριος.

456 503 634 547 Τούτων
674 505 833 547 εἵνεκεν
871 504 1038 558 μᾶλλόν
1078 519 1118 544 τι
1159 502 1257 554 περὶ
1292 504 1475 557 Σαμίων
1511 502 1748 557 ἐμήκυνα.5

566 574 784 630 Καμβύσῃ
818 573 864 615 δὲ
901 576 962 628 τῷ
994 571 1171 626 Κύρου,
1219 576 1461 628 χρονίζοντι
1503 572 1600 626 περὶ
1638 572 1719 614 Αἴ-

447 662 612 703 γυπτον
652 646 725 688 καὶ
762 641 1180 699 παραφρονήσαντι,
1230 645 1530 688 ἐπανιστέαται
1570 642 1721 696 ἄνδρες

393 799 540 836 Heraeo
559 796 861 841 continebantur,
903 794 951 832 de
980 807 1057 831 ma-

394 868 467 904 gna
500 854 577 890 auri
614 853 830 901 argentique
867 852 971 901 copia
1008 851 1055 888 ad

398 910 570 961 Appuleii
589 921 704 957 usque
721 911 878 944 aetatem
902 908 949 944 ibi
971 920 1058 944 con-

398 971 519 1016 gesta,
560 965 716 1016 plurima
740 963 907 1000 Panoska
928 963 948 1000 l.
970 962 991 999 l.
1019 976 1056 1013 p.

399 1027 454 1064 60
483 1035 584 1071 seqq.
613 1021 692 1058 coll.
727 1032 814 1071 pag.
853 1020 907 1059 57
941 1032 1060 1068 seqq.,

399 1080 460 1116 ubi
495 1079 542 1116 de
576 1078 715 1115 lunone
747 1077 871 1113 Samia
909 1076 1061 1124 eiusque

399 1136 497 1173 cultu
515 1136 688 1185 disputat.
720 1132 781 1169 Tu
803 1133 875 1169 vid.
899 1132 1061 1181 inprimis

398 1192 572 1229 Creuzer.
592 1189 757 1239 Symbol.
776 1188 808 1225 ΙΙ
825 1202 862 1239 p.
880 1189 961 1230 550
981 1201 1061 1237 seq.

400 1249 482 1289 563
501 1260 579 1297 seq.
599 1248 692 1288 569.

449 1358 609 1406 Ῥοῖκος
624 1356 769 1408 Φίλεω]
794 1357 887 1394 Cum
915 1355 1060 1394 Φίλεω

396 1417 600 1456 descendat
622 1428 644 1452 a
666 1415 815 1460 Φίλας,
854 1414 952 1450 cuius
973 1414 1061 1449 arti-

397 1474 475 1511 ficis
497 1485 630 1510 nomen
650 1472 752 1521 apud
761 1471 912 1506 Suidam
931 1468 1001 1519 (ΙΙΙ
1023 1483 1060 1519 p.

394 1531 480 1571 598
508 1529 644 1575 Kust.)
677 1532 784 1564 sonet
816 1524 980 1571 Φιλέας,
1023 1526 1060 1562 in

394 1587 590 1624 Herodoto
608 1583 796 1621 Thiersch.
821 1583 844 1620 l.
864 1583 886 1619 l.
906 1596 942 1632 p.
968 1583 1058 1623 181.

398 1645 478 1684 182
504 1641 613 1679 scribi
639 1640 715 1677 vult
749 1637 917 1685 Φιλέω,
956 1639 1061 1675 inde-

396 1711 468 1747 que
518 1699 629 1735 etiam
675 1709 797 1733 veram
845 1695 1060 1745 scripturam

395 1755 602 1791 Pausaniae
633 1754 667 1790 in
695 1751 780 1788 locis
800 1751 907 1797 V111,
940 1749 991 1789 14
1022 1749 1058 1801 ᾗ.

395 1811 432 1851 5.
474 1810 530 1857 Χ,
563 1811 616 1850 38
648 1807 685 1859 §.
720 1810 745 1847 3
783 1807 1063 1845 restituendam.

395 1867 472 1904 Sed
503 1873 661 1915 utroque
690 1865 759 1901 hoe
786 1864 866 1901 loco
891 1862 1060 1909 Siebelis,

396 1925 495 1960 cuius
530 1927 621 1959 nott.
652 1920 788 1958 consul.
821 1921 868 1957 ad
902 1921 1060 1970 priorem

396 1980 514 2017 locum
532 1993 568 2029 p.
590 1977 671 2020 245
686 2006 696 2024 ‚
738 1977 857 2014 edidit
879 1975 1060 2022 Φιλαίου,

397 2040 596 2086 praeeunte
609 2033 806 2083 Syiburgio
830 2037 940 2081 atque
950 2032 1060 2068 Ama-

397 2105 496 2129 sae0.
556 2091 727 2128 Rhoecus
746 2089 903 2135 Samius,
934 2088 995 2137 qui
1011 2088 1059 2124 ad

400 2147 660 2198 olympiadum
680 2146 783 2182 initia
800 2145 923 2182 referri
947 2145 1060 2182 debet

398 2205 521 2251 (conf.
555 2207 645 2240 nott.
677 2202 724 2239 ad
754 2201 825 2247 ΙΙΙ,
860 2202 944 2249 41)
979 2213 1059 2237 cum

398 2261 598 2299 Theodoro
623 2259 716 2296 aeris
737 2258 913 2295 fundendi
943 2261 1058 2294 artem

397 2318 578 2354 invenisse
614 2317 729 2352 fertur
772 2314 871 2362 (vid.
901 2313 1057 2350 Pausan.

396 2373 494 2420 vul,
522 2374 571 2413 14
594 2370 630 2422 §.
650 2371 686 2410 5.
718 2371 782 2416 lx,
805 2370 854 2410 41
880 2367 916 2420 ἓ.
938 2372 956 2408 1
980 2369 1059 2406 coll.

397 2428 488 2465 Plin.
511 2429 559 2465 H.
577 2428 625 2465 N.
642 2426 796 2472 XXXV,
815 2428 866 2466 12
886 2430 971 2462 sect.
984 2426 1058 2473 43)

395 2486 566 2534 idemque
595 2483 748 2531 insignis
769 2482 827 2518 illa
853 2486 977 2519 aetate
1001 2494 1060 2518 ar-

394 2541 567 2579 chitectus
607 2540 718 2576 fuisse
761 2539 925 2585 videtur,
977 2551 1057 2574 cum

394 2602 539 2648 praeter
551 2597 732 2634 Heraeum
743 2594 916 2639 Samium,
928 2592 1058 2631 Lemni

395 2667 541 2703 quoque
585 2665 656 2689 una
702 2664 784 2688 cum
829 2650 981 2688 Smilide
1022 2656 1058 2688 et

394 2710 594 2749 Theodoro
638 2707 879 2755 labyrinthum
915 2713 1058 2744 exstru—

397 2767 490 2804 xisse
508 2767 659 2803 dicatur.
706 2763 836 2800 Noctis
858 2767 1014 2800 statuam
1037 2776 1059 2799 a

398 2824 549 2861 Rhoeco
563 2823 694 2859 saetam
715 2825 891 2857 memorat
903 2819 1057 2856 Pausan.

399 2879 447 2926 X,
463 2881 517 2921 38
537 2878 576 2931 ς.
596 2879 635 2920 3.
665 2877 770 2914 Haec
788 2875 905 2925 Sillig.
928 2876 965 2912 in
983 2876 1056 2913 Ca—

1114 795 1222 845 talog.
1240 795 1398 833 Artificc.
1432 808 1518 846 pag.
1542 795 1623 835 407
1643 793 1775 831 Thier-

1114 852 1248 890 schium
1274 853 1296 889 l.
1317 853 1337 889 l.
1359 858 1516 890 secutus.

1332 943 1363 979 C
1373 954 1394 978 a
1406 955 1441 992 p.
1471 940 1569 978 LXI.

1173 1017 1472 1069 ἐπανιστέαται]
1524 1017 1582 1054 Ad
1625 1019 1777 1054 sormam

1117 1077 1211 1113 cons.
1234 1076 1278 1124 ΙΙ,
1294 1077 1358 1115 80.
1383 1077 1474 1115 113.
1505 1074 1562 1112 De
1577 1079 1777 1122 augmento

1117 1134 1253 1170 omisso
1293 1133 1329 1169 in
1360 1132 1468 1169 verbo
1502 1129 1778 1168 καταλελοίπεε

1119 1190 1272 1226 diximus
1301 1189 1349 1225 ad
1373 1187 1406 1235 Ι,
1435 1186 1488 1227 94
1514 1188 1575 1224 fin.
1603 1207 1650 1212 ——
1673 1188 1779 1236 μελε-

1120 1242 1248 1291 δωνός
1281 1246 1344 1294 qui
1374 1245 1408 1280 h.
1440 1244 1462 1280 l.
1491 1244 1644 1289 dicitur,
1682 1243 1777 1279 idem

1118 1315 1202 1339 mox
1221 1301 1429 1351 ἐπίτροπος
1449 1300 1685 1345 vocatur-111,
1711 1301 1777 1340 63.

1118 1359 1184 1399 65.
1227 1358 1287 1395 Tu
1312 1358 1382 1394 vid.
1407 1362 1535 1394 notatt.
1559 1357 1607 1393 ad
1626 1356 1679 1402 ll,
1710 1355 1777 1394 65.

1117 1415 1158 1451 ln
1180 1427 1282 1464 seqq.
1316 1415 1363 1451 de
1383 1426 1449 1450 usu
1476 1413 1627 1463 optativi
1655 1406 1779 1460 (κρύ-

1117 1485 1252 1509 πτοιτο
1271 1491 1328 1497 -—
1346 1470 1564 1519 εἰδείησαν)
1592 1474 1702 1517 atque
1724 1469 1779 1504 in-

1119 1528 1265 1564 dicativi
1295 1521 1454 1577 (ἧσαυ)
1486 1527 1623 1563 monuit
1644 1524 1777 1562 Matth.

1118 1584 1184 1623 Gr.
1204 1584 1268 1620 Gr.
1298 1582 1334 1633 ἓ.
1363 1585 1444 1624 529
1475 1595 1560 1632 pag.
1585 1583 1702 1622 1031.
1727 1601 1774 1608 -—

1120 1638 1173 1685 ὥς
1209 1635 1337 1690 ὀλίγοι
1372 1633 1476 1689 ἦσαν
1513 1652 1593 1675 cum
1625 1641 1777 1674 recentt.

1118 1697 1203 1733 edd.
1225 1696 1364 1745 scripsi,
1387 1695 1448 1731 ubi
1466 1697 1575 1744 vulgo
1595 1697 1679 1744 post
1699 1688 1778 1732 ὀλί-

1117 1767 1180 1800 γοι
1202 1753 1374 1789 inseritur
1392 1765 1444 1789 τε.
1505 1752 1562 1787 Ad
1585 1762 1779 1798 argumen-

1118 1814 1196 1846 tum
1226 1809 1326 1858 quod
1352 1808 1503 1854 attinet,
1542 1807 1717 1844 differunt
1741 1806 1778 1842 in

1117 1865 1268 1913 singulis
1285 1865 1500 1913 quibusdam
1518 1863 1682 1909 Ctesias,
1717 1862 1779 1911 qui

1118 1922 1165 1958 de
1198 1921 1251 1957 his
1291 1920 1412 1957 retulit
1449 1920 1485 1955 in
1517 1919 1670 1957 Persice.
1703 1917 1778 1954 Ex-

1117 1982 1245 2027 cerptt.
1278 1974 1313 2026 ἓ.
1344 1979 1394 2016 10
1429 1988 1506 2024 seq.
1538 1981 1575 2012 et
1605 1974 1779 2012 Herodo-

1116 2038 1195 2078 tus;
1227 2033 1340 2069 utrius
1364 2032 1478 2068 maior
1507 2032 1554 2068 sit
1581 2032 1691 2076 fides,
1729 2031 1777 2067 ad

1117 2089 1280 2126 Ctesiam
1301 2088 1487 2137 disquisivi
1505 2100 1590 2138 pag.
1610 2089 1688 2128 126
1699 2099 1776 2136 seq.

1117 2146 1158 2182 In
1186 2146 1390 2182 universum
1422 2144 1527 2181 velim
1551 2144 1619 2181 hoc
1648 2144 1778 2189 teneri,

1117 2202 1163 2239 ab
1186 2201 1412 2239 orientalium
1435 2212 1630 2248 regnorum
1652 2199 1778 2237 condi-

1117 2259 1217 2295 tione
1238 2258 1383 2294 minime
1398 2256 1593 2294 abhorrere
1610 2268 1666 2302 ea,
1682 2268 1777 2304 quae

1118 2315 1276 2360 Ctesias,
1297 2315 1333 2350 iu
1354 2326 1461 2362 quem
1480 2313 1606 2349 iniuria
1628 2313 1776 2361 quidam

1116 2371 1247 2407 invecti
1281 2375 1386 2415 suut,
1423 2369 1618 2406 memoriae
1654 2370 1777 2418 prodi-

1116 2427 1190 2473 dit,
1225 2439 1392 2475 quueque
1410 2425 1466 2461 ille
1485 2439 1504 2461 e
1523 2425 1632 2473 regiis
1662 2437 1777 2461 anna-

1115 2482 1209 2519 libus
1240 2483 1458 2519 desumsisse
1490 2482 1671 2531 putandus
1705 2485 1775 2518 est.

1115 2540 1221 2575 Conf.
1242 2539 1439 2575 Osiander.
1459 2539 1494 2574 in
1514 2542 1776 2586 programmat.

1115 2595 1306 2641 scholast„
1354 2594 1454 2643 quod
1486 2595 1622 2643 prodiit
1656 2594 1777 2630 Stutt-

1114 2652 1233 2700 gardt.
1257 2653 1362 2692 1821
1387 2664 1421 2699 p.
1446 2653 1508 2695 12,
1530 2649 1599 2686 alia
1617 2650 1664 2686 ad
1677 2650 1776 2687 Ctes.

1117 2708 1137 2743 l.
1155 2707 1177 2743 Ι.
1199 2708 1321 2744 citata.
1353 2707 1508 2743 Videtur
1530 2713 1670 2751 autem,
1696 2718 1776 2743 mo-

1116 2769 1227 2800 nente
1259 2764 1414 2799 Heereu.
1449 2763 1559 2800 ldeen
1589 2763 1615 2810 Ι,
1646 2766 1665 2803 1
1691 2775 1777 2812 pag.

1115 2820 1221 2865 412,
1264 2820 1457 2868 Magorum
1499 2819 1699 2856 coniuratio
1738 2818 1777 2855 id

1115 2877 1279 2927 proxime
1325 2882 1533 2926 spectasse,
1592 2881 1631 2913 ut
1670 2880 1776 2913 vetus
