<?xml version="1.0" encoding="UTF-8"?>
<!DOCTYPE html PUBLIC "-//W3C//DTD XHTML 1.0 Transitional//EN"
    "http://www.w3.org/TR/xhtml1/DTD/xhtml1-transitional.dtd">
<html xmlns="http://www.w3.org/1999/xhtml" xml:lang="en" lang="en">
 <head>
  <title>
</title>
<meta http-equiv="Content-Type" content="text/html;charset=utf-8" />
  <meta name='ocr-system' content='tesseract 3.04.00' />
  <meta name='ocr-capabilities' content='ocr_page ocr_carea ocr_par ocr_line ocrx_word'/>
</head>
<body>
  <div class='ocr_page' id='page_1' title='image "./musaeher02hero_0218.png"; bbox 0 0 1863 3256; ppageno 0'>
   <div class='ocr_carea' id='block_1_1' title="bbox 438 194 524 234">
    <p class='ocr_par' dir='ltr' id='par_1_1' title="bbox 438 194 524 234">
     <span class='ocr_line' id='line_1_1' title="bbox 438 194 524 234; baseline 0 0"><span class='ocrx_word' id='word_1_1' title='bbox 438 194 524 234; x_wconf 81' lang='lat'>2⁰6</span> 
     </span>
    </p>
   </div>
   <div class='ocr_carea' id='block_1_2' title="bbox 841 195 1308 236">
    <p class='ocr_par' dir='ltr' id='par_1_2' title="bbox 841 195 1308 236">
     <span class='ocr_line' id='line_1_2' title="bbox 841 195 1308 236; baseline 0 -2"><span class='ocrx_word' id='word_1_2' title='bbox 841 195 1308 236; x_wconf 85' lang='lat' dir='ltr'><strong>HERODOTI</strong></span> 
     </span>
    </p>
   </div>
   <div class='ocr_carea' id='block_1_3' title="bbox 106 301 1712 362">
    <p class='ocr_par' dir='ltr' id='par_1_3' title="bbox 106 301 1712 362">
     <span class='ocr_line' id='line_1_3' title="bbox 106 301 1712 362; baseline 0.001 -14"><span class='ocrx_word' id='word_1_3' title='bbox 106 314 381 354; x_wconf 58' lang='lat' dir='ltr'>dungeneralon-</span> <span class='ocrx_word' id='word_1_4' title='bbox 439 301 538 358; x_wconf 83' lang='grc' dir='ltr'><em>πέρι</em></span> <span class='ocrx_word' id='word_1_5' title='bbox 575 303 787 360; x_wconf 78' lang='grc' dir='ltr'><em>εἰρήσθω·</em></span> <span class='ocrx_word' id='word_1_6' title='bbox 840 302 988 358; x_wconf 78' lang='grc' dir='ltr'>ἀπόζει</span> <span class='ocrx_word' id='word_1_7' title='bbox 1028 305 1074 348; x_wconf 81' lang='grc' dir='ltr'>δὲ</span> <span class='ocrx_word' id='word_1_8' title='bbox 1114 308 1189 360; x_wconf 87' lang='grc' dir='ltr'>τῆς</span> <span class='ocrx_word' id='word_1_9' title='bbox 1223 304 1366 361; x_wconf 81' lang='grc' dir='ltr'><strong><em>χώρης</em></strong></span> <span class='ocrx_word' id='word_1_10' title='bbox 1408 308 1483 361; x_wconf 82' lang='grc' dir='ltr'>τῆς</span> <span class='ocrx_word' id='word_1_11' title='bbox 1511 303 1712 362; x_wconf 79' lang='grc' dir='ltr'><strong><em>Ἀραβίης</em></strong></span> 
     </span>
    </p>
   </div>
   <div class='ocr_carea' id='block_1_4' title="bbox 105 347 382 383">
    <p class='ocr_par' dir='ltr' id='par_1_4' title="bbox 105 347 382 383">
     <span class='ocr_line' id='line_1_4' title="bbox 105 347 382 383; baseline 0 -8"><span class='ocrx_word' id='word_1_12' title='bbox 105 349 237 383; x_wconf 75' lang='lat' dir='ltr'>gismmm</span> <span class='ocrx_word' id='word_1_13' title='bbox 266 347 382 375; x_wconf 79' lang='lat' dir='ltr'>caudis.</span> 
     </span>
    </p>
   </div>
   <div class='ocr_carea' id='block_1_5' title="bbox 440 373 908 432">
    <p class='ocr_par' dir='ltr' id='par_1_5' title="bbox 440 373 908 432">
     <span class='ocr_line' id='line_1_5' title="bbox 440 373 908 432; baseline -0.002 -14"><span class='ocrx_word' id='word_1_14' title='bbox 440 377 674 419; x_wconf 78' lang='grc' dir='ltr'><em>θεσπέσιον</em></span> <span class='ocrx_word' id='word_1_15' title='bbox 716 373 772 426; x_wconf 79' lang='grc' dir='ltr'>ὥς</span> <span class='ocrx_word' id='word_1_16' title='bbox 809 374 908 432; x_wconf 84' lang='grc' dir='ltr'><em>ἡδύ.</em></span> 
     </span>
    </p>
   </div>
   <div class='ocr_carea' id='block_1_6' title="bbox 973 374 1713 432">
    <p class='ocr_par' dir='ltr' id='par_1_6' title="bbox 973 374 1713 432">
     <span class='ocr_line' id='line_1_6' title="bbox 973 374 1713 432; baseline 0.004 -14"><span class='ocrx_word' id='word_1_17' title='bbox 973 375 1071 419; x_wconf 83' lang='grc' dir='ltr'>Δύο</span> <span class='ocrx_word' id='word_1_18' title='bbox 1112 376 1158 419; x_wconf 80' lang='grc' dir='ltr'>δὲ</span> <span class='ocrx_word' id='word_1_19' title='bbox 1197 377 1324 431; x_wconf 76' lang='grc' dir='ltr'><em>γένεα</em></span> <span class='ocrx_word' id='word_1_20' title='bbox 1362 374 1468 419; x_wconf 83' lang='grc' dir='ltr'><em>ὀΐων</em></span> <span class='ocrx_word' id='word_1_21' title='bbox 1508 379 1588 432; x_wconf 85' lang='grc' dir='ltr'>σφί</span> <span class='ocrx_word' id='word_1_22' title='bbox 1623 378 1713 421; x_wconf 82' lang='grc' dir='ltr'><em>ἐστι</em></span> 
     </span>
    </p>
   </div>
   <div class='ocr_carea' id='block_1_7' title="bbox 411 443 1770 788">
    <p class='ocr_par' dir='ltr' id='par_1_7' title="bbox 411 443 1715 716">
     <span class='ocr_line' id='line_1_7' title="bbox 411 443 1713 504; baseline 0.004 -17"><span class='ocrx_word' id='word_1_23' title='bbox 411 443 681 501; x_wconf 69' lang='grc' dir='ltr'><em>Ξθωύματος</em></span> <span class='ocrx_word' id='word_1_24' title='bbox 711 445 832 497; x_wconf 78' lang='grc' dir='ltr'><em>ἄξια,</em></span> <span class='ocrx_word' id='word_1_25' title='bbox 863 446 915 489; x_wconf 83' lang='grc' dir='ltr'>τὰ</span> <span class='ocrx_word' id='word_1_26' title='bbox 944 444 1169 501; x_wconf 82' lang='grc' dir='ltr'><em>οὐδαμόθι</em></span> <span class='ocrx_word' id='word_1_27' title='bbox 1198 446 1377 501; x_wconf 79' lang='grc' dir='ltr'><em>ἑτέρωθί</em></span> <span class='ocrx_word' id='word_1_28' title='bbox 1406 447 1506 491; x_wconf 80' lang='grc' dir='ltr'><em>ἐστι.</em></span> <span class='ocrx_word' id='word_1_29' title='bbox 1562 448 1611 492; x_wconf 85' lang='grc' dir='ltr'>τὸ</span> <span class='ocrx_word' id='word_1_30' title='bbox 1633 450 1713 504; x_wconf 80' lang='grc' dir='ltr'>μὲν</span> 
     </span>
     <span class='ocr_line' id='line_1_8' title="bbox 442 515 1715 575; baseline 0.002 -15"><span class='ocrx_word' id='word_1_31' title='bbox 442 515 610 561; x_wconf 81' lang='grc' dir='ltr'>αὐτέων</span> <span class='ocrx_word' id='word_1_32' title='bbox 629 517 778 571; x_wconf 79' lang='grc' dir='ltr'><em>ἕτερον</em></span> <span class='ocrx_word' id='word_1_33' title='bbox 809 517 890 572; x_wconf 76' lang='grc' dir='ltr'><em>ἔχει</em></span> <span class='ocrx_word' id='word_1_34' title='bbox 915 516 993 568; x_wconf 77' lang='grc' dir='ltr'><em>τοὶς</em></span> <span class='ocrx_word' id='word_1_35' title='bbox 1010 515 1148 571; x_wconf 77' lang='grc' dir='ltr'><em>οὐρὰς</em></span> <span class='ocrx_word' id='word_1_36' title='bbox 1165 516 1356 571; x_wconf 81' lang='grc' dir='ltr'><em>μακρὰς,</em></span> <span class='ocrx_word' id='word_1_37' title='bbox 1386 522 1520 572; x_wconf 80' lang='grc' dir='ltr'><em>τριῶν</em></span> <span class='ocrx_word' id='word_1_38' title='bbox 1542 519 1715 575; x_wconf 83' lang='grc' dir='ltr'><em>πηχέων</em></span> 
     </span>
     <span class='ocr_line' id='line_1_9' title="bbox 441 585 1715 643; baseline 0.003 -13"><span class='ocrx_word' id='word_1_39' title='bbox 441 585 525 631; x_wconf 80' lang='grc' dir='ltr'>οὐκ</span> <span class='ocrx_word' id='word_1_40' title='bbox 544 586 798 638; x_wconf 77' lang='grc' dir='ltr'><em>ἐλάσσονας·</em></span> <span class='ocrx_word' id='word_1_41' title='bbox 831 587 907 638; x_wconf 76' lang='grc' dir='ltr'>τὰς</span> <span class='ocrx_word' id='word_1_42' title='bbox 937 589 977 631; x_wconf 80' lang='grc' dir='ltr'>εἴ</span> <span class='ocrx_word' id='word_1_43' title='bbox 1002 605 1066 639; x_wconf 89' lang='grc' dir='ltr'><em>τις</em></span> <span class='ocrx_word' id='word_1_44' title='bbox 1091 588 1210 643; x_wconf 84' lang='grc' dir='ltr'><em>ἐπείη</em></span> <span class='ocrx_word' id='word_1_45' title='bbox 1240 601 1321 643; x_wconf 85' lang='grc' dir='ltr'>σφι</span> <span class='ocrx_word' id='word_1_46' title='bbox 1350 589 1561 639; x_wconf 76' lang='grc' dir='ltr'><strong><em>ἐπέλκειν,</em></strong></span> <span class='ocrx_word' id='word_1_47' title='bbox 1591 590 1715 634; x_wconf 77' lang='grc' dir='ltr'><em>ἕλκεα</em></span> 
     </span>
     <span class='ocr_line' id='line_1_10' title="bbox 440 656 1711 716; baseline 0.001 -14"><span class='ocrx_word' id='word_1_48' title='bbox 440 659 498 702; x_wconf 72' lang='grc' dir='ltr'>ἂν</span> <span class='ocrx_word' id='word_1_49' title='bbox 528 659 689 714; x_wconf 77' lang='grc' dir='ltr'><em>ἔχοιεν,</em></span> <span class='ocrx_word' id='word_1_50' title='bbox 720 656 1102 715; x_wconf 73' lang='grc' dir='ltr'><em>ἀνατριβομενέων</em></span> <span class='ocrx_word' id='word_1_51' title='bbox 1130 658 1240 714; x_wconf 82' lang='grc' dir='ltr'><em>πρός</em></span> <span class='ocrx_word' id='word_1_52' title='bbox 1268 663 1322 715; x_wconf 88' lang='grc' dir='ltr'>τῇ</span> <span class='ocrx_word' id='word_1_53' title='bbox 1341 664 1398 716; x_wconf 77' lang='grc' dir='ltr'>γῇ</span> <span class='ocrx_word' id='word_1_54' title='bbox 1415 664 1502 703; x_wconf 78' lang='grc' dir='ltr'>τῶν</span> <span class='ocrx_word' id='word_1_55' title='bbox 1532 661 1711 716; x_wconf 82' lang='grc' dir='ltr'><em>οὐρέων.</em></span> 
     </span>
    </p>

    <p class='ocr_par' dir='ltr' id='par_1_8' title="bbox 414 729 1770 788">
     <span class='ocr_line' id='line_1_11' title="bbox 414 729 1770 788; baseline 0.002 -17"><span class='ocrx_word' id='word_1_56' title='bbox 414 734 532 772; x_wconf 84' lang='grc' dir='ltr'><em>3νῦν</em></span> <span class='ocrx_word' id='word_1_57' title='bbox 563 729 605 772; x_wconf 89' lang='grc' dir='ltr'>δ’</span> <span class='ocrx_word' id='word_1_58' title='bbox 638 730 750 781; x_wconf 81' lang='grc' dir='ltr'><em>ἅπας</em></span> <span class='ocrx_word' id='word_1_59' title='bbox 784 747 849 781; x_wconf 88' lang='grc' dir='ltr'><em>τις</em></span> <span class='ocrx_word' id='word_1_60' title='bbox 887 734 977 774; x_wconf 79' lang='grc' dir='ltr'>τῶν</span> <span class='ocrx_word' id='word_1_61' title='bbox 1015 731 1236 786; x_wconf 77' lang='grc' dir='ltr'><em>ποιμένων</em></span> <span class='ocrx_word' id='word_1_62' title='bbox 1277 732 1499 775; x_wconf 81' lang='grc' dir='ltr'><em>ἐπίσταται</em></span> <span class='ocrx_word' id='word_1_63' title='bbox 1540 734 1770 788; x_wconf 77' lang='grc' dir='ltr'><em>ξυλουρ-Βι</em></span> 
     </span>
    </p>
   </div>
   <div class='ocr_carea' id='block_1_8' title="bbox 441 799 885 855">
    <p class='ocr_par' dir='ltr' id='par_1_9' title="bbox 441 799 885 855">
     <span class='ocr_line' id='line_1_12' title="bbox 441 799 885 855; baseline 0.007 -13"><span class='ocrx_word' id='word_1_64' title='bbox 441 800 556 855; x_wconf 74' lang='grc' dir='ltr'><em>γέειν</em></span> <span class='ocrx_word' id='word_1_65' title='bbox 595 799 639 852; x_wconf 84' lang='grc' dir='ltr'>ές</span> <span class='ocrx_word' id='word_1_66' title='bbox 675 805 885 845; x_wconf 89' lang='grc' dir='ltr'><em>τοσοῦτο·</em></span> 
     </span>
    </p>
   </div>
   <div class='ocr_carea' id='block_1_9' title="bbox 947 800 1716 857">
    <p class='ocr_par' dir='ltr' id='par_1_10' title="bbox 947 800 1716 857">
     <span class='ocr_line' id='line_1_13' title="bbox 947 800 1716 857; baseline 0.003 -13"><span class='ocrx_word' id='word_1_67' title='bbox 947 800 1160 856; x_wconf 79' lang='grc' dir='ltr'><em>ἁμαξίδας</em></span> <span class='ocrx_word' id='word_1_68' title='bbox 1196 801 1281 857; x_wconf 80' lang='grc' dir='ltr'>γὰρ</span> <span class='ocrx_word' id='word_1_69' title='bbox 1321 807 1566 854; x_wconf 83' lang='grc' dir='ltr'><em>ποιεῦντες,</em></span> <span class='ocrx_word' id='word_1_70' title='bbox 1606 803 1716 846; x_wconf 79' lang='grc' dir='ltr'><em>ὑπο-</em></span> 
     </span>
    </p>
   </div>
   <div class='ocr_carea' id='block_1_10' title="bbox 444 870 1717 932">
    <p class='ocr_par' dir='ltr' id='par_1_11' title="bbox 444 870 1717 932">
     <span class='ocr_line' id='line_1_14' title="bbox 444 870 1717 932; baseline 0.005 -19"><span class='ocrx_word' id='word_1_71' title='bbox 444 870 593 914; x_wconf 84' lang='grc' dir='ltr'><em>δέουσι</em></span> <span class='ocrx_word' id='word_1_72' title='bbox 635 870 767 923; x_wconf 84' lang='grc' dir='ltr'><em>αὐτάς</em></span> <span class='ocrx_word' id='word_1_73' title='bbox 804 876 903 929; x_wconf 86' lang='grc' dir='ltr'><em>τῇσι</em></span> <span class='ocrx_word' id='word_1_74' title='bbox 941 870 1128 929; x_wconf 80' lang='grc' dir='ltr'><em>οὐρῇσι,</em></span> <span class='ocrx_word' id='word_1_75' title='bbox 1172 871 1272 925; x_wconf 83' lang='grc' dir='ltr'>ένὸς</span> <span class='ocrx_word' id='word_1_76' title='bbox 1311 873 1498 918; x_wconf 77' lang='grc' dir='ltr'><em>ἑκάστου</em></span> <span class='ocrx_word' id='word_1_77' title='bbox 1539 875 1717 932; x_wconf 76' lang='grc' dir='ltr'><em>κτήνεος</em></span> 
     </span>
    </p>
   </div>
   <div class='ocr_carea' id='block_1_11' title="bbox 385 1021 1054 2881">
    <p class='ocr_par' dir='ltr' id='par_1_12' title="bbox 581 1021 856 1074">
     <span class='ocr_line' id='line_1_15' title="bbox 581 1021 856 1074; baseline -0.011 -13"><span class='ocrx_word' id='word_1_78' title='bbox 581 1023 694 1074; x_wconf 88' lang='lat' dir='ltr'>Cap.</span> <span class='ocrx_word' id='word_1_79' title='bbox 725 1021 856 1059; x_wconf 83' lang='lat' dir='ltr'><strong>CXIII.</strong></span> 
     </span>
    </p>

    <p class='ocr_par' dir='ltr' id='par_1_13' title="bbox 385 1075 1054 1468">
     <span class='ocr_line' id='line_1_16' title="bbox 443 1075 1054 1131; baseline 0.002 -13"><span class='ocrx_word' id='word_1_80' title='bbox 443 1075 579 1126; x_wconf 80' lang='grc' dir='ltr'><em>οἷπὸζει</em></span> <span class='ocrx_word' id='word_1_81' title='bbox 604 1078 645 1119; x_wconf 81' lang='grc' dir='ltr'>δὲ</span> <span class='ocrx_word' id='word_1_82' title='bbox 665 1081 737 1128; x_wconf 86' lang='grc' dir='ltr'>τῆς</span> <span class='ocrx_word' id='word_1_83' title='bbox 755 1075 887 1131; x_wconf 78' lang='grc' dir='ltr'><em>χώρης</em></span> <span class='ocrx_word' id='word_1_84' title='bbox 905 1100 963 1106; x_wconf 91' lang='lat'><em>-</em></span> <span class='ocrx_word' id='word_1_85' title='bbox 989 1076 1054 1126; x_wconf 70' lang='grc' dir='ltr'>οἷς</span> 
     </span>
     <span class='ocr_line' id='line_1_17' title="bbox 386 1133 1053 1187; baseline -0.003 -11"><span class='ocrx_word' id='word_1_86' title='bbox 386 1134 496 1187; x_wconf 73' lang='grc' dir='ltr'>ἡδύ]</span> <span class='ocrx_word' id='word_1_87' title='bbox 527 1137 585 1174; x_wconf 89' lang='lat' dir='ltr'>De</span> <span class='ocrx_word' id='word_1_88' title='bbox 616 1136 781 1186; x_wconf 86' lang='lat' dir='ltr'>genitivo</span> <span class='ocrx_word' id='word_1_89' title='bbox 817 1138 888 1186; x_wconf 82' lang='grc' dir='ltr'>τῆς</span> <span class='ocrx_word' id='word_1_90' title='bbox 922 1133 1053 1187; x_wconf 68' lang='grc' dir='ltr'><em>χώρης</em></span> 
     </span>
     <span class='ocr_line' id='line_1_18' title="bbox 386 1191 1053 1243; baseline 0.001 -13"><span class='ocrx_word' id='word_1_91' title='bbox 386 1193 460 1230; x_wconf 73' lang='lat' dir='ltr'>wid.</span> <span class='ocrx_word' id='word_1_92' title='bbox 481 1192 612 1230; x_wconf 79' lang='lat' dir='ltr'>Matth.</span> <span class='ocrx_word' id='word_1_93' title='bbox 633 1194 700 1230; x_wconf 90' lang='lat' dir='ltr'>Gr.</span> <span class='ocrx_word' id='word_1_94' title='bbox 723 1193 787 1229; x_wconf 92' lang='lat' dir='ltr'>Gr.</span> <span class='ocrx_word' id='word_1_95' title='bbox 813 1191 849 1243; x_wconf 56' lang='grc' dir='ltr'>ᾗ.</span> <span class='ocrx_word' id='word_1_96' title='bbox 871 1195 923 1232; x_wconf 82' lang='grc'>37</span> <span class='ocrx_word' id='word_1_97' title='bbox 964 1207 974 1237; x_wconf 78' lang='lat'>3</span> <span class='ocrx_word' id='word_1_98' title='bbox 1006 1194 1053 1231; x_wconf 77' lang='lat' dir='ltr'>(Ie</span> 
     </span>
     <span class='ocr_line' id='line_1_19' title="bbox 386 1248 1051 1301; baseline 0 -15"><span class='ocrx_word' id='word_1_99' title='bbox 386 1249 563 1301; x_wconf 81' lang='lat' dir='ltr'>particula</span> <span class='ocrx_word' id='word_1_100' title='bbox 597 1248 650 1296; x_wconf 76' lang='grc' dir='ltr'>ὦς</span> <span class='ocrx_word' id='word_1_101' title='bbox 683 1250 771 1286; x_wconf 84' lang='lat' dir='ltr'>ibid.</span> <span class='ocrx_word' id='word_1_102' title='bbox 811 1262 898 1300; x_wconf 82' lang='lat' dir='ltr'>pag.</span> <span class='ocrx_word' id='word_1_103' title='bbox 932 1252 1051 1290; x_wconf 77' lang='lat'><strong>1283.</strong></span> 
     </span>
     <span class='ocr_line' id='line_1_20' title="bbox 385 1305 1054 1344; baseline -0.001 0"><span class='ocrx_word' id='word_1_104' title='bbox 385 1306 446 1344; x_wconf 88' lang='lat' dir='ltr'>Ad</span> <span class='ocrx_word' id='word_1_105' title='bbox 480 1319 558 1344; x_wconf 91' lang='lat' dir='ltr'>rem</span> <span class='ocrx_word' id='word_1_106' title='bbox 589 1307 685 1344; x_wconf 91' lang='lat' dir='ltr'>conf.</span> <span class='ocrx_word' id='word_1_107' title='bbox 716 1305 869 1343; x_wconf 90' lang='lat' dir='ltr'>Lucian.</span> <span class='ocrx_word' id='word_1_108' title='bbox 901 1307 948 1343; x_wconf 89' lang='lat' dir='ltr'>de</span> <span class='ocrx_word' id='word_1_109' title='bbox 982 1307 1054 1344; x_wconf 88' lang='lat' dir='ltr'>dea</span> 
     </span>
     <span class='ocr_line' id='line_1_21' title="bbox 387 1363 1054 1413; baseline -0.001 -14"><span class='ocrx_word' id='word_1_110' title='bbox 387 1364 470 1413; x_wconf 74' lang='lat' dir='ltr'>Syr.</span> <span class='ocrx_word' id='word_1_111' title='bbox 489 1365 555 1404; x_wconf 88' lang='grc'>30.</span> <span class='ocrx_word' id='word_1_112' title='bbox 578 1363 661 1400; x_wconf 86' lang='lat' dir='ltr'>Ver.</span> <span class='ocrx_word' id='word_1_113' title='bbox 682 1363 820 1399; x_wconf 88' lang='lat' dir='ltr'>Histor.</span> <span class='ocrx_word' id='word_1_114' title='bbox 836 1363 883 1410; x_wconf 94' lang='lat' dir='ltr'>lI,</span> <span class='ocrx_word' id='word_1_115' title='bbox 905 1363 940 1404; x_wconf 88' lang='grc'>5.</span> <span class='ocrx_word' id='word_1_116' title='bbox 963 1363 1054 1400; x_wconf 83' lang='lat' dir='ltr'>Dio·</span> 
     </span>
     <span class='ocr_line' id='line_1_22' title="bbox 387 1419 1051 1468; baseline -0.003 -11"><span class='ocrx_word' id='word_1_117' title='bbox 387 1420 467 1457; x_wconf 90' lang='lat' dir='ltr'>dor.</span> <span class='ocrx_word' id='word_1_118' title='bbox 488 1419 597 1456; x_wconf 88' lang='lat' dir='ltr'>Sicul.</span> <span class='ocrx_word' id='word_1_119' title='bbox 618 1420 682 1467; x_wconf 87' lang='lat' dir='ltr'>III,</span> <span class='ocrx_word' id='word_1_120' title='bbox 702 1419 754 1459; x_wconf 83' lang='lat'>46</span> <span class='ocrx_word' id='word_1_121' title='bbox 777 1420 863 1468; x_wconf 88' lang='lat' dir='ltr'>ibiq.</span> <span class='ocrx_word' id='word_1_122' title='bbox 893 1419 1051 1458; x_wconf 68' lang='lat' dir='ltr'>wessel.</span> 
     </span>
    </p>

    <p class='ocr_par' dir='ltr' id='par_1_14' title="bbox 386 1470 1054 2881">
     <span class='ocr_line' id='line_1_23' title="bbox 445 1470 1051 1527; baseline 0.002 -14"><span class='ocrx_word' id='word_1_123' title='bbox 445 1470 532 1515; x_wconf 80' lang='grc' dir='ltr'>Δύο</span> <span class='ocrx_word' id='word_1_124' title='bbox 554 1473 596 1514; x_wconf 80' lang='grc' dir='ltr'>δὲ</span> <span class='ocrx_word' id='word_1_125' title='bbox 614 1474 729 1527; x_wconf 82' lang='grc' dir='ltr'><em>γένεα</em></span> <span class='ocrx_word' id='word_1_126' title='bbox 758 1471 856 1514; x_wconf 75' lang='grc' dir='ltr'><em>ὀΐων</em></span> <span class='ocrx_word' id='word_1_127' title='bbox 878 1477 951 1524; x_wconf 76' lang='grc' dir='ltr'>σφί</span> <span class='ocrx_word' id='word_1_128' title='bbox 971 1475 1051 1514; x_wconf 78' lang='grc' dir='ltr'><em>ἐστι</em></span> 
     </span>
     <span class='ocr_line' id='line_1_24' title="bbox 387 1531 1051 1582; baseline -0.005 -11"><span class='ocrx_word' id='word_1_129' title='bbox 387 1547 423 1571; x_wconf 87' lang='grc' dir='ltr'>κ.</span> <span class='ocrx_word' id='word_1_130' title='bbox 442 1547 473 1570; x_wconf 90' lang='grc' dir='ltr'>τ.</span> <span class='ocrx_word' id='word_1_131' title='bbox 490 1531 549 1582; x_wconf 83' lang='grc' dir='ltr'>λ.]</span> <span class='ocrx_word' id='word_1_132' title='bbox 581 1533 689 1569; x_wconf 88' lang='lat' dir='ltr'>Conf.</span> <span class='ocrx_word' id='word_1_133' title='bbox 709 1531 848 1569; x_wconf 85' lang='lat' dir='ltr'>Aelian.</span> <span class='ocrx_word' id='word_1_134' title='bbox 871 1532 919 1570; x_wconf 90' lang='lat' dir='ltr'>N.</span> <span class='ocrx_word' id='word_1_135' title='bbox 938 1532 980 1570; x_wconf 83' lang='lat' dir='ltr'>A.</span> <span class='ocrx_word' id='word_1_136' title='bbox 1003 1534 1051 1579; x_wconf 82' lang='lat' dir='ltr'>X,</span> 
     </span>
     <span class='ocr_line' id='line_1_25' title="bbox 389 1588 1051 1637; baseline -0.003 -9"><span class='ocrx_word' id='word_1_137' title='bbox 389 1588 427 1629; x_wconf 85' lang='grc'>4.</span> <span class='ocrx_word' id='word_1_138' title='bbox 477 1589 659 1626; x_wconf 87' lang='lat' dir='ltr'>Herodoti</span> <span class='ocrx_word' id='word_1_139' title='bbox 695 1588 793 1627; x_wconf 87' lang='lat' dir='ltr'>locus</span> <span class='ocrx_word' id='word_1_140' title='bbox 836 1602 911 1626; x_wconf 91' lang='lat' dir='ltr'>non</span> <span class='ocrx_word' id='word_1_141' title='bbox 956 1590 1051 1637; x_wconf 85' lang='lat' dir='ltr'>sugit</span> 
     </span>
     <span class='ocr_line' id='line_1_26' title="bbox 388 1645 1050 1696; baseline 0.005 -13"><span class='ocrx_word' id='word_1_142' title='bbox 388 1645 551 1683; x_wconf 86' lang='lat' dir='ltr'>Heeren.</span> <span class='ocrx_word' id='word_1_143' title='bbox 577 1645 689 1683; x_wconf 87' lang='lat' dir='ltr'>Ideen</span> <span class='ocrx_word' id='word_1_144' title='bbox 718 1645 753 1692; x_wconf 93' lang='lat' dir='ltr'>I,</span> <span class='ocrx_word' id='word_1_145' title='bbox 791 1647 816 1684; x_wconf 81' lang='lat'>2</span> <span class='ocrx_word' id='word_1_146' title='bbox 852 1659 936 1696; x_wconf 82' lang='lat' dir='ltr'>pag.</span> <span class='ocrx_word' id='word_1_147' title='bbox 971 1647 1050 1686; x_wconf 81' lang='lat'>123</span> 
     </span>
     <span class='ocr_line' id='line_1_27' title="bbox 388 1701 1053 1752; baseline -0.002 -14"><span class='ocrx_word' id='word_1_148' title='bbox 388 1714 488 1751; x_wconf 90' lang='lat' dir='ltr'>seq.,</span> <span class='ocrx_word' id='word_1_149' title='bbox 519 1701 580 1739; x_wconf 90' lang='lat' dir='ltr'>ubi</span> <span class='ocrx_word' id='word_1_150' title='bbox 607 1706 756 1752; x_wconf 85' lang='lat' dir='ltr'>praeter</span> <span class='ocrx_word' id='word_1_151' title='bbox 779 1701 866 1739; x_wconf 86' lang='lat' dir='ltr'>alias</span> <span class='ocrx_word' id='word_1_152' title='bbox 892 1701 1053 1740; x_wconf 85' lang='lat' dir='ltr'>Phoeni-</span> 
     </span>
     <span class='ocr_line' id='line_1_28' title="bbox 387 1757 1052 1808; baseline -0.002 -13"><span class='ocrx_word' id='word_1_153' title='bbox 387 1770 469 1795; x_wconf 91' lang='lat' dir='ltr'>cum</span> <span class='ocrx_word' id='word_1_154' title='bbox 487 1770 624 1795; x_wconf 86' lang='lat' dir='ltr'><strong>merces</strong></span> <span class='ocrx_word' id='word_1_155' title='bbox 643 1757 764 1795; x_wconf 80' lang='lat' dir='ltr'>lanam</span> <span class='ocrx_word' id='word_1_156' title='bbox 790 1771 936 1808; x_wconf 90' lang='lat' dir='ltr'>quoque</span> <span class='ocrx_word' id='word_1_157' title='bbox 957 1758 1052 1795; x_wconf 83' lang='lat' dir='ltr'>indi-</span> 
     </span>
     <span class='ocr_line' id='line_1_29' title="bbox 387 1814 1051 1863; baseline -0.002 -11"><span class='ocrx_word' id='word_1_158' title='bbox 387 1818 474 1860; x_wconf 76' lang='lat' dir='ltr'>cat,-</span> <span class='ocrx_word' id='word_1_159' title='bbox 498 1827 609 1863; x_wconf 86' lang='lat' dir='ltr'>quam</span> <span class='ocrx_word' id='word_1_160' title='bbox 631 1827 675 1852; x_wconf 80' lang='lat' dir='ltr'>ex</span> <span class='ocrx_word' id='word_1_161' title='bbox 705 1814 861 1863; x_wconf 87' lang='lat' dir='ltr'>Arabia,</span> <span class='ocrx_word' id='word_1_162' title='bbox 891 1816 927 1852; x_wconf 92' lang='lat' dir='ltr'>in</span> <span class='ocrx_word' id='word_1_163' title='bbox 952 1815 1051 1852; x_wconf 84' lang='lat' dir='ltr'>cuius</span> 
     </span>
     <span class='ocr_line' id='line_1_30' title="bbox 387 1871 1051 1921; baseline 0 -14"><span class='ocrx_word' id='word_1_164' title='bbox 387 1872 542 1908; x_wconf 77' lang='lat' dir='ltr'>desertis</span> <span class='ocrx_word' id='word_1_165' title='bbox 581 1871 720 1908; x_wconf 86' lang='lat' dir='ltr'>multae</span> <span class='ocrx_word' id='word_1_166' title='bbox 762 1872 882 1908; x_wconf 81' lang='lat' dir='ltr'>ovium</span> <span class='ocrx_word' id='word_1_167' title='bbox 919 1884 1051 1921; x_wconf 82' lang='lat' dir='ltr'>greges</span> 
     </span>
     <span class='ocr_line' id='line_1_31' title="bbox 388 1927 1054 1978; baseline -0.003 -13"><span class='ocrx_word' id='word_1_168' title='bbox 388 1928 540 1965; x_wconf 83' lang='lat' dir='ltr'>eximiae</span> <span class='ocrx_word' id='word_1_169' title='bbox 561 1927 666 1965; x_wconf 89' lang='lat' dir='ltr'>lanae</span> <span class='ocrx_word' id='word_1_170' title='bbox 694 1928 878 1977; x_wconf 85' lang='lat' dir='ltr'>hodieque</span> <span class='ocrx_word' id='word_1_171' title='bbox 898 1941 1054 1978; x_wconf 89' lang='lat' dir='ltr'>pascun-</span> 
     </span>
     <span class='ocr_line' id='line_1_32' title="bbox 387 1983 1054 2031; baseline 0 -11"><span class='ocrx_word' id='word_1_172' title='bbox 387 1988 464 2031; x_wconf 88' lang='lat' dir='ltr'>tur,</span> <span class='ocrx_word' id='word_1_173' title='bbox 494 1984 543 2020; x_wconf 90' lang='lat' dir='ltr'>illi</span> <span class='ocrx_word' id='word_1_174' title='bbox 573 1983 801 2022; x_wconf 78' lang='lat' dir='ltr'>abstulerint.</span> <span class='ocrx_word' id='word_1_175' title='bbox 860 1984 980 2028; x_wconf 85' lang='lat' dir='ltr'>Quam</span> <span class='ocrx_word' id='word_1_176' title='bbox 1001 1983 1054 2020; x_wconf 83' lang='lat' dir='ltr'>la-</span> 
     </span>
     <span class='ocr_line' id='line_1_33' title="bbox 387 2040 1053 2091; baseline -0.003 -13"><span class='ocrx_word' id='word_1_177' title='bbox 387 2052 473 2078; x_wconf 89' lang='lat' dir='ltr'>nam</span> <span class='ocrx_word' id='word_1_178' title='bbox 505 2040 665 2077; x_wconf 91' lang='lat' dir='ltr'>omnium</span> <span class='ocrx_word' id='word_1_179' title='bbox 689 2040 863 2091; x_wconf 79' lang='lat' dir='ltr'>optimam</span> <span class='ocrx_word' id='word_1_180' title='bbox 899 2053 941 2078; x_wconf 87' lang='lat' dir='ltr'>ac</span> <span class='ocrx_word' id='word_1_181' title='bbox 967 2041 1053 2076; x_wconf 88' lang='lat' dir='ltr'>sub-</span> 
     </span>
     <span class='ocr_line' id='line_1_34' title="bbox 386 2096 1050 2134; baseline -0.002 0"><span class='ocrx_word' id='word_1_182' title='bbox 386 2096 589 2134; x_wconf 84' lang='lat' dir='ltr'>tilissimam</span> <span class='ocrx_word' id='word_1_183' title='bbox 613 2109 694 2134; x_wconf 89' lang='lat' dir='ltr'>esse</span> <span class='ocrx_word' id='word_1_184' title='bbox 714 2102 792 2133; x_wconf 89' lang='lat' dir='ltr'>turn</span> <span class='ocrx_word' id='word_1_185' title='bbox 815 2097 862 2134; x_wconf 89' lang='lat' dir='ltr'>ob</span> <span class='ocrx_word' id='word_1_186' title='bbox 880 2096 970 2134; x_wconf 86' lang='lat' dir='ltr'>coeli</span> <span class='ocrx_word' id='word_1_187' title='bbox 987 2098 1050 2133; x_wconf 80' lang='lat' dir='ltr'>a&#39;c-</span> 
     </span>
     <span class='ocr_line' id='line_1_35' title="bbox 388 2153 1051 2203; baseline 0 -14"><span class='ocrx_word' id='word_1_188' title='bbox 388 2154 483 2191; x_wconf 82' lang='lat' dir='ltr'>risve</span> <span class='ocrx_word' id='word_1_189' title='bbox 515 2153 729 2203; x_wconf 82' lang='lat' dir='ltr'>temperiem</span> <span class='ocrx_word' id='word_1_190' title='bbox 764 2158 802 2190; x_wconf 89' lang='lat' dir='ltr'>et</span> <span class='ocrx_word' id='word_1_191' title='bbox 828 2154 947 2190; x_wconf 73' lang='lat' dir='ltr'>ovium</span> <span class='ocrx_word' id='word_1_192' title='bbox 984 2153 1051 2189; x_wconf 90' lang='lat' dir='ltr'>sub</span> 
     </span>
     <span class='ocr_line' id='line_1_36' title="bbox 387 2210 1052 2257; baseline 0 -11"><span class='ocrx_word' id='word_1_193' title='bbox 387 2210 450 2246; x_wconf 89' lang='lat' dir='ltr'>dio</span> <span class='ocrx_word' id='word_1_194' title='bbox 469 2210 804 2257; x_wconf 88' lang='lat' dir='ltr'>commorationem,</span> <span class='ocrx_word' id='word_1_195' title='bbox 820 2214 894 2247; x_wconf 87' lang='lat' dir='ltr'>tum</span> <span class='ocrx_word' id='word_1_196' title='bbox 911 2210 957 2246; x_wconf 95' lang='lat' dir='ltr'>ob</span> <span class='ocrx_word' id='word_1_197' title='bbox 976 2210 1052 2247; x_wconf 76' lang='lat' dir='ltr'>exi-</span> 
     </span>
     <span class='ocr_line' id='line_1_37' title="bbox 389 2266 1050 2316; baseline 0.002 -14"><span class='ocrx_word' id='word_1_198' title='bbox 389 2266 521 2312; x_wconf 86' lang='lat' dir='ltr'>miam,</span> <span class='ocrx_word' id='word_1_199' title='bbox 557 2278 666 2315; x_wconf 88' lang='lat' dir='ltr'>quam</span> <span class='ocrx_word' id='word_1_200' title='bbox 706 2267 880 2304; x_wconf 82' lang='lat' dir='ltr'>nomades</span> <span class='ocrx_word' id='word_1_201' title='bbox 909 2267 1050 2316; x_wconf 87' lang='lat' dir='ltr'>impen-</span> 
     </span>
     <span class='ocr_line' id='line_1_38' title="bbox 386 2321 1052 2367; baseline 0.002 -9"><span class='ocrx_word' id='word_1_202' title='bbox 386 2322 477 2358; x_wconf 85' lang='lat' dir='ltr'>dant</span> <span class='ocrx_word' id='word_1_203' title='bbox 499 2334 634 2367; x_wconf 88' lang='lat' dir='ltr'>curam,</span> <span class='ocrx_word' id='word_1_204' title='bbox 656 2321 756 2360; x_wconf 84' lang='lat' dir='ltr'>Idem</span> <span class='ocrx_word' id='word_1_205' title='bbox 773 2323 931 2361; x_wconf 86' lang='lat' dir='ltr'>Heeren.</span> <span class='ocrx_word' id='word_1_206' title='bbox 952 2335 1052 2359; x_wconf 85' lang='lat' dir='ltr'>com-</span> 
     </span>
     <span class='ocr_line' id='line_1_39' title="bbox 389 2379 1050 2424; baseline 0 -10"><span class='ocrx_word' id='word_1_207' title='bbox 389 2382 590 2424; x_wconf 84' lang='lat' dir='ltr'>monstrat,</span> <span class='ocrx_word' id='word_1_208' title='bbox 622 2379 688 2415; x_wconf 86' lang='lat' dir='ltr'>hac</span> <span class='ocrx_word' id='word_1_209' title='bbox 710 2392 782 2416; x_wconf 83' lang='lat' dir='ltr'>una</span> <span class='ocrx_word' id='word_1_210' title='bbox 810 2380 845 2416; x_wconf 90' lang='lat' dir='ltr'>in</span> <span class='ocrx_word' id='word_1_211' title='bbox 868 2393 908 2416; x_wconf 92' lang='lat' dir='ltr'>re</span> <span class='ocrx_word' id='word_1_212' title='bbox 927 2379 1050 2416; x_wconf 90' lang='lat' dir='ltr'>Hero-</span> 
     </span>
     <span class='ocr_line' id='line_1_40' title="bbox 390 2434 1050 2484; baseline 0.002 -14"><span class='ocrx_word' id='word_1_213' title='bbox 390 2435 516 2471; x_wconf 87' lang='lat' dir='ltr'>dotum</span> <span class='ocrx_word' id='word_1_214' title='bbox 541 2434 680 2483; x_wconf 81' lang='lat' dir='ltr'>lapsum</span> <span class='ocrx_word' id='word_1_215' title='bbox 710 2448 790 2472; x_wconf 82' lang='lat' dir='ltr'>csse</span> <span class='ocrx_word' id='word_1_216' title='bbox 820 2441 918 2472; x_wconf 87' lang='lat' dir='ltr'>ratus</span> <span class='ocrx_word' id='word_1_217' title='bbox 946 2434 1050 2484; x_wconf 90' lang='lat' dir='ltr'>(nam</span> 
     </span>
     <span class='ocr_line' id='line_1_41' title="bbox 388 2490 1051 2539; baseline -0.002 -11"><span class='ocrx_word' id='word_1_218' title='bbox 388 2490 526 2539; x_wconf 86' lang='lat' dir='ltr'>reliqua</span> <span class='ocrx_word' id='word_1_219' title='bbox 545 2503 626 2527; x_wconf 89' lang='lat' dir='ltr'>cum</span> <span class='ocrx_word' id='word_1_220' title='bbox 653 2493 891 2529; x_wconf 83' lang='lat' dir='ltr'>recentiorum</span> <span class='ocrx_word' id='word_1_221' title='bbox 915 2492 1051 2528; x_wconf 88' lang='lat' dir='ltr'>descri-</span> 
     </span>
     <span class='ocr_line' id='line_1_42' title="bbox 386 2547 1051 2598; baseline -0.002 -15"><span class='ocrx_word' id='word_1_222' title='bbox 386 2547 572 2598; x_wconf 87' lang='lat' dir='ltr'>ptionibus</span> <span class='ocrx_word' id='word_1_223' title='bbox 602 2553 770 2586; x_wconf 83' lang='lat' dir='ltr'>accurate</span> <span class='ocrx_word' id='word_1_224' title='bbox 803 2548 1051 2595; x_wconf 75' lang='lat' dir='ltr'>conveniunt),</span> 
     </span>
     <span class='ocr_line' id='line_1_43' title="bbox 391 2602 1049 2653; baseline 0 -13"><span class='ocrx_word' id='word_1_225' title='bbox 391 2603 491 2652; x_wconf 91' lang='lat' dir='ltr'>quod</span> <span class='ocrx_word' id='word_1_226' title='bbox 504 2602 660 2640; x_wconf 86' lang='lat' dir='ltr'>binaillc</span> <span class='ocrx_word' id='word_1_227' title='bbox 680 2605 798 2641; x_wconf 90' lang='lat' dir='ltr'>ovium</span> <span class='ocrx_word' id='word_1_228' title='bbox 821 2616 958 2653; x_wconf 88' lang='lat' dir='ltr'>genera</span> <span class='ocrx_word' id='word_1_229' title='bbox 976 2604 1049 2640; x_wconf 87' lang='lat' dir='ltr'>dis-</span> 
     </span>
     <span class='ocr_line' id='line_1_44' title="bbox 391 2660 1050 2710; baseline 0 -14"><span class='ocrx_word' id='word_1_230' title='bbox 391 2661 590 2708; x_wconf 85' lang='lat' dir='ltr'>tinguens‚</span> <span class='ocrx_word' id='word_1_231' title='bbox 645 2662 839 2698; x_wconf 83' lang='lat' dir='ltr'>varietates</span> <span class='ocrx_word' id='word_1_232' title='bbox 876 2660 1050 2710; x_wconf 83' lang='lat' dir='ltr'>quasdam</span> 
     </span>
     <span class='ocr_line' id='line_1_45' title="bbox 391 2716 1052 2768; baseline 0 -16"><span class='ocrx_word' id='word_1_233' title='bbox 391 2728 460 2766; x_wconf 89' lang='lat' dir='ltr'>pro</span> <span class='ocrx_word' id='word_1_234' title='bbox 474 2716 563 2768; x_wconf 84' lang='lat' dir='ltr'>ipsis</span> <span class='ocrx_word' id='word_1_235' title='bbox 575 2718 769 2765; x_wconf 83' lang='lat' dir='ltr'>generibus</span> <span class='ocrx_word' id='word_1_236' title='bbox 789 2717 970 2754; x_wconf 84' lang='lat' dir='ltr'>sumserit.</span> <span class='ocrx_word' id='word_1_237' title='bbox 997 2716 1052 2752; x_wconf 85' lang='lat' dir='ltr'>Ex</span> 
     </span>
     <span class='ocr_line' id='line_1_46' title="bbox 391 2771 1052 2822; baseline -0.003 -12"><span class='ocrx_word' id='word_1_238' title='bbox 391 2772 448 2819; x_wconf 86' lang='lat' dir='ltr'>iis,</span> <span class='ocrx_word' id='word_1_239' title='bbox 461 2785 556 2822; x_wconf 90' lang='lat' dir='ltr'>quae</span> <span class='ocrx_word' id='word_1_240' title='bbox 576 2773 624 2809; x_wconf 86' lang='lat' dir='ltr'>ad</span> <span class='ocrx_word' id='word_1_241' title='bbox 640 2771 674 2810; x_wconf 93' lang='lat' dir='ltr'>h.</span> <span class='ocrx_word' id='word_1_242' title='bbox 693 2774 716 2811; x_wconf 93' lang='lat' dir='ltr'>l.</span> <span class='ocrx_word' id='word_1_243' title='bbox 735 2773 855 2811; x_wconf 87' lang='lat' dir='ltr'>attulit</span> <span class='ocrx_word' id='word_1_244' title='bbox 867 2772 1052 2818; x_wconf 86' lang='lat' dir='ltr'>Larcher.,</span> 
     </span>
     <span class='ocr_line' id='line_1_47' title="bbox 391 2829 1049 2881; baseline 0.002 -16"><span class='ocrx_word' id='word_1_245' title='bbox 391 2833 571 2881; x_wconf 84' lang='lat' dir='ltr'>apparet,</span> <span class='ocrx_word' id='word_1_246' title='bbox 611 2830 805 2870; x_wconf 82' lang='lat' dir='ltr'>etiamnum</span> <span class='ocrx_word' id='word_1_247' title='bbox 835 2831 871 2867; x_wconf 89' lang='lat' dir='ltr'>in</span> <span class='ocrx_word' id='word_1_248' title='bbox 899 2829 1049 2867; x_wconf 82' lang='lat' dir='ltr'>diversis</span> 
     </span>
    </p>
   </div>
   <div class='ocr_carea' id='block_1_12' title="bbox 1107 1021 1774 2881">
    <p class='ocr_par' dir='ltr' id='par_1_15' title="bbox 1107 1021 1774 2881">
     <span class='ocr_line' id='line_1_48' title="bbox 1108 1021 1772 1072; baseline 0.003 -13"><span class='ocrx_word' id='word_1_249' title='bbox 1108 1021 1253 1061; x_wconf 82' lang='lat' dir='ltr'>Africae</span> <span class='ocrx_word' id='word_1_250' title='bbox 1302 1022 1513 1072; x_wconf 84' lang='lat' dir='ltr'>regionibus</span> <span class='ocrx_word' id='word_1_251' title='bbox 1567 1024 1772 1061; x_wconf 85' lang='lat' dir='ltr'>istiusmodi</span> 
     </span>
     <span class='ocr_line' id='line_1_49' title="bbox 1110 1079 1772 1129; baseline 0.003 -14"><span class='ocrx_word' id='word_1_252' title='bbox 1110 1091 1197 1116; x_wconf 80' lang='lat' dir='ltr'>oves</span> <span class='ocrx_word' id='word_1_253' title='bbox 1215 1079 1333 1129; x_wconf 83' lang='lat' dir='ltr'>longis</span> <span class='ocrx_word' id='word_1_254' title='bbox 1354 1080 1556 1129; x_wconf 83' lang='lat' dir='ltr'>crassisque</span> <span class='ocrx_word' id='word_1_255' title='bbox 1576 1081 1699 1117; x_wconf 79' lang='lat' dir='ltr'>caudis</span> <span class='ocrx_word' id='word_1_256' title='bbox 1717 1081 1772 1117; x_wconf 89' lang='lat' dir='ltr'>in-</span> 
     </span>
     <span class='ocr_line' id='line_1_50' title="bbox 1111 1136 1771 1174; baseline 0 -1"><span class='ocrx_word' id='word_1_257' title='bbox 1111 1141 1266 1173; x_wconf 83' lang='lat' dir='ltr'>structas</span> <span class='ocrx_word' id='word_1_258' title='bbox 1303 1137 1466 1174; x_wconf 83' lang='lat' dir='ltr'>inveniri.</span> <span class='ocrx_word' id='word_1_259' title='bbox 1544 1136 1604 1174; x_wconf 86' lang='lat' dir='ltr'>De</span> <span class='ocrx_word' id='word_1_260' title='bbox 1639 1136 1771 1174; x_wconf 90' lang='lat' dir='ltr'>Indicis</span> 
     </span>
     <span class='ocr_line' id='line_1_51' title="bbox 1111 1193 1771 1241; baseline 0.006 -13"><span class='ocrx_word' id='word_1_261' title='bbox 1111 1193 1236 1229; x_wconf 74' lang='lat' dir='ltr'>ovibus</span> <span class='ocrx_word' id='word_1_262' title='bbox 1258 1193 1398 1241; x_wconf 86' lang='lat' dir='ltr'>egimus</span> <span class='ocrx_word' id='word_1_263' title='bbox 1421 1193 1467 1230; x_wconf 87' lang='lat' dir='ltr'>ad</span> <span class='ocrx_word' id='word_1_264' title='bbox 1490 1193 1637 1231; x_wconf 84' lang='lat' dir='ltr'>Ctesiae</span> <span class='ocrx_word' id='word_1_265' title='bbox 1656 1194 1771 1232; x_wconf 86' lang='lat' dir='ltr'>Indic.</span> 
     </span>
     <span class='ocr_line' id='line_1_52' title="bbox 1111 1245 1772 1300; baseline 0.005 -15"><span class='ocrx_word' id='word_1_266' title='bbox 1111 1247 1148 1300; x_wconf 59' lang='grc' dir='ltr'>ἓ.</span> <span class='ocrx_word' id='word_1_267' title='bbox 1175 1251 1236 1290; x_wconf 86' lang='grc'>13.</span> <span class='ocrx_word' id='word_1_268' title='bbox 1300 1249 1426 1298; x_wconf 87' lang='lat' dir='ltr'>Itaque</span> <span class='ocrx_word' id='word_1_269' title='bbox 1446 1250 1557 1287; x_wconf 86' lang='lat' dir='ltr'>verba</span> <span class='ocrx_word' id='word_1_270' title='bbox 1580 1246 1628 1287; x_wconf 75' lang='lat' dir='ltr'>tn?</span> <span class='ocrx_word' id='word_1_271' title='bbox 1653 1245 1772 1288; x_wconf 84' lang='grc' dir='ltr'><em>ου’δα-</em></span> 
     </span>
     <span class='ocr_line' id='line_1_53' title="bbox 1111 1300 1773 1357; baseline 0.002 -14"><span class='ocrx_word' id='word_1_272' title='bbox 1111 1300 1214 1356; x_wconf 84' lang='grc' dir='ltr'><em>μόθι</em></span> <span class='ocrx_word' id='word_1_273' title='bbox 1254 1304 1423 1357; x_wconf 76' lang='grc' dir='ltr'><em>ἑτέρωθί</em></span> <span class='ocrx_word' id='word_1_274' title='bbox 1464 1304 1544 1345; x_wconf 78' lang='grc' dir='ltr'><em>ἐστι</em></span> <span class='ocrx_word' id='word_1_275' title='bbox 1582 1318 1658 1343; x_wconf 90' lang='lat' dir='ltr'>non</span> <span class='ocrx_word' id='word_1_276' title='bbox 1694 1310 1773 1344; x_wconf 80' lang='lat' dir='ltr'>tam</span> 
     </span>
     <span class='ocr_line' id='line_1_54' title="bbox 1110 1362 1774 1413; baseline 0.002 -14"><span class='ocrx_word' id='word_1_277' title='bbox 1110 1362 1236 1399; x_wconf 86' lang='lat' dir='ltr'>stricto</span> <span class='ocrx_word' id='word_1_278' title='bbox 1271 1375 1379 1399; x_wconf 82' lang='lat' dir='ltr'>sensu</span> <span class='ocrx_word' id='word_1_279' title='bbox 1415 1367 1522 1401; x_wconf 90' lang='lat' dir='ltr'>erunt</span> <span class='ocrx_word' id='word_1_280' title='bbox 1550 1363 1774 1413; x_wconf 83' lang='lat' dir='ltr'>accipienda.</span> 
     </span>
     <span class='ocr_line' id='line_1_55' title="bbox 1110 1419 1772 1468; baseline 0.003 -14"><span class='ocrx_word' id='word_1_281' title='bbox 1110 1420 1227 1462; x_wconf 86' lang='lat' dir='ltr'>Quem</span> <span class='ocrx_word' id='word_1_282' title='bbox 1251 1420 1421 1468; x_wconf 86' lang='lat' dir='ltr'>equidem</span> <span class='ocrx_word' id='word_1_283' title='bbox 1442 1419 1489 1456; x_wconf 80' lang='lat' dir='ltr'>de,</span> <span class='ocrx_word' id='word_1_284' title='bbox 1507 1419 1578 1457; x_wconf 84' lang='lat' dir='ltr'>hac</span> <span class='ocrx_word' id='word_1_285' title='bbox 1601 1422 1658 1456; x_wconf 78' lang='lat' dir='ltr'>om·</span> <span class='ocrx_word' id='word_1_286' title='bbox 1675 1421 1772 1457; x_wconf 75' lang='lat' dir='ltr'>Ara-</span> 
     </span>
     <span class='ocr_line' id='line_1_56' title="bbox 1109 1474 1772 1522; baseline 0 -10"><span class='ocrx_word' id='word_1_287' title='bbox 1109 1476 1186 1512; x_wconf 71' lang='lat' dir='ltr'>bica</span> <span class='ocrx_word' id='word_1_288' title='bbox 1214 1475 1389 1521; x_wconf 90' lang='lat' dir='ltr'>consului,</span> <span class='ocrx_word' id='word_1_289' title='bbox 1418 1474 1688 1522; x_wconf 78' lang='lat' dir='ltr'>Leuckartum,</span> <span class='ocrx_word' id='word_1_290' title='bbox 1719 1476 1772 1512; x_wconf 75' lang='lat' dir='ltr'>vi-</span> 
     </span>
     <span class='ocr_line' id='line_1_57' title="bbox 1107 1532 1773 1582; baseline 0 -14"><span class='ocrx_word' id='word_1_291' title='bbox 1107 1545 1185 1568; x_wconf 94' lang='lat' dir='ltr'>rum</span> <span class='ocrx_word' id='word_1_292' title='bbox 1217 1532 1464 1569; x_wconf 89' lang='lat' dir='ltr'>doctissimum</span> <span class='ocrx_word' id='word_1_293' title='bbox 1490 1533 1651 1582; x_wconf 85' lang='lat' dir='ltr'>mihique</span> <span class='ocrx_word' id='word_1_294' title='bbox 1683 1532 1773 1570; x_wconf 82' lang='lat' dir='ltr'>ami-</span> 
     </span>
     <span class='ocr_line' id='line_1_58' title="bbox 1109 1588 1772 1639; baseline 0.003 -15"><span class='ocrx_word' id='word_1_295' title='bbox 1109 1588 1302 1635; x_wconf 86' lang='lat' dir='ltr'>cissimum,</span> <span class='ocrx_word' id='word_1_296' title='bbox 1314 1589 1342 1624; x_wconf 89' lang='lat' dir='ltr'>is</span> <span class='ocrx_word' id='word_1_297' title='bbox 1362 1588 1447 1624; x_wconf 89' lang='lat' dir='ltr'>mihi</span> <span class='ocrx_word' id='word_1_298' title='bbox 1468 1590 1665 1639; x_wconf 85' lang='lat' dir='ltr'>rescripsit,</span> <span class='ocrx_word' id='word_1_299' title='bbox 1677 1589 1772 1626; x_wconf 83' lang='lat' dir='ltr'>hanc</span> 
     </span>
     <span class='ocr_line' id='line_1_59' title="bbox 1109 1645 1772 1684; baseline 0 -2"><span class='ocrx_word' id='word_1_300' title='bbox 1109 1657 1199 1682; x_wconf 79' lang='lat' dir='ltr'>ovem</span> <span class='ocrx_word' id='word_1_301' title='bbox 1223 1645 1484 1682; x_wconf 68' lang='lat' dir='ltr'>latz&#39;cauda-&#39;am</span> <span class='ocrx_word' id='word_1_302' title='bbox 1510 1658 1590 1683; x_wconf 85' lang='lat' dir='ltr'>esse</span> <span class='ocrx_word' id='word_1_303' title='bbox 1612 1647 1772 1684; x_wconf 82' lang='lat' dir='ltr'>varieta-</span> 
     </span>
     <span class='ocr_line' id='line_1_60' title="bbox 1109 1702 1771 1748; baseline 0 -10"><span class='ocrx_word' id='word_1_304' title='bbox 1109 1706 1184 1739; x_wconf 88' lang='lat' dir='ltr'>tem</span> <span class='ocrx_word' id='word_1_305' title='bbox 1208 1703 1284 1738; x_wconf 71' lang='lat' dir='ltr'>ovis</span> <span class='ocrx_word' id='word_1_306' title='bbox 1306 1702 1531 1739; x_wconf 80' lang='lat' dir='ltr'>domesticae</span> <span class='ocrx_word' id='word_1_307' title='bbox 1550 1707 1710 1748; x_wconf 85' lang='lat' dir='ltr'>nostrae,</span> <span class='ocrx_word' id='word_1_308' title='bbox 1742 1715 1771 1739; x_wconf 89' lang='lat' dir='ltr'>s.</span> 
     </span>
     <span class='ocr_line' id='line_1_61' title="bbox 1112 1757 1772 1809; baseline 0 -14"><span class='ocrx_word' id='word_1_309' title='bbox 1112 1758 1200 1795; x_wconf 73' lang='lat' dir='ltr'>Ovis</span> <span class='ocrx_word' id='word_1_310' title='bbox 1221 1758 1354 1795; x_wconf 70' lang='lat' dir='ltr'>Arietis</span> <span class='ocrx_word' id='word_1_311' title='bbox 1371 1757 1480 1795; x_wconf 89' lang='lat' dir='ltr'>Linn.</span> <span class='ocrx_word' id='word_1_312' title='bbox 1502 1763 1538 1795; x_wconf 87' lang='lat' dir='ltr'>et</span> <span class='ocrx_word' id='word_1_313' title='bbox 1558 1758 1688 1796; x_wconf 87' lang='lat' dir='ltr'>multas</span> <span class='ocrx_word' id='word_1_314' title='bbox 1703 1771 1772 1809; x_wconf 89' lang='lat' dir='ltr'>per</span> 
     </span>
     <span class='ocr_line' id='line_1_62' title="bbox 1110 1814 1772 1865; baseline 0 -13"><span class='ocrx_word' id='word_1_315' title='bbox 1110 1816 1221 1852; x_wconf 81' lang='lat' dir='ltr'>Asiae</span> <span class='ocrx_word' id='word_1_316' title='bbox 1246 1820 1368 1865; x_wconf 85' lang='lat' dir='ltr'>partes</span> <span class='ocrx_word' id='word_1_317' title='bbox 1393 1814 1569 1861; x_wconf 78' lang='lat' dir='ltr'>inveniri,</span> <span class='ocrx_word' id='word_1_318' title='bbox 1598 1829 1628 1852; x_wconf 82' lang='lat' dir='ltr'>v.</span> <span class='ocrx_word' id='word_1_319' title='bbox 1651 1827 1681 1852; x_wconf 89' lang='lat' dir='ltr'>c.</span> <span class='ocrx_word' id='word_1_320' title='bbox 1705 1827 1772 1865; x_wconf 87' lang='lat' dir='ltr'>per</span> 
     </span>
     <span class='ocr_line' id='line_1_63' title="bbox 1107 1871 1771 1920; baseline -0.003 -11"><span class='ocrx_word' id='word_1_321' title='bbox 1107 1871 1295 1917; x_wconf 79' lang='lat' dir='ltr'>Arabiam,</span> <span class='ocrx_word' id='word_1_322' title='bbox 1316 1871 1517 1917; x_wconf 84' lang='lat' dir='ltr'>Persidem,</span> <span class='ocrx_word' id='word_1_323' title='bbox 1539 1871 1680 1919; x_wconf 84' lang='lat' dir='ltr'>Sinam,</span> <span class='ocrx_word' id='word_1_324' title='bbox 1699 1872 1771 1920; x_wconf 76' lang='lat' dir='ltr'>Sy-</span> 
     </span>
     <span class='ocr_line' id='line_1_64' title="bbox 1108 1928 1770 1977; baseline 0 -13"><span class='ocrx_word' id='word_1_325' title='bbox 1108 1929 1218 1973; x_wconf 85' lang='lat' dir='ltr'>riam,</span> <span class='ocrx_word' id='word_1_326' title='bbox 1249 1928 1480 1977; x_wconf 71' lang='lat' dir='ltr'>Aegyptum3</span> <span class='ocrx_word' id='word_1_327' title='bbox 1511 1928 1665 1964; x_wconf 84' lang='lat' dir='ltr'>caudam</span> <span class='ocrx_word' id='word_1_328' title='bbox 1690 1939 1770 1965; x_wconf 84' lang='lat' dir='ltr'>esse</span> 
     </span>
     <span class='ocr_line' id='line_1_65' title="bbox 1107 1984 1770 2034; baseline 0 -14"><span class='ocrx_word' id='word_1_329' title='bbox 1107 1984 1361 2034; x_wconf 85' lang='lat' dir='ltr'>prolongatam</span> <span class='ocrx_word' id='word_1_330' title='bbox 1388 1996 1429 2020; x_wconf 91' lang='lat' dir='ltr'>ac</span> <span class='ocrx_word' id='word_1_331' title='bbox 1462 1995 1577 2031; x_wconf 73' lang='lat' dir='ltr'>magis</span> <span class='ocrx_word' id='word_1_332' title='bbox 1608 1984 1770 2020; x_wconf 81' lang='lat' dir='ltr'>minusve</span> 
     </span>
     <span class='ocr_line' id='line_1_66' title="bbox 1109 2038 1770 2088; baseline -0.002 -11"><span class='ocrx_word' id='word_1_333' title='bbox 1109 2040 1274 2086; x_wconf 82' lang='lat' dir='ltr'>divisam,</span> <span class='ocrx_word' id='word_1_334' title='bbox 1287 2039 1397 2076; x_wconf 87' lang='lat' dir='ltr'>multo</span> <span class='ocrx_word' id='word_1_335' title='bbox 1415 2038 1508 2074; x_wconf 87' lang='lat' dir='ltr'>illam</span> <span class='ocrx_word' id='word_1_336' title='bbox 1522 2040 1670 2088; x_wconf 87' lang='lat' dir='ltr'>quidem</span> <span class='ocrx_word' id='word_1_337' title='bbox 1690 2040 1770 2076; x_wconf 87' lang='lat' dir='ltr'>adi·</span> 
     </span>
     <span class='ocr_line' id='line_1_67' title="bbox 1108 2094 1767 2147; baseline -0.002 -15"><span class='ocrx_word' id='word_1_338' title='bbox 1108 2109 1156 2147; x_wconf 89' lang='lat' dir='ltr'>pe</span> <span class='ocrx_word' id='word_1_339' title='bbox 1188 2097 1374 2134; x_wconf 78' lang='lat' dir='ltr'>refertam.</span> <span class='ocrx_word' id='word_1_340' title='bbox 1416 2094 1450 2131; x_wconf 89' lang='lat' dir='ltr'><strong>A</strong></span> <span class='ocrx_word' id='word_1_341' title='bbox 1478 2108 1550 2144; x_wconf 81' lang='lat' dir='ltr'>qua</span> <span class='ocrx_word' id='word_1_342' title='bbox 1575 2108 1642 2133; x_wconf 77' lang='lat' dir='ltr'>ove</span> <span class='ocrx_word' id='word_1_343' title='bbox 1669 2100 1767 2142; x_wconf 88' lang='lat' dir='ltr'>sunt,</span> 
     </span>
     <span class='ocr_line' id='line_1_68' title="bbox 1108 2153 1767 2202; baseline 0 -14"><span class='ocrx_word' id='word_1_344' title='bbox 1108 2153 1170 2202; x_wconf 89' lang='lat' dir='ltr'>qui</span> <span class='ocrx_word' id='word_1_345' title='bbox 1208 2153 1437 2201; x_wconf 85' lang='lat' dir='ltr'>distinguant</span> <span class='ocrx_word' id='word_1_346' title='bbox 1472 2158 1514 2188; x_wconf 93' lang='lat' dir='ltr'>ut</span> <span class='ocrx_word' id='word_1_347' title='bbox 1555 2153 1767 2190; x_wconf 80' lang='lat' dir='ltr'>varietatem</span> 
     </span>
     <span class='ocr_line' id='line_1_69' title="bbox 1108 2209 1768 2261; baseline -0.002 -15"><span class='ocrx_word' id='word_1_348' title='bbox 1108 2209 1326 2261; x_wconf 84' lang='lat' dir='ltr'>peculiarem</span> <span class='ocrx_word' id='word_1_349' title='bbox 1383 2221 1474 2245; x_wconf 76' lang='lat' dir='ltr'>ovem</span> <span class='ocrx_word' id='word_1_350' title='bbox 1525 2211 1768 2258; x_wconf 73' lang='lat' dir='ltr'>steatopygam</span> 
     </span>
     <span class='ocr_line' id='line_1_70' title="bbox 1108 2265 1767 2316; baseline -0.003 -13"><span class='ocrx_word' id='word_1_351' title='bbox 1108 2266 1214 2315; x_wconf 75' lang='lat' dir='ltr'>(Pan.</span> <span class='ocrx_word' id='word_1_352' title='bbox 1242 2266 1338 2316; x_wconf 86' lang='lat' dir='ltr'>Spic.</span> <span class='ocrx_word' id='word_1_353' title='bbox 1368 2265 1522 2313; x_wconf 88' lang='lat' dir='ltr'>Zoolog.</span> <span class='ocrx_word' id='word_1_354' title='bbox 1547 2265 1633 2301; x_wconf 78' lang='lat' dir='ltr'>fasc.</span> <span class='ocrx_word' id='word_1_355' title='bbox 1651 2265 1701 2301; x_wconf 82' lang='lat' dir='ltr'>xl</span> <span class='ocrx_word' id='word_1_356' title='bbox 1730 2278 1767 2315; x_wconf 84' lang='lat' dir='ltr'>p.</span> 
     </span>
     <span class='ocr_line' id='line_1_71' title="bbox 1109 2322 1767 2371; baseline -0.002 -12"><span class='ocrx_word' id='word_1_357' title='bbox 1109 2324 1163 2364; x_wconf 86' lang='lat'>63</span> <span class='ocrx_word' id='word_1_358' title='bbox 1187 2322 1283 2359; x_wconf 74' lang='lat' dir='ltr'>Tab.</span> <span class='ocrx_word' id='word_1_359' title='bbox 1307 2322 1354 2358; x_wconf 79' lang='lat' dir='ltr'>IV</span> <span class='ocrx_word' id='word_1_360' title='bbox 1377 2322 1437 2371; x_wconf 86' lang='lat' dir='ltr'>fig.</span> <span class='ocrx_word' id='word_1_361' title='bbox 1460 2322 1516 2367; x_wconf 90' lang='lat'>1),</span> <span class='ocrx_word' id='word_1_362' title='bbox 1546 2322 1644 2358; x_wconf 87' lang='lat' dir='ltr'>cuius</span> <span class='ocrx_word' id='word_1_363' title='bbox 1671 2334 1767 2371; x_wconf 90' lang='lat' dir='ltr'>pau-</span> 
     </span>
     <span class='ocr_line' id='line_1_72' title="bbox 1109 2378 1767 2424; baseline -0.002 -8"><span class='ocrx_word' id='word_1_364' title='bbox 1109 2380 1223 2416; x_wconf 87' lang='lat' dir='ltr'>ciores</span> <span class='ocrx_word' id='word_1_365' title='bbox 1247 2379 1320 2415; x_wconf 89' lang='lat' dir='ltr'>sint</span> <span class='ocrx_word' id='word_1_366' title='bbox 1349 2379 1385 2414; x_wconf 90' lang='lat' dir='ltr'>in</span> <span class='ocrx_word' id='word_1_367' title='bbox 1415 2378 1532 2414; x_wconf 79' lang='lat' dir='ltr'>cauda</span> <span class='ocrx_word' id='word_1_368' title='bbox 1560 2378 1767 2424; x_wconf 82' lang='lat' dir='ltr'>vertebrae,</span> 
     </span>
     <span class='ocr_line' id='line_1_73' title="bbox 1108 2434 1766 2484; baseline -0.002 -13"><span class='ocrx_word' id='word_1_369' title='bbox 1108 2436 1173 2472; x_wconf 87' lang='lat' dir='ltr'>sed</span> <span class='ocrx_word' id='word_1_370' title='bbox 1195 2447 1328 2483; x_wconf 87' lang='lat' dir='ltr'>magna</span> <span class='ocrx_word' id='word_1_371' title='bbox 1347 2447 1494 2483; x_wconf 89' lang='lat' dir='ltr'>quoque</span> <span class='ocrx_word' id='word_1_372' title='bbox 1512 2434 1629 2484; x_wconf 82' lang='lat' dir='ltr'>adipis</span> <span class='ocrx_word' id='word_1_373' title='bbox 1650 2434 1766 2484; x_wconf 86' lang='lat' dir='ltr'>copia.</span> 
     </span>
     <span class='ocr_line' id='line_1_74' title="bbox 1107 2490 1768 2538; baseline -0.002 -11"><span class='ocrx_word' id='word_1_374' title='bbox 1107 2492 1177 2528; x_wconf 61' lang='lat' dir='ltr'>Vix</span> <span class='ocrx_word' id='word_1_375' title='bbox 1215 2495 1337 2528; x_wconf 83' lang='lat' dir='ltr'>tamen</span> <span class='ocrx_word' id='word_1_376' title='bbox 1370 2496 1469 2528; x_wconf 81' lang='lat' dir='ltr'>recte</span> <span class='ocrx_word' id='word_1_377' title='bbox 1508 2490 1559 2527; x_wconf 88' lang='lat' dir='ltr'>sic</span> <span class='ocrx_word' id='word_1_378' title='bbox 1591 2490 1768 2538; x_wconf 85' lang='lat' dir='ltr'>distingui</span> 
     </span>
     <span class='ocr_line' id='line_1_75' title="bbox 1107 2547 1768 2597; baseline 0 -14"><span class='ocrx_word' id='word_1_379' title='bbox 1107 2548 1240 2584; x_wconf 84' lang='lat' dir='ltr'>iudicat</span> <span class='ocrx_word' id='word_1_380' title='bbox 1274 2547 1498 2591; x_wconf 55' lang='lat' dir='ltr'>Leuckart„</span> <span class='ocrx_word' id='word_1_381' title='bbox 1553 2548 1768 2597; x_wconf 85' lang='lat' dir='ltr'>praesertim</span> 
     </span>
     <span class='ocr_line' id='line_1_76' title="bbox 1108 2603 1768 2652; baseline -0.002 -12"><span class='ocrx_word' id='word_1_382' title='bbox 1108 2616 1187 2640; x_wconf 93' lang='lat' dir='ltr'>cum</span> <span class='ocrx_word' id='word_1_383' title='bbox 1217 2604 1343 2640; x_wconf 87' lang='lat' dir='ltr'>iisdem</span> <span class='ocrx_word' id='word_1_384' title='bbox 1375 2604 1450 2640; x_wconf 87' lang='lat' dir='ltr'>sere</span> <span class='ocrx_word' id='word_1_385' title='bbox 1486 2604 1522 2639; x_wconf 90' lang='lat' dir='ltr'>in</span> <span class='ocrx_word' id='word_1_386' title='bbox 1556 2603 1768 2652; x_wconf 86' lang='lat' dir='ltr'>regionibus</span> 
     </span>
     <span class='ocr_line' id='line_1_77' title="bbox 1107 2659 1769 2710; baseline 0 -14"><span class='ocrx_word' id='word_1_387' title='bbox 1107 2672 1151 2696; x_wconf 86' lang='lat' dir='ltr'>ac</span> <span class='ocrx_word' id='word_1_388' title='bbox 1172 2666 1364 2710; x_wconf 83' lang='lat' dir='ltr'>practerea</span> <span class='ocrx_word' id='word_1_389' title='bbox 1383 2660 1420 2696; x_wconf 90' lang='lat' dir='ltr'>in</span> <span class='ocrx_word' id='word_1_390' title='bbox 1436 2660 1685 2709; x_wconf 84' lang='lat' dir='ltr'>promontorio</span> <span class='ocrx_word' id='word_1_391' title='bbox 1696 2659 1769 2696; x_wconf 82' lang='lat' dir='ltr'>Bo.</span> 
     </span>
     <span class='ocr_line' id='line_1_78' title="bbox 1108 2716 1770 2767; baseline 0 -15"><span class='ocrx_word' id='word_1_392' title='bbox 1108 2729 1180 2753; x_wconf 86' lang='lat' dir='ltr'>nae</span> <span class='ocrx_word' id='word_1_393' title='bbox 1199 2716 1287 2767; x_wconf 85' lang='lat' dir='ltr'>Spei</span> <span class='ocrx_word' id='word_1_394' title='bbox 1306 2716 1364 2753; x_wconf 83' lang='lat' dir='ltr'>illa</span> <span class='ocrx_word' id='word_1_395' title='bbox 1380 2716 1457 2752; x_wconf 87' lang='lat' dir='ltr'>ovis</span> <span class='ocrx_word' id='word_1_396' title='bbox 1478 2716 1693 2762; x_wconf 82' lang='lat' dir='ltr'>inveniatur,</span> <span class='ocrx_word' id='word_1_397' title='bbox 1705 2728 1770 2753; x_wconf 88' lang='lat' dir='ltr'>cu-</span> 
     </span>
     <span class='ocr_line' id='line_1_79' title="bbox 1108 2772 1768 2822; baseline 0 -13"><span class='ocrx_word' id='word_1_398' title='bbox 1108 2773 1163 2809; x_wconf 88' lang='lat' dir='ltr'>ius</span> <span class='ocrx_word' id='word_1_399' title='bbox 1181 2774 1298 2810; x_wconf 82' lang='lat' dir='ltr'>cauda</span> <span class='ocrx_word' id='word_1_400' title='bbox 1326 2772 1480 2810; x_wconf 80' lang='lat' dir='ltr'>subinde</span> <span class='ocrx_word' id='word_1_401' title='bbox 1511 2773 1559 2810; x_wconf 79' lang='lat' dir='ltr'>ad</span> <span class='ocrx_word' id='word_1_402' title='bbox 1587 2772 1768 2822; x_wconf 80' lang='lat' dir='ltr'>quinqua-</span> 
     </span>
     <span class='ocr_line' id='line_1_80' title="bbox 1108 2829 1675 2881; baseline 0.004 -15"><span class='ocrx_word' id='word_1_403' title='bbox 1108 2829 1211 2878; x_wconf 83' lang='lat' dir='ltr'>ginta</span> <span class='ocrx_word' id='word_1_404' title='bbox 1229 2829 1309 2867; x_wconf 87' lang='lat' dir='ltr'>libr.</span> <span class='ocrx_word' id='word_1_405' title='bbox 1331 2830 1444 2881; x_wconf 86' lang='lat' dir='ltr'>poud.</span> <span class='ocrx_word' id='word_1_406' title='bbox 1463 2829 1675 2869; x_wconf 83' lang='lat' dir='ltr'>adscendat.</span> 
     </span>
    </p>
   </div>
   <div class='ocr_carea' id='block_1_13' title="bbox 1778 664 1857 706">
    <p class='ocr_par' dir='ltr' id='par_1_16' title="bbox 1778 664 1857 706">
     <span class='ocr_line' id='line_1_81' title="bbox 1778 664 1857 706; baseline 0 0"><span class='ocrx_word' id='word_1_407' title='bbox 1778 664 1857 706; x_wconf 79' lang='lat'>254</span> 
     </span>
    </p>
   </div>
  </div>
 </body>
</html>
