1946 3272
519 221 576 260 78
915 223 1388 262 HERODOTI

521 344 590 382 ρεε
645 328 932 385 χρυσόδετος,
1017 331 1274 388 σμαράγδου
1323 333 1402 389 μὲν
1449 335 1579 377 λίθου
1627 333 1785 387 ἐοῦσα,

463 493 508 529 tis
545 496 711 542 tempora
750 505 914 541 gemmas
965 492 1121 530 caelatas

464 549 665 595 exstitisse,
695 562 774 585 cum
804 549 915 585 multo
943 553 1028 598 post
1058 551 1123 587 ‹le-

462 618 582 650 mmn,
612 606 790 641 Ismeniae
828 609 995 655 tempore
1028 619 1123 643 sma-

462 663 590 710 ragdis
623 662 729 709 signa
759 660 962 710 insculpere
991 675 1122 713 coepe-

462 719 545 754 rint.
604 716 655 752 At
676 716 762 753 illud
782 723 1049 765 argumentum,
1078 720 1125 757 de

463 773 664 810 Theodoro
708 773 987 822 depromptum,
1038 776 1124 812 nlhil

462 829 582 866 valere
613 834 735 865 monet
760 829 1011 878 Est-heriburg.
1041 831 1061 867 l.
1087 831 1123 877 l.‚

462 898 536 934 quo
557 885 673 933 magis
696 897 767 920 non
785 886 823 921 in
854 899 926 922 una
946 892 1038 932 arte,
1057 889 1123 924 sed

463 942 499 978 in
529 940 692 990 pluribus
724 942 817 978 bene
847 947 1011 979 versatos
1043 956 1124 980 esse

461 1001 606 1034 constet
625 997 721 1033 haud
744 1010 880 1047 paucos
899 999 1123 1036 Graecorum

462 1053 641 1100 artifices,
691 1054 844 1103 ipseque
893 1054 1122 1102 Herodotus,

462 1122 543 1147 cum
586 1109 782 1147 scriberet:
832 1104 885 1161 ἦν
924 1108 966 1149 δὲ
1007 1110 1123 1162 ἔργον

464 1162 703 1216 Θεοδώρου,
735 1168 900 1216 profecto
929 1180 1002 1204 non
1038 1169 1124 1205 sim-

461 1222 591 1274 plicem
627 1222 785 1273 lapidem
816 1236 905 1260 auro
933 1224 1124 1273 inclusum,

463 1279 531 1317 sed
559 1279 648 1316 artis
679 1280 865 1328 quoddam
896 1293 987 1330 opus
1014 1281 1123 1319 intel-

462 1335 601 1373 lexerit.
684 1336 809 1378 Quare
863 1337 982 1374 malim
1040 1351 1122 1375 cum

461 1391 715 1440 Eschenburg.
735 1392 769 1429 h.
790 1392 812 1431 l.
833 1394 1034 1444 σφραγῖδα
1060 1407 1123 1432 ac-

462 1449 585 1499 cipere
607 1448 654 1485 de
672 1462 817 1498 gemma
843 1450 992 1497 caelata,
1024 1463 1051 1487 s.
1076 1451 1124 1488 de

462 1504 620 1550 annul‹›‚
668 1506 769 1542 cuius
815 1505 929 1556 lapidi
977 1508 1122 1556 signum

463 1561 651 1610 quoddam
665 1563 773 1599 fuerit
788 1563 1018 1613 insculptum,
1038 1576 1123 1613 pro-

464 1618 574 1655 bante
601 1618 735 1655 Polluc.
760 1618 805 1666 V,
835 1621 933 1665 100,
965 1620 1121 1656 Pausan.

410 1712 413 1716 ,
463 1674 484 1710 l.
504 1674 525 1710 l.
561 1674 641 1730 (ubi
664 1675 777 1712 verba
810 1672 1023 1725 Θεοδώρου
1051 1675 1122 1725 ἔρ·-

462 1745 535 1782 γον
554 1731 607 1781 ἠν
636 1730 702 1769 καὶ
725 1730 791 1770 ἐπὶ
809 1735 882 1770 τοῦ
907 1733 1027 1771 λίθου
1053 1733 1125 1782 τῆς

464 1782 695 1839 σμαράγδου
717 1789 888 1841 σφραγίς
905 1802 946 1826 ex
958 1790 1037 1839 ipso
1049 1789 1126 1825 He-

463 1844 596 1880 rodoto
617 1845 776 1882 deducta
797 1846 912 1882 videri
928 1850 1026 1883 recte
1046 1850 1124 1882 sta-

463 1900 534 1936 tuit
569 1901 741 1948 Siebelis)
780 1906 817 1939 et
849 1901 978 1939 Tzetz.
1009 1901 1123 1949 (Chil.

463 1956 543 2003 Vll,
575 1960 676 2004 121,
707 1958 767 1994 ubi
792 1957 963 2007 legimus:
995 1954 1039 1996 ὃν
1068 1971 1125 1995 τε-

463 2015 607 2063 χνικῶς
626 2011 866 2065 ἐσφράγισεν
889 2012 1124 2053 ὁδακτυλιο-

465 2064 617 2120 γλύφος
652 2065 860 2120 Θεόδωρος
893 2069 914 2110 ὁ
941 2066 1124 2120 Σάμιος.)

465 2126 689 2170 Quibuscum
715 2129 809 2163 cons.
831 2127 1012 2165 Clement.
1041 2126 1127 2164 Ale-

465 2183 590 2219 xandr.
608 2182 772 2232 Paedag.
792 2184 842 2219 Ill
864 2197 898 2233 p.
912 2185 993 2225 289
1017 2183 1125 2220 Tom.

466 2238 480 2275 I
506 2240 626 2285 Pom,
659 2241 756 2277 unde
777 2240 892 2290 lyram
914 2239 1048 2276 annulo
1071 2240 1126 2275 in-

465 2295 641 2345 sculptam
656 2297 767 2334 fuisse
779 2298 908 2334 credas
928 2297 1022 2335 licet.
1046 2295 1127 2332 Nec

466 2351 574 2388 aliam
599 2351 733 2389 Minois
773 2366 839 2390 nec
874 2353 986 2390 Phoci
1015 2353 1125 2389 fuisse

466 2420 669 2456 gemmam,
712 2409 790 2446 iure
836 2410 994 2459 quodam
1039 2408 1125 2445 mihi

466 2477 608 2502 sumere
632 2478 740 2515 posse
759 2466 896 2503 videor.
941 2465 990 2502 Et
1011 2465 1126 2502 multo

467 2525 554 2558 ante
594 2520 793 2571 Polycratis
824 2527 988 2573 tempora
1018 2521 1126 2558 Mne-

466 2577 625 2623 sarchus,
638 2578 870 2628 Pythagorae
881 2583 999 2629 pater,
1017 2590 1125 2615 voca-

466 2638 526 2671 tur
548 2631 890 2685 δακτυλιογλύφος
917 2636 1016 2685 apud
1036 2634 1127 2671 Dio-

468 2703 550 2739 gen.
565 2689 688 2728 Laert.
704 2691 799 2738 Vlll,
823 2695 858 2738 1,
881 2696 1033 2728 notante
1057 2690 1124 2727 Cr.

469 2747 554 2790 Quo
584 2748 701 2796 magis
728 2749 851 2797 miror,
882 2749 924 2785 C.
953 2747 1000 2787 O.
1027 2747 1126 2784 Miil-

468 2802 531 2841 ler.
554 2803 781 2852 (Handbuch
803 2806 868 2841 der
889 2804 1128 2853 Archaeolog.

469 2873 554 2911 pag.
584 2860 657 2910 72)
688 2860 887 2899 Theodoro
919 2861 1006 2898 nihil
1030 2861 1128 2898 aliud

1179 495 1359 542 tribuere,
1400 497 1466 532 nisi
1513 497 1612 546 quod
1661 510 1842 546 gemmam

1179 563 1268 587 auro
1290 552 1485 590 incluserit.
1546 554 1663 597 Quem
1686 555 1842 591 eundem

1179 608 1354 645 artificem
1376 614 1450 646 tum
1475 610 1522 646 ob
1551 610 1695 648 huiusce
1717 610 1843 647 annuli

1180 676 1292 713 opus,
1334 669 1410 701 tum
1449 666 1496 702 ob
1531 666 1659 704 Croesi
1696 667 1842 704 calicem

1181 720 1299 767 Sillig.
1327 720 1347 757 l.
1379 721 1399 757 l.
1430 734 1515 771 pag.
1542 721 1624 763 443
1656 724 1732 760 iure
1758 724 1843 759 dicit

1187 776 1402 813 Theodorum
1436 779 1598 814 minorem
1625 780 1840 816 caelatorem.

1237 855 1489 911 χρυσόδετος]
1537 863 1720 899 imlt'catur
1750 862 1844 912 lapis

1181 929 1209 952 s.
1228 929 1363 963 gemma
1383 931 1470 953 auro
1494 919 1632 955 inclusa
1653 932 1681 955 s.
1697 921 1844 955 circum»

1182 972 1284 1018 data,
1315 972 1423 1022 plane
1443 979 1479 1009 ut
1498 976 1598 1024 apud
1615 976 1770 1012 Pausan.
1794 975 1844 1021 X,

1182 1030 1235 1068 30
1266 1027 1302 1078 ᾗ.
1323 1030 1348 1067 2
1377 1028 1529 1077 legimus
1551 1031 1750 1082 σφραγῖδα
1776 1029 1845 1069 ε’ν-

1182 1082 1395 1134 δεδεμένην
1417 1088 1562 1139 χρυσῷ,
1593 1088 1653 1123 ubi
1677 1086 1844 1134 Siebelis,

1181 1154 1254 1177 non
1275 1142 1463 1179 immemor
1482 1141 1548 1179 loci
1563 1143 1780 1190 Herodotei,
1791 1143 1843 1180 ci-

1180 1201 1233 1234 tat
1259 1197 1410 1235 Diodor.
1439 1198 1548 1235 Sicul.
1569 1199 1671 1247 XlX,
1691 1199 1744 1241 94
1763 1212 1844 1237 -me-

1180 1258 1384 1291 morantem
1423 1254 1658 1302 δακτυλίους
1692 1255 1843 1295 ἐνδεδε-

1181 1308 1326 1362 μένους
1347 1310 1503 1359 λίθους.

1239 1390 1541 1446 σμαράγδου
1598 1392 1670 1446 μὲν
1719 1394 1842 1433 λίθου

1181 1449 1315 1501 ἐοῦσα]
1349 1451 1615 1502 Sardonychem
1639 1451 1843 1501 Polycratis

1179 1521 1362 1557 gemmam
1399 1509 1511 1545 fuisse
1551 1508 1674 1545 scribit
1704 1507 1842 1544 Plinius

1180 1565 1202 1601 l.
1225 1564 1261 1611 l.,
1282 1577 1389 1613 quem
1411 1566 1574 1613 sequitur
1595 1564 1742 1601 Solinus
1763 1575 1844 1613 cap.

1179 1623 1232 1662 33
1251 1649 1261 1667 ,
1291 1621 1338 1657 ab
1365 1621 1557 1658 Herodoto
1583 1625 1738 1669 uterque
1769 1620 1845 1656 dis-

1180 1677 1353 1723 sentiens,
1373 1677 1455 1723 nisi‚
1477 1690 1572 1725 quae
1588 1676 1761 1713 Larcheri
1786 1679 1844 1713 est

1180 1733 1350 1783 suspicio,
1385 1734 1459 1769 duo
1484 1732 1683 1781 Polycratis
1711 1732 1846 1770 suerint

1181 1789 1323 1837 annuli,
1356 1802 1508 1838 quorum
1531 1790 1625 1827 alter
1647 1789 1692 1826 ab
1717 1789 1844 1826 Hero-

1182 1847 1293 1893 doto,
1324 1845 1415 1883 alter
1439 1858 1460 1882 a
1488 1845 1605 1883 Plinio
1626 1857 1845 1882 commemo-

1181 1907 1293 1939 retur.
1327 1901 1541 1949 Lessingius
1567 1903 1587 1938 l.
1608 1900 1630 1937 l.
1653 1914 1739 1952 pag.
1764 1902 1843 1942 183

1181 1958 1374 1995 Herodoto
1395 1958 1498 1995 unice
1519 1959 1554 1994 in
1575 1958 1629 1994 his
1650 1958 1760 1995 fidem
1781 1958 1846 1994 ha-

1184 2014 1260 2051 beri
1277 2013 1373 2059 vult3
1403 2015 1503 2063 quod
1528 2015 1624 2051 idem
1647 2014 1733 2051 mihi
1753 2026 1846 2063 qno-

1183 2083 1278 2119 que,
1309 2072 1473 2120 quamvis
1514 2070 1591 2107 aliis
1631 2071 1678 2108 de
1715 2070 1845 2117 causis,

1183 2127 1430 2175 maximopere
1460 2127 1594 2177 placet.
1677 2127 1735 2164 De
1766 2127 1845 2177 ipso

1182 2183 1396 2232 smaragdo,
1428 2183 1549 2234 lapide
1571 2184 1727 2221 maxime
1753 2184 1845 2220 duro

1182 2240 1341 2288 indeque
1390 2241 1438 2276 ad
1488 2239 1766 2290 insculpendum
1806 2243 1846 2276 ut

1182 2297 1324 2346 aptiore
1349 2297 1397 2332 ita
1414 2296 1614 2333 difficiliore
1640 2297 1692 2333 vir
1715 2297 1844 2333 doctus

1181 2354 1334 2398 monuit,
1353 2357 1507 2389 notante
1519 2352 1598 2399 Cr,
1621 2353 1655 2388 in
1675 2352 1737 2390 the
1754 2351 1847 2389 clas-

1183 2408 1269 2445 sical
1289 2408 1440 2445 Journal
1455 2408 1502 2445 1V
1524 2422 1559 2458 p.
1580 2410 1657 2449 167
1671 2421 1760 2457 seq.‚
1784 2407 1844 2444 ubi

1182 2465 1238 2501 hic
1270 2464 1367 2501 locus
1395 2465 1567 2513 tangitur.
1610 2464 1670 2501 Tu
1696 2465 1782 2500 add.
1800 2464 1844 2500 C.

1183 2522 1228 2557 Ο.
1259 2520 1398 2557 Miillcr.
1430 2521 1450 2557 l.
1476 2521 1496 2557 l.
1528 2533 1610 2570 pag.
1641 2521 1724 2561 380
1751 2532 1845 2569 seq.‚

1183 2578 1244 2626 qui
1267 2590 1348 2614 enm
1374 2590 1469 2614 nunc
1488 2577 1558 2613 dici
1577 2577 1628 2613 ait
1649 2576 1846 2624 lauchgrii-

1184 2646 1246 2670 uer
1258 2634 1450 2684 Helz'otrop.
1471 2630 1729 2682 -,,Ψευδιῖς
1747 2627 1846 2683 σμά-

1186 2691 1328 2741 ραγδος
1349 2690 1597 2739 Theophrasti
1617 2691 1674 2727 De
1695 2689 1843 2739 lapidib.

1186 2745 1223 2797 ἓ.
1244 2747 1296 2787 25
1321 2751 1374 2784 est
1391 2746 1599 2783 malachites
1618 2747 1704 2794 (der
1725 2745 1845 2783 Mala-

1185 2804 1289 2851 chit).
1308 2804 1389 2840 vid.
1414 2803 1626 2840 Schneideri
1647 2806 1786 2839 annott.
1809 2802 1844 2839 in

1186 2873 1267 2897 eum
1289 2859 1404 2899 locum
1425 2873 1463 2910 p.
1487 2861 1568 2900 557
1589 2860 1672 2910 sq.“
1705 2858 1768 2896 Cr.
