1863 3256
426 196 508 237 404

819 193 1287 234 HERODOTI

429 302 664 351 ἑκάστοισι,
709 304 781 348 καὶ
817 303 941 348 τοῦτ’
983 304 1073 346 ἔστι
1110 307 1190 346 τοῦ
1215 302 1374 357 ’Ἄρηος
1411 302 1460 345 τὸ
1490 301 1740 358 ἅγαλμα·8ο

427 372 568 430 τούτῳ
599 373 643 417 δὲ
673 378 733 430 τῷ
764 373 960 416 ἄκιυάκεϊ
987 375 1149 424 θυσίας
1169 374 1386 422 ἐπετείους
1412 371 1686 427 προσάγουσι

399 442 669 500 5προβάτωυ
706 444 778 486 καὶ
818 445 970 485 ἳππων.
1027 444 1099 487 καὶ
1130 443 1182 499 δὴ
1211 443 1285 486 καὶ
1313 442 1454 486 τοῖσδ’
1483 442 1544 485 ἔτι
1572 441 1685 484 πλέω

427 514 594 560 θύουσι
632 514 660 567 ἢ
693 518 806 555 τοῖσι
848 512 1014 557 ἄλλοισι
1047 519 1198 558 θεοῖσι.
1246 512 1410 564 ’Όσους
1440 512 1480 556 δ’
1514 512 1569 556 ἂν
1597 515 1686 555 τῶν

429 586 644 640 πολεμίων
674 579 945 638 ζωγρήσωσι,
986 583 1071 627 ἀπὸ
1101 589 1187 628 τῶν
1216 584 1371 628 ἑκατὸν
1412 582 1586 639 ἀνδρῶν
1615 582 1686 626 ἅν-

430 659 514 710 ὂρα
554 654 630 696 ἕνα
667 652 853 705 θύουσι,
900 652 1048 712 τρόπῳ
1093 653 1147 697 οὐ
1183 660 1245 713 τῷ
1284 653 1424 711 αὐτῷ,
1466 650 1499 712 ᾧ
1530 653 1687 697 καὶτὰ

400 724 654 779 6πρόβατα,
692 721 791 767 ἀλλ’
819 723 1010 784 ἑτεροίῳ.
1069 725 1200 768 ἐπεάν
1228 724 1310 781 γὰρ
1349 723 1471 768 οἶνον
1508 725 1742 769 {umnec-85

373 869 407 893 v.
433 869 463 893 c.
486 854 656 891 Clemens
676 849 774 887 Alex.
803 850 921 887 Protr.
947 850 995 888 T.
1016 850 1032 887 1

373 926 410 963 p.
429 911 482 951 40
500 910 598 948 Pott.
628 908 759 955 Neque
774 906 845 943 huc
865 919 937 943 non
950 919 1033 956 per-

374 968 516 1014 tinent,
546 978 642 1015 quae
671 964 718 1000 de
745 962 852 999 simili
872 963 1033 1012 lapidum

373 1023 629 1072 lignorumque
659 1032 726 1070 pro
748 1019 816 1055 diis
832 1019 1033 1055 habitorum

375 1079 472 1117 cultu
509 1079 606 1129 apud
634 1077 796 1113 Graecos
826 1076 1034 1113 Romanos-

377 1148 450 1186 que
473 1135 531 1172 hic
554 1134 624 1171 illic
634 1132 769 1170 tradita
790 1132 1032 1177 inveniuntur,

376 1204 445 1229 nec
474 1191 590 1239 magis
615 1202 679 1235 ea,
711 1200 805 1236 quae
830 1188 876 1224 de
897 1188 1033 1224 Carum

377 1247 466 1285 Iove
487 1247 636 1295 aliisque
655 1244 862 1281 numinibus
874 1243 941 1280 hoc
950 1256 1033 1280 mo-

379 1304 428 1341 do
447 1302 729 1354 repraesentatis
752 1304 790 1338 et
809 1299 926 1346 cultis,
955 1312 1033 1337 me-

378 1360 515 1398 moriae
537 1359 751 1409 produntur.
791 1356 898 1393 Conf.
920 1356 962 1392 C.
983 1356 1032 1394 O.

377 1415 524 1454 Miiller.
552 1414 698 1452 Handb.
731 1412 767 1450 d.
795 1411 1034 1461 Archaeolog.

378 1484 465 1524 pag.
485 1474 540 1513 42
558 1483 661 1520 seqq.
690 1469 845 1519 Propius
864 1468 933 1505 huc
951 1482 1036 1518 spe-

381 1532 481 1575 ctat,
519 1527 641 1575 quod,
669 1528 841 1562 monente
859 1523 1034 1561 Niebuhr.

378 1583 503 1621 Verm.
530 1581 674 1619 Schrist.
697 1581 715 1618 I
748 1595 784 1632 p.
804 1582 912 1626 362,
939 1580 1037 1617 idem

340 1658 343 1661 >
379 1638 513 1676 Martis
544 1639 610 1675 sub
637 1637 730 1675 sacri
759 1637 854 1674 ensis
874 1636 1037 1684 symbolo

379 1694 646 1745 repraesentati
698 1694 815 1730 cultus
859 1693 1038 1743 reperitur

380 1763 457 1789 non
473 1751 589 1788 solum
605 1750 704 1800 apud
723 1749 877 1786 Hunnos
902 1746 960 1801 (ut
979 1761 1040 1785 su-

380 1820 449 1859 pra
482 1803 656 1858 vidimus)
696 1805 761 1843 sub
796 1805 887 1843 duce
913 1803 1039 1853 Attila,

383 1876 510 1901 verum
532 1864 640 1901 etiam
662 1863 729 1899 sub
747 1861 1040 1910 Zingis-Chane

383 1920 484 1970 apud
551 1918 729 1957 Tartaros
786 1917 1039 1966 Mongolosve.

384 1975 609 2024 Chalybum,
639 1975 703 2023 qui
729 1977 767 2012 et
790 1974 878 2024 ipsis
896 1973 1039 2022 Scythis

382 2032 597 2070 accensendi
640 2031 736 2077 sint,
780 2031 915 2079 quique
953 2030 1038 2067 ferri

383 2088 565 2125 tractandi
584 2090 663 2125 arte
687 2086 946 2137 praecellentes
967 2087 1039 2122 ser-

384 2156 448 2181 rea
470 2156 616 2193 quoque
646 2143 742 2181 ensis
769 2142 932 2191 symbola
952 2154 1039 2179 con-

385 2200 568 2238 stituerint
595 2199 736 2245 divina,
767 2198 929 2237 meminit
957 2199 1040 2235 Rit—

384 2258 449 2292 ter.
465 2255 655 2292 Erdkund.
672 2255 703 2292 ll
722 2268 756 2305 p.
767 2256 864 2302 789,
881 2256 1038 2300 acinace,

384 2309 527 2348 Persica
547 2311 621 2348 scil.
642 2324 730 2349 voce
754 2312 939 2359 designari
958 2324 1037 2347 mo-

382 2378 473 2404 nens
496 2379 618 2404 ensem
643 2367 717 2404 sive
740 2367 892 2404 cultrum
913 2379 1039 2403 curva-

383 2426 459 2458 tum
486 2423 654 2472 pugionis
682 2423 822 2460 sicaeve
846 2423 893 2459 ad
914 2423 1038 2469 instar,

384 2478 554 2526 gentibus
607 2478 783 2526 Scythicis
838 2479 1038 2528 proprium,

383 2547 458 2583 quo
486 2533 603 2570 adhuc
633 2533 756 2583 populi
785 2533 851 2570 illis
870 2535 906 2570 in
927 2533 1037 2571 Asiae

386 2590 559 2626 tractibus
579 2589 794 2634 habitantes,
818 2594 858 2626 ut
875 2602 906 2624 v.
927 2602 955 2626 c.
975 2589 1041 2625 As-

385 2646 493 2694 gani,
522 2646 648 2682 armati
663 2646 940 2695 conspiciantur.
977 2644 1039 2682 Tu

385 2702 480 2738 conf.
513 2702 620 2738 etiam
651 2706 741 2738 nott.
764 2701 812 2737 ad
837 2701 868 2747 l,
898 2701 978 2742 215
1000 2704 1038 2738 et

385 2756 529 2794 Hoeck.
551 2757 663 2794 Creta
680 2758 694 2793 1
712 2770 797 2808 pag.
822 2756 915 2798 294.

436 2815 492 2869 τῷ
536 2809 700 2864 aiveina]
746 2813 846 2851 Libri
890 2813 1037 2863 quidam

1089 845 1275 904 ἀκινάκῃ.
1328 850 1390 888 Tu
1414 852 1507 887 conf.
1537 850 1609 898 Ill,
1651 852 1744 893 128.

1087 906 1147 943 Ad
1175 908 1285 944 verba
1312 919 1415 956 seqq.
1437 903 1649 957 προβάτων
1675 906 1744 946 καὶ

1087 962 1222 1000 ἵππων
1253 964 1348 1000 conf.
1378 963 1447 1009 lv,
1478 965 1543 1002 61.
1576 985 1627 990 —
1673 963 1744 1011 „ld

1089 1019 1265 1066 observo,
1317 1019 1427 1055 verba
1471 1017 1539 1056 καὶ
1585 1015 1635 1069 δή
1676 1018 1744 1058 καὶ

1088 1069 1218 1113 τοῖσδ’
1247 1077 1424 1122 acinaces,
1457 1087 1548 1123 quos
1585 1076 1745 1124 singulos

1087 1131 1125 1168 in
1147 1132 1354 1180 regionibus
1375 1131 1562 1180 depositos
1582 1132 1662 1182 plus
1683 1145 1746 1175 ve-

1087 1188 1321 1233 nerabantur,
1345 1201 1453 1236 quam
1474 1193 1636 1225 caeteros
1658 1201 1746 1227 suae

1087 1244 1245 1280 nationis
1264 1245 1365 1290 deos,
1382 1248 1592 1282 monstrare.
1625 1244 1747 1293 Quae,

1089 1300 1143 1336 uti
1165 1312 1250 1337 vera
1268 1304 1363 1346 sunt,
1387 1300 1581 1349 prohibent
1601 1313 1747 1339 omnem

1088 1356 1281 1393 verborum
1299 1356 1573 1395 novationem.“
1619 1356 1688 1395 We
1698 1371 1714 1394 s
1723 1378 1745 1386 -

1090 1411 1205 1450 selin
1214 1424 1251 1461 g.

1151 1516 1183 1578 ᾦ
1213 1521 1281 1562 καὶ
1308 1520 1355 1562 τοὶ
1389 1518 1597 1576 πρόβατα]
1636 1524 1748 1564 Rela-

1091 1579 1206 1617 tivum
1254 1581 1453 1630 aspiratum
1498 1594 1577 1619 cum
1614 1582 1652 1618 in
1692 1583 1748 1619 his

1093 1640 1192 1673 stare
1222 1648 1332 1686 posse
1362 1641 1474 1685 neget
1490 1638 1624 1675 Struve
1645 1637 1667 1675 l.
1687 1638 1710 1675 l.
1732 1637 1750 1675 1

1093 1705 1129 1742 p.
1150 1690 1216 1733 24.
1236 1695 1310 1739 26,
1339 1693 1502 1731 voculam
1524 1688 1555 1747 ᾦ
1573 1694 1629 1731 vel
1646 1707 1752 1745 pror-

1095 1761 1156 1785 sus
1188 1747 1266 1786 eiici
1289 1748 1344 1785 vel
1361 1749 1395 1785 in
1414 1751 1466 1802 τῷ
1485 1751 1647 1788 converti
1664 1750 1750 1789 vult.

1095 1804 1276 1854 Equidem
1301 1817 1324 1842 a
1339 1804 1437 1842 libris
1459 1807 1599 1856 scriptis
1621 1807 1678 1844 hic
1693 1820 1752 1846 re-

1095 1861 1226 1898 cedere
1255 1873 1330 1897 non
1359 1874 1467 1899 ausus
1496 1875 1587 1899 sum.
1612 1884 1669 1891 --
1707 1864 1750 1901 lu

1095 1929 1198 1966 seqq.
1222 1918 1271 1954 ad
1289 1916 1541 1957 ἐπισπείσωσι
1558 1919 1676 1967 cf.1V‚
1694 1920 1750 1962 59

1095 1977 1132 2010 et
1144 1974 1191 2010 de
1211 1986 1277 2010 usu
1292 1975 1617 2024 praepositionisin
1631 1978 1750 2014 verbis

1093 2025 1192 2068 κατοὶ
1213 2031 1294 2068 τῶν
1315 2029 1518 2079 κεφαλέων
1530 2031 1665 2072 Matth.
1681 2033 1750 2071 Gr.

1094 2086 1160 2122 Gr.
1182 2099 1218 2135 p.
1245 2084 1362 2126 1152.
1399 2087 1548 2125 Fischer
1579 2088 1626 2125 ad
1649 2089 1752 2127 wel-

1094 2141 1158 2179 ler.
1180 2141 1243 2188 ΙΙΙ,
1270 2144 1294 2182 6
1314 2155 1350 2192 p.
1377 2145 1468 2183 178.
1499 2144 1591 2181 Cum
1608 2145 1748 2183 verbis:

1096 2193 1377 2245 ἀποσφάζουσι
1428 2222 1479 2229 —-
1537 2198 1577 2246 ἐς
1629 2198 1749 2252 ἄγγος

1094 2255 1340 2304 comparanda
1369 2259 1498 2302 erunt,
1529 2268 1623 2305 quae
1639 2270 1750 2307 supra

1094 2310 1263 2359 leguntur
1288 2310 1358 2357 ΙΙΙ,
1400 2314 1446 2350 11
1486 2310 1656 2360 ἔσφαζον
1692 2333 1747 2340 -·

1095 2365 1134 2412 ἐς
1163 2363 1234 2405 τὸν
1263 2369 1450 2417 κρητῆρα.
1505 2367 1587 2410 Quo
1617 2369 1747 2406 eodem

1093 2422 1190 2458 haud
1220 2422 1292 2458 scio
1310 2434 1356 2458 an
1375 2423 1553 2472 pertineat
1570 2429 1750 2462 structura

1092 2478 1302 2514 verborum:
1332 2477 1562 2527 καταχέουσι
1587 2476 1629 2519 τὸ
1650 2476 1748 2531 αἷμα

1093 2535 1164 2571 τοῦ
1178 2528 1395 2579 οἷκινοῖκεος.
1422 2535 1478 2570 Ad
1492 2542 1747 2583 argumentum

1093 2589 1162 2625 loci
1181 2590 1282 2637 quod
1298 2590 1450 2636 attinet,
1480 2590 1654 2630 humanas
1673 2592 1747 2630 scil.

1094 2646 1278 2691 victimas,
1327 2646 1555 2696 Scythasque
1591 2649 1637 2686 ab
1678 2649 1748 2686 hoc

1095 2702 1229 2737 crudeli
1253 2715 1354 2739 more
1384 2702 1476 2740 male
1503 2705 1651 2743 infames
1678 2704 1746 2742 Cr.

1093 2756 1217 2793 laudat
1252 2758 1508 2806 wyttenbach.
1557 2761 1606 2799 ad
1651 2761 1744 2799 Plut.

1093 2811 1236 2851 Morall.
1254 2814 1293 2863 l,
1323 2816 1350 2854 2
1368 2827 1405 2865 p.
1431 2817 1550 2858 1036.
