1946 3272
433 231 490 270 66
830 228 1300 268 HERODOTI

432 336 604 389 νέουσι,
647 338 756 395 δῆλά
797 355 865 382 τοι
903 339 1066 394 γέγονε.

1126 341 1214 380 νῦν
1251 337 1296 381 δέ
1335 355 1410 393 μοι
1450 338 1559 390 εἰπὲ,
1604 340 1700 381 τίνα

433 406 543 460 εἶδες
570 409 654 465 ἤδη
683 408 860 453 πάντων
891 409 1140 463 ἀνθρώπων
1170 407 1310 460 οὕτως
1327 410 1540 452 ἐπίσκοπα
1557 407 1697 460 τοξεύ-

406 484 603 529 5οντα;“
658 479 920 534 Πρηξάσπεα
948 482 993 522 δὲ
1016 479 1199 533 ὁρέοντα
1223 479 1361 533 ἄνδρα
1384 478 1437 522 οὐ
1470 479 1701 534 φρενήρεα,
1714 487 1759 521 55

434 551 506 594 καὶ
526 551 621 604 περὶ
643 549 790 607 ἑωυτῷ
815 552 1115 604 δειμαίνοντα,
1147 551 1303 593 εἰπεῖν’
1334 551 1578 603 ,,Δέσποτα,
1601 548 1701 593 οὐδ’

443 620 497 664 ἂν
540 619 677 664 αὐτὸν
715 619 846 674 ἔγωγε
885 621 1021 663 δοκέω
1052 621 1129 664 τὸν
1166 621 1272 664 θεὸν
1312 620 1428 664 οὕτω
1467 619 1523 663 ἂν
1559 625 1703 672 καλῶς

406 692 661 748 6βαλέειν.“
727 689 830 732 Τότε
861 690 939 746 μὲν
971 696 1108 734 ταῦτα
1139 690 1407 747 ἐξεργάσατο·
1449 690 1627 745 ἒτέρωδι
1658 691 1703 735 δὲ

436 762 656 815 Περσέων,
689 759 820 814 ὁμοῖα
850 767 964 805 τοῖσι
994 763 1225 817 πρώτοισι,
1257 761 1455 806 δυώδεκα
1483 760 1551 805 ἐπ’
1585 761 1703 805 οὐδε-

434 836 512 888 μιῇ
551 832 666 887 αἰτίῃ
706 831 912 890 οἷξιόχρεῳ
965 832 1094 885 ἑλών,

431 900 662 956 κατώρυξε.

436 1103 565 1154 οὕτως
593 1106 789 1146 ἐπίσκοπα
812 1101 1040 1155 τοξεύοντα]

379 1163 578 1204 ἐπίσκοπα
609 1162 695 1212 (ubi
729 1163 947 1200 adiectivum
977 1176 1043 1212 pro

380 1222 553 1258 adverbio
571 1221 657 1270 poni
677 1218 897 1269 existimem)
910 1214 1044 1265 τοξεύ-

382 1292 439 1316 ειν
461 1278 508 1314 de
538 1290 581 1314 eo
603 1275 764 1326 accipio,
807 1277 868 1324 qui
893 1289 1042 1325 scopum

379 1334 507 1380 feriat,
549 1334 612 1382 qui
634 1333 809 1380 sagittam
829 1333 876 1367 ad
896 1345 1044 1379 scopum

381 1391 533 1438 adigere
548 1391 650 1426 sciat.
669 1387 1046 1435 ETheocrit.XX1V,

384 1449 464 1487 105
490 1446 658 1483 Larcher.
690 1444 799 1481 affert
825 1443 1045 1483 ἐπίσκοπον

383 1498 530 1542 ὀϊστόν.
567 1501 689 1550 Magis
706 1501 773 1537 huc
788 1502 933 1547 faciunt,
951 1513 1046 1550 quae

382 1559 502 1596 attulit
523 1558 661 1596 lacobs.
685 1558 732 1594 ad
754 1557 879 1593 Achill.
902 1558 985 1595 Tat.
1003 1558 1046 1605 ΙΙ,

383 1618 437 1656 29
456 1616 523 1662 (ad
541 1629 576 1665 p.
600 1613 668 1661 49,
689 1615 734 1661 9)
763 1626 799 1663 p.
825 1615 917 1654 573.
950 1614 1048 1650 Add.

383 1672 543 1721 Hesych.
566 1684 594 1708 s.
609 1684 642 1707 v.
664 1670 883 1709 ἐπίσκοπα·
906 1666 1047 1722 τυγχά-

383 1729 590 1768 νοντατοῦ
614 1729 781 1772 σκοποῦ,
812 1726 1047 1763 ub1v1dA1-

385 1786 476 1822 bert.
498 1784 546 1821 T.
570 1785 639 1834 Ip.
656 1782 777 1823 1385.
816 1782 925 1834 Apud
940 1783 1048 1820 Eleos

385 1841 566 1879 invenitur
613 1835 832 1879 ἐπισκόπου
876 1835 1049 1891 Ἀρτέμι-

387 1899 454 1943 δος
474 1895 649 1946 templum
674 1901 769 1933 teste
792 1896 987 1933 Plutarcho
1015 1896 1047 1933 ΙΙ

385 1968 421 2005 p.
443 1955 525 1994 302
546 1954 588 1989 C.
637 1952 735 1988 Hinc
754 1952 901 1988 verbum
923 1956 1048 2001 poste-

386 2010 489 2046 rioris
536 2009 665 2046 aetatis
706 2007 958 2055 ἐπισκοπεῖν,
1002 2009 1049 2045 de

388 2079 461 2115 quo
485 2064 650 2102 Lobeck.
673 2064 720 2100 ad
741 2064 933 2113 Phrynich.
962 2077 1047 2114 pag,

389 2122 482 2163 591,
501 2141 558 2147 —-
601 2120 658 2157 De
687 2121 827 2157 ratione
849 2133 891 2157 ac
912 2121 1051 2169 signifi-

389 2178 531 2215 catione
547 2189 650 2213 arcus
676 2176 873 2226 symbolica
893 2177 1049 2214 diximus

389 2236 437 2271 ad
459 2234 524 2279 ΙΙΙ,
545 2235 608 2272 21.

446 2288 566 2339 ὁμοῖα
585 2292 686 2328 τοῖσι
704 2283 911 2338 πρώτοισι]
933 2288 1051 2325 Vertit

390 2346 613 2394 Schweigh.:
656 2358 725 2381 uon
754 2345 919 2381 dissonat
942 2347 1050 2381 ratio-

390 2416 443 2439 ηε.
503 2402 633 2439 Melius
683 2402 814 2450 opinor
865 2401 1050 2438 Letrouue

393 2457 537 2508 (Journ.
565 2460 600 2494 d.
623 2459 707 2493 Sav.
738 2460 844 2497 1817
866 2471 949 2507 pag.
975 2457 1048 2506 97)

391 2514 532 2551 Vallum
557 2520 719 2551 secutus:
747 2514 959 2562 primoribus
981 2527 1049 2562 pa-

392 2584 456 2607 res.
510 2571 654 2608 Retinui
682 2568 815 2618 ὁμοῖα,
854 2571 950 2607 cuius
972 2572 1050 2606 loco

392 2627 473 2664 libri
490 2628 636 2676 quidam
658 2624 828 2675 ὁμοίως,
869 2627 967 2675 quod
991 2639 1051 2662 su-

393 2696 459 2734 pra
478 2683 522 2730 ΙΙ,
545 2685 599 2723 57
618 2684 837 2732 recepimus,
869 2683 967 2731 quod
992 2695 1051 2719 ve-

394 2752 434 2776 ro
455 2739 533 2786 hic,
571 2744 743 2777 mutatam
773 2740 820 2775 ob
851 2738 916 2775 loci
939 2739 1051 2774 ratio-

394 2809 500 2842 nem,
536 2796 647 2847 recipi
681 2795 777 2831 haud
812 2796 941 2845 potuit.
990 2795 1049 2832 Tu

395 2853 489 2889 conf.
515 2865 611 2901 quae
635 2852 722 2890 citat
743 2851 948 2889 Letronne:
987 2851 1050 2898 ΙΙΙ,

1152 833 1342 888 ζώοντας
1391 833 1460 876 ἐπὶ
1507 832 1706 889 κεφαλήν

1101 1106 1138 1144 8.
1160 1103 1225 1144 57.
1245 1106 1310 1144 68.
1334 1105 1414 1149 VH,
1436 1103 1636 1146 116.141.
1658 1104 1764 1142 Thu-

1102 1162 1183 1211 cyd.
1210 1163 1235 1207 Ι,
1254 1162 1320 1202 25.
1354 1162 1435 1209 Vll,
1455 1164 1522 1202 29.
1571 1162 1765 1199 Hemster-

1102 1218 1179 1254 hus.
1211 1219 1258 1254 ad
1287 1218 1436 1255 Lucian.
1463 1219 1588 1255 somn.
1617 1216 1653 1269 ἓ.
1676 1220 1702 1258 2
1724 1220 1762 1268 pss

1105 1277 1186 1315 172
1216 1276 1273 1312 ed.
1300 1275 1382 1324 Bip.
1407 1274 1572 1325 Leunep.
1603 1275 1651 1312 ad
1668 1274 1765 1311 Pha-

1102 1330 1204 1367 larid.
1222 1344 1306 1381 pag.
1329 1329 1422 1371 314.

1161 1382 1330 1433 ζώοντας
1350 1387 1413 1426 ἐπὶ
1434 1383 1615 1436 κεφαλὴν
1639 1381 1766 1425 κατώ-

1103 1444 1207 1494 ρυξε]
1247 1444 1448 1493 Schweigh.
1472 1444 1561 1480 haec
1580 1445 1630 1481 ita
1655 1445 1766 1480 inter-

1102 1506 1266 1550 pretatur
1289 1514 1297 1537 :
1343 1503 1438 1537 vivos
1476 1503 1611 1536 inverso
1650 1502 1766 1550 capite

1105 1556 1204 1593 terrei
1235 1559 1337 1593 iussit
1367 1557 1496 1607 defodi.
1536 1557 1697 1594 Fischer.
1719 1556 1768 1592 ad

1106 1613 1259 1652 WVeller.
1283 1614 1343 1660 111,
1364 1616 1387 1653 6
1410 1628 1444 1664 p.
1470 1611 1553 1654 242
1573 1613 1683 1650 verba
1704 1611 1766 1651 ἐπὶ

1104 1667 1178 1717 τήν
1206 1667 1386 1719 κεφαλὴν
1415 1670 1586 1719 explicat:
1638 1670 1689 1706 bis
1719 1682 1769 1705 an

1107 1726 1174 1762 (len
1197 1725 1303 1776 Kopf.
1352 1726 1533 1775 Equidem
1555 1725 1674 1762 malim
1699 1725 1769 1762 huc

1104 1783 1240 1820 leforre
1261 1783 1481 1820 locutionem
1499 1780 1562 1820 ἐπὶ
1588 1778 1768 1832 κεφαλήν

1105 1844 1142 1876 et
1163 1838 1224 1877 ἐπὶ
1247 1841 1424 1887 κεφαλῆς
1444 1839 1614 1886 πίπτειν,
1638 1839 1684 1875 de
1698 1837 1771 1886 qna

1104 1894 1266 1932 Lobeck.
1287 1896 1334 1932 ad
1356 1894 1550 1932 Phrvnich.
1571 1907 1655 1944 pag.
1674 1893 1769 1935 440.

1108 1951 1317 1988 Herodotus
1349 1951 1419 1996 ΙΙΙ,
1448 1950 1499 1990 75
1532 1951 1593 1987 fin
1636 1945 1769 2000 α’πηκε

1106 2003 1252 2046 ἑωυτὸν
1285 2006 1366 2045 ἐπὶ
1396 2003 1628 2056 νεφαλήν
1655 2005 1768 2058 φέρε-

1107 2067 1204 2101 σθαι
1238 2059 1317 2102 α’πο
1348 2065 1421 2101 τοῦ
1453 2059 1608 2115 πύργου
1649 2078 1768 2102 narco-

1106 2120 1138 2156 V
1145 2120 1187 2166 ΙΙ,
1216 2122 1292 2161 136
1324 2115 1547 2170 ωθεόμενοι
1571 2135 1671 2171 προς
1697 2135 1768 2158 αυ-

1105 2178 1185 2214 τῶν
1240 2175 1321 2214 ἐπὶ
1376 2172 1622 2227 κεφαλήν.
1673 2176 1767 2213 Plat.

1106 2232 1201 2282 Rep.
1222 2232 1255 2269 Χ
1260 2232 1320 2279 ΙΙΙ,
1343 2235 1367 2270 7
1390 2231 1424 2283 §.
1445 2233 1525 2273 553
1569 2231 1652 2272 ἐπὶ
1688 2246 1768 2271 κε-

1108 2285 1280 2339 φαλήν
1310 2284 1413 2327 ω’θεῐ
1444 2288 1485 2327 ἐκ
1511 2291 1583 2327 τοῦ
1609 2285 1767 2339 θρόνου

1105 2365 1161 2372 ·-—
1183 2346 1424 2394 φιλοτιμίαν.
1456 2367 1508 2374 —
1557 2345 1614 2381 Ad
1650 2347 1767 2395 ipsam

1105 2413 1179 2436 rem
1199 2404 1291 2438 conf.
1308 2402 1389 2448 VH,
1414 2401 1503 2442 114.
1540 2400 1619 2438 Alia
1639 2402 1769 2438 crude-

1106 2456 1226 2494 lissimi
1264 2459 1367 2494 huius
1403 2457 1568 2507 supplicii
1600 2457 1768 2507 exempla

1106 2515 1256 2563 praebet
1269 2515 1428 2550 Brisson.
1450 2514 1470 2550 Ι.
1485 2514 1504 2551 Ι.
1528 2514 1680 2561 ΙΙ,218,
1694 2526 1767 2563 quo

1105 2583 1191 2606 usus
1210 2584 1287 2607 sum
1307 2572 1352 2607 ad
1371 2571 1520 2607 Ctesiae
1538 2572 1704 2619 fragium.
1729 2567 1766 2620 §.

1107 2626 1161 2665 42
1182 2641 1215 2676 p.
1237 2629 1324 2668 182.
1375 2627 1556 2663 observat
1578 2627 1687 2664 Italus
1712 2627 1768 2663 in-

1107 2687 1248 2732 terpres
1265 2712 1274 2729 ‚
1335 2684 1432 2733 apud
1470 2682 1577 2719 {talos
1619 2695 1767 2732 quoque

1107 2738 1189 2775 olim
1213 2740 1279 2776 hoc
1305 2740 1469 2790 supplicii
1497 2752 1613 2787 genus
1642 2741 1678 2776 in
1697 2752 1765 2776 usu

1107 2796 1233 2841 fuisse,
1280 2797 1338 2832 ubi
1373 2801 1538 2832 vocatum
1565 2800 1640 2833 est:
1681 2808 1765 2846 pro-

1102 2854 1331 2901 pagginare‚
1381 2853 1526 2889 nomine
1564 2853 1676 2890 ducto
1716 2852 1766 2889 de
