1946 3272
634 197 979 239 THAL1A.
1034 199 1100 240 111.
1420 209 1502 248 145

171 309 360 353 11ποιὲει
390 307 531 354 οὐδέν.
587 307 711 365 πάλῳ
751 308 831 364 μὲν
868 307 1005 365 ἀρχὰς
1044 307 1189 365 ἄρχει,
1238 308 1558 358 ὑπεύθυνον45

225 382 272 425 δὲ
302 380 438 437 ἀρχὴν
466 380 570 435 ἔχει,
613 379 893 436 βουλεύματα
925 379 972 423 δὲ
1002 378 1144 423 πάντα
1184 379 1227 430 ἐς
1267 379 1317 424 τό
1349 383 1503 427 κοινόν

227 450 446 508 ἀναφέρει.

522 453 707 508 Τίθεμαι
751 445 813 494 ὧν
860 450 1065 508 γνώμην,
1125 449 1327 507 μετέντας
1367 450 1504 508 ἡμέας

223 525 511 581 μουναρχίην,
555 522 604 566 τὸ
641 526 812 579 πλῆθος
850 521 1006 574 ἀέξειν·
1056 520 1103 564 ἐν
1139 521 1224 578 γάρ
1263 525 1324 579 τῷ
1353 526 1504 580 πολλῷ

223 596 290 639 ἔνι
317 595 370 638 τὰ
399 594 552 638 πάντα.
568 599 594 619 “

165 799 263 837 cedit
290 798 376 836 inde
404 797 464 835 illa
493 797 641 847 quidem
663 798 712 834 ad
742 797 830 848 ι’ση-

164 855 329 908 γορίανς
362 859 515 905 utraque
531 859 652 892 autem
674 855 830 892 maxime

163 913 324 963 pertinet
353 912 402 948 ad
439 911 654 962 popularem
687 912 828 961 imperii

164 973 312 1015 statum,
334 969 409 1005 sive
420 969 692 1005 democratiam.
720 969 830 1005 Conf.

164 1025 209 1063 C.
229 1025 291 1062 Fr.
317 1026 519 1062 Hermann.
540 1025 733 1062 Lehrbuch
765 1025 831 1062 der

164 1082 312 1120 Griech.
331 1082 601 1119 Staatsalterth.
627 1080 665 1132 ᾖ.
679 1084 732 1122 66
754 1086 830 1118 not.

164 1141 216 1185 6,
247 1140 309 1188 qui
338 1139 435 1176 idem
457 1142 534 1175 not.
567 1141 587 1178 1
619 1140 665 1175 de
691 1138 830 1175 Demo-

163 1196 299 1232 cratiae
333 1193 503 1231 laudibus
546 1194 583 1230 in
619 1195 829 1232 universum

163 1250 374 1289 consulatur
393 1251 442 1288 ad
463 1251 498 1288 h.
518 1250 541 1288 l.

217 1303 331 1361 πάλῳ
354 1305 426 1357 μὲν
448 1303 573 1358 οἷρχᾶς
593 1304 718 1358 ἄρχει]
750 1308 772 1345 i.
794 1321 827 1346 e.

161 1368 252 1402 sorte
281 1366 377 1413 gerit
408 1367 666 1413 magz‘stratus;
696 1370 829 1414 quate-

160 1434 229 1459 nus
252 1435 315 1469 sc.,
346 1422 408 1470 qui
429 1422 661 1471 magistratus
684 1426 828 1471 gerant,

160 1483 259 1515 sorte
270 1477 453 1527 eliguntur
463 1481 558 1515 inter
569 1480 665 1517 cives
679 1492 754 1526 eOS,
765 1480 827 1529 qui

160 1535 326 1573 examine
343 1542 429 1573 ante
446 1536 627 1582 instituto,
648 1537 735 1573 satis
749 1537 828 1574 fue-

159 1592 231 1629 rint
267 1592 436 1642 probati3
483 1592 521 1629 id
564 1593 684 1641 quod,
730 1597 826 1631 teste

160 1647 360 1686 Aristotele
386 1649 424 1686 in
451 1648 557 1685 Polit.
588 1649 658 1695 lv,
683 1653 709 1690 7
739 1648 775 1700 ᾗ.
799 1651 826 1690 3

159 1705 330 1742 Schneid.
364 1718 431 1755 pro
463 1706 619 1742 maximo
648 1706 826 1743 libertatis

159 1762 294 1798 indicio
315 1774 382 1811 per
396 1762 576 1800 Graeciae
601 1763 764 1800 civitates
785 1762 828 1799 li-

160 1818 269 1856 beras
290 1818 506 1856 habebatur.
566 1819 621 1856 Ac
649 1821 738 1856 satis
760 1832 827 1856 no-

158 1879 235 1912 tum
285 1879 363 1920 est,
403 1874 555 1912 Athenis
598 1876 825 1926 potissimum

158 1944 284 1969 omnes
307 1932 384 1969 fere
402 1932 635 1981 magistratus
655 1934 707 1969 sic
725 1937 826 1970 sorte

156 1989 272 2026 fuisse
289 1987 430 2025 delatos
448 1989 483 2025 in
495 2002 613 2038 eoque
627 1990 708 2040 ipso
719 1989 826 2027 valde

159 2045 226 2082 sibi
251 2044 433 2095 placuisse
450 2046 635 2096 populum.
667 2046 755 2083 Aliis
773 2046 829 2082 lo-

157 2102 208 2139 cis
219 2102 314 2139 idem
333 2101 534 2139 obtinuisse
543 2107 647 2153 patet
659 2116 703 2140 ex
724 2103 826 2140 Titt-

157 2171 279 2196 mann.
302 2157 476 2196 Darstell.
511 2159 577 2196 der
597 2159 823 2197 Griechiseh.

158 2216 376 2253 Staatsverf.
405 2229 490 2266 pag.
515 2218 597 2257 538
626 2216 707 2254 coll.
737 2229 823 2267 pag.

157 2273 239 2313 308
257 2296 308 2302 —-
321 2271 418 2318 314,
441 2274 502 2309 ubi
524 2272 687 2322 singulos
706 2275 824 2322 magi—

158 2332 415 2376 stratus‚sorte
431 2328 584 2371 Athenis
598 2330 746 2376 electos,
767 2343 825 2368 re-

157 2390 294 2423 censet.
344 2385 441 2422 Add.
464 2386 508 2423 C.
531 2386 594 2423 Fr.
620 2387 823 2425 Hermann.

156 2441 180 2479 l.
210 2441 233 2478 l.
269 2440 412 2492 §.149
449 2447 525 2479 not.
553 2445 590 2483 2.
624 2443 692 2481 Cr.
726 2445 822 2481 conf.

157 2498 445 2549 Harencarspel:
476 2498 534 2537 De
546 2500 681 2537 tribun.
706 2499 823 2550 plebis

156 2554 395 2602 institutione,
408 2555 509 2593 Trai.
521 2557 568 2593 ad
580 2557 699 2595 Rhen.
715 2559 823 2599 1820

157 2622 243 2660 pag.
264 2615 301 2653 2.

216 2663 455 2707 ’ὑπεύθυνον
492 2666 535 2708 δὲ
568 2664 696 2721 οἷρχήν
727 2668 820 2720 ἔχει]

160 2722 396 2761 Constituunt
419 2725 521 2773 haec,
543 2727 597 2765 vel
616 2733 713 2765 certe
735 2740 822 2764 con-

160 2779 309 2816 stituere
319 2782 556 2831 putabantur,
568 2789 737 2821 naturam
750 2784 821 2821 rei-

158 2834 324 2886 publicae
353 2837 488 2875 liberae
517 2841 616 2891 apud
644 2841 822 2887 Graecos,

214 2890 423 2929 Hnnonoac.
442 2891 489 2930 11.

651 591 833 650 Ὀτάνης
862 593 941 649 μὲν
960 592 1014 650 δή
1042 592 1207 651 ταύτην
1225 594 1305 651 τὴν
1322 594 1502 651 γνώμην
1512 603 1557 637 50

889 800 931 834 ut
969 795 1206 845 magistratus
1251 796 1385 847 singuli
1430 811 1558 836 mune-

888 854 938 890 ris
969 853 1148 890 rationem
1176 853 1313 903 populo
1343 854 1558 892 redderent.

890 910 1004 954 Quod
1029 909 1182 946 Athenis
1205 910 1369 960 inprimis
1401 911 1559 950 valuisse

886 979 995 1004 nemo
1015 971 1092 1013 est,
1123 966 1186 1015 qui
1213 968 1363 1004 nesciat.
1384 990 1438 995 -—
1470 968 1558 1005 Plu-

886 1024 977 1060 rima
997 1023 1116 1059 hanc
1107 1036 1143 1059 m
1162 1035 1237 1060 rem
1263 1023 1470 1062 Tittmann.
1488 1024 1510 1062 l.
1530 1025 1555 1063 l.

886 1093 972 1130 pag.
994 1079 1077 1121 324
1095 1091 1200 1128 seqq.
1245 1080 1344 1117 Hinc
1362 1094 1423 1118 rex
1446 1095 1475 1118 s.
1498 1086 1557 1131 t)-

886 1148 1022 1173 rannus
1052 1130 1306 1184 α’νεύθυνος5
1338 1137 1421 1175 vide
1443 1151 1556 1189 supra

884 1197 980 1229 nott.

943 1244 1197 1301 βουλεύματα
1225 1246 1268 1288 δὲ
1293 1244 1426 1288 πάντα
1450 1248 1490 1297 ἐς
1514 1247 1557 1290 τὸ

885 1303 1021 1346 κοινὸν
1055 1301 1272 1358 οἷναφέρει]
1304 1307 1346 1343 In
1372 1306 1556 1345 Graeciae

883 1363 1089 1400 civitatibus
1100 1363 1223 1401 liberis
1239 1363 1360 1400 omnia
1371 1364 1418 1401 ad
1435 1376 1557 1414 popu-

884 1420 958 1457 lum
980 1420 1135 1470 eiusque
1149 1421 1341 1457 conciones
1362 1419 1475 1458 relata
1496 1421 1554 1457 in-

884 1477 1005 1526 deque
1024 1478 1127 1515 unice
1145 1489 1323 1528 suspensa
1340 1477 1467 1524 fuisse,
1498 1477 1551 1515 ita

883 1538 926 1571 ut
948 1533 1041 1571 liber
1065 1534 1223 1584 populus
1247 1535 1283 1571 in
1307 1534 1481 1572 concione
1503 1534 1552 1572 de

884 1591 1066 1637 omnibus,
1098 1604 1196 1640 quae
1214 1591 1263 1627 ad
1279 1591 1478 1637 civitatem,
1503 1591 1552 1628 ad

884 1648 1072 1696 regiminis
1104 1647 1282 1695 formam,
1321 1647 1369 1685 ad
1404 1647 1554 1694 iudicia,

885 1704 955 1742 alia
976 1704 1215 1754 pertinerent,
1227 1717 1367 1741 summo
1386 1703 1467 1741 loco
1488 1704 1557 1741 de-

884 1765 1070 1808 cerneret,
1108 1761 1291 1798 neminem
1321 1761 1426 1810 sugit.
1467 1760 1553 1798 vid.

885 1817 1090 1855 Tittmann.
1114 1816 1175 1854 l.1.
1198 1831 1234 1868 p.
1258 1815 1338 1858 144
1357 1830 1434 1866 seq.
1464 1817 1554 1866 ibiq.

883 1873 1125 1911 Demosthen.
1144 1874 1182 1911 in
1204 1873 1340 1911 Neaer.
1362 1887 1399 1924 p.
1424 1873 1552 1915 1375·

884 1928 908 1969 ό
928 1928 1002 1982 γάρ
1027 1930 1156 1981 ὅημος
1178 1946 1198 1969 ο
1221 1925 1452 1980 Ἀθηναίων
1475 1945 1552 1968 κυ-

887 1983 1080 2052 ριεότατος
1109 1982 1167 2025 ὠν
1196 2002 1277 2025 των
1298 1985 1339 2026 ἕν
1361 1989 1411 2054 τῇ
1437 1982 1552 2026 πόλει

887 2039 1079 2083 ἁπαντων
1107 2042 1175 2082 καὶ
1207 2040 1298 2090 ἕξον
1327 2039 1434 2082 αὕτω
1465 2058 1552 2083 ποι-

886 2104 945 2140 εῖν
974 2096 1010 2148 o',
1014 2116 1051 2140 τι
1080 2096 1130 2139 ἆν
1161 2096 1355 2151 βουληται
1385 2116 1420 2139 κ.
1452 2115 1483 2139 τ.
1518 2103 1548 2139 λ.

885 2158 1011 2202 Quare
1038 2158 1156 2195 Cicer.
1192 2157 1249 2195 De
1266 2157 1406 2208 republ.
1420 2158 1449 2204 Ι,
1472 2159 1549 2198 27:

881 2214 1151 2262 „Athenienses
1173 2214 1392 2263 quibusdam
1405 2219 1552 2264 tempo-

881 2272 980 2308 ribus
1002 2271 1145 2308 sublato
1167 2271 1365 2321 Areopago
1386 2270 1471 2307 nihil
1493 2271 1551 2307 ni-

882 2329 911 2365 si
933 2328 1060 2378 populi
1088 2327 1187 2365 scitis
1209 2328 1382 2376 agebant.
1430 2327 1550 2364 Athe-

881 2398 948 2422 nas
977 2390 1100 2422 autem
1125 2389 1237 2433 atque
1268 2384 1549 2421 Atheniensium

880 2442 1137 2492 rempublicam
1165 2441 1202 2477 in
1223 2440 1448 2478 Herodoteis
1476 2453 1549 2491 po-

881 2499 1061 2536 tissimum
1090 2497 1322 2548 respicienda
1354 2510 1454 2546 esse,
1491 2496 1549 2534 vix

878 2555 1019 2592 monitu
1041 2567 1145 2605 opus

937 2611 980 2651 ἐν
994 2626 1067 2663 γαρ
1087 2613 1144 2665 τῷ
1163 2608 1330 2663 πολλῷ”
1309 2625 1366 2649 ενι
1378 2625 1425 2648 τα
1446 2604 1548 2648 πάν-

879 2668 944 2720 τα]
975 2669 1080 2705 Haec
1096 2669 1142 2705 ad
1162 2667 1407 2716 Anaxagorae
1425 2665 1545 2734 philo-

880 2725 984 2776 sophi
996 2729 1233 2795 praeceptum
1247 2723 1305 2772 (ἐν
1318 2738 1436 2762 παντι
1447 2735 1543 2759 παν

877 2779 943 2828 τὸς
977 2785 1097 2833 μοῖοα
1127 2780 1253 2820 ἔνεστι
1283 2776 1390 2829 πλην
1426 2772 1542 2823 νόου)

877 2843 1047 2891 spectare
1079 2838 1278 2876 arbitratur
1305 2836 1366 2874 W
1390 2833 1542 2871 Schorn.
