1863 3256
260 651 361 696 136

421 201 506 241 246

822 198 1288 239 HERODOTI

422 308 502 364 μὲν
528 306 696 352 ἑωυτοῦ
716 309 826 352 κατα
857 308 1003 364 χώρην
1033 308 1116 365 ἔφη
1136 309 1431 359 καταλείψειν,
1464 308 1539 350 ἵνα
1554 307 1694 350 ὀπίσω

423 378 536 435 σφέα
566 377 772 422 ἀπελθών
814 379 923 435 ἔχοι·
970 378 1051 434 τὴν
1089 378 1168 433 μέν
1207 395 1277 422 τοι
1316 377 1500 431 ὁλκάδα,
1543 379 1623 434 τήν
1653 380 1697 422 οἱ

424 454 613 505 Δαρεῖος
643 449 921 505 ἐπαγγέλλετο
963 448 1006 500 ἐς
1043 448 1123 504 τὴν
1155 449 1325 505 δωρεὴν
1363 455 1477 493 τοῖσι
1520 448 1697 504 ἀδελφε-

395 525 515 563 6οῖσι
527 552 537 564 .
588 520 792 564 δέκεσθαι
841 521 938 575 ἔφη.

1014 519 1311 575 ἐντειλάμενος
1356 520 1402 563 δὲ
1444 520 1517 564 καὶ
1553 518 1696 580 τούτῳ

421 595 560 634 ταῦτα
592 588 615 633 ὁ
636 595 844 645 Δαρεῖος,
884 589 1134 633 ἀποστέλλει
1163 589 1329 642 αὐτούς
1358 591 1427 634 ἐπὶ
1454 592 1752 636 θάλασσαν.45

530 661 814 716 Καταβάντες
854 660 900 704 δὲ
939 660 1055 704 οὕτω
1086 662 1129 712 ἐς
1156 664 1394 718 Φοινίκην,
1435 663 1506 706 καὶ
1540 665 1696 707 Φοινί-

87 715 217 743 Soivunt
235 714 364 744 Sidone:

88 749 238 788 maritima
268 749 365 789 orae-
423 747 501 786 κης
541 731 584 781 ἐς
619 733 802 774 Σιδῶνα
841 731 993 784 πόλιν,
1049 730 1205 776 αὐτίκα
1245 733 1325 788 μὲν
1368 733 1569 790 τριήρεας
1611 733 1694 778 δύο

88 783 366 877 Ξῖἓῇιιοὲἶιᾶἑὲῗᾷἃῖ
424 801 702 857 ἐπλήρωσαν,
733 801 825 858 ἅμα
849 802 895 846 δὲ
925 801 1082 860 αὐτῇσι
1112 804 1185 847 καὶ
1214 803 1381 859 γαυλόν
1402 803 1559 860 μέγαν,
1590 822 1696 849 παν-

88 883 201 922 Ρετεζιε
230 889 364 923 compre-

89 915 174 943 hensi
193 916 231 943 ab
255 919 365 944 &nuto-

395 874 561 916 2τοίων
593 871 789 929 ἀγαθῶν.
848 873 1247 928 παρεσκευασμένοι
1277 874 1322 918 δὲ
1351 874 1513 926 πάντα,
1543 877 1697 920 ἔπλεον

89 949 221 1010 {ffliffiu
247 948 366 1016 Τξιὲἕὲιζ
424 944 466 994 ἐς
494 942 576 999 τήν
609 942 822 988 Ἑλλάδα·
869 945 1177 999 προσίσχοντες
1206 944 1272 997 δὲ,
1311 943 1446 1002 αὐτῆς
1475 947 1528 990 τὰ
1555 956 1754 1002 παρα-50

90 1016 273 1044 nemocedea
304 1016 367 1044 abit

92 1050 251 1077 Crotonem
262 1059 269 1076 ι
292 1050 364 1078 Per-

90 1091 142 1111 sae
162 1083 286 1112 dimissi.

422 1013 646 1058 θαλάσσια
685 1016 917 1072 ἐθηεῦντο,
965 1016 1038 1060 καὶ
1077 1014 1408 1071 ἀπεγράφοντο·
1467 1016 1510 1069 ἐς
1552 1017 1599 1069 ὃ,
1643 1018 1697 1062 τὰ

424 1086 565 1130 πολλὰ
595 1086 729 1143 αὐτῆς
758 1088 832 1130 καὶ
871 1086 1229 1144 οὐνομαστότατα
1262 1086 1551 1144 θεησάμενοι,
1593 1088 1697 1133 α’πί-

396 1163 561 1201 3κοντο
616 1162 692 1214 τῆς
749 1158 929 1216 Ἰταλίης
984 1159 1028 1211 ἐς
1079 1157 1297 1214 Τάραντα.

366 1303 535 1353 linquere,
563 1309 602 1342 ut
620 1305 652 1353 I,
676 1306 740 1345 17.
762 1302 827 1352 IV,
851 1304 932 1346 135
952 1302 1032 1341 coll.

369 1360 449 1408 Vll,
475 1361 541 1401 95.

527 1416 639 1467 Cap.
671 1416 876 1455 CXXXVI.

431 1469 688 1525 Καταβάντες
718 1469 761 1511 δὲ
783 1468 887 1511 οὕτω
907 1471 948 1518 ἒς
967 1470 1031 1523 Φ.]

371 1527 415 1569 δὲ
437 1526 544 1569 οὕτω
559 1543 579 1568 e
597 1529 806 1567 melioribus
826 1529 925 1566 libris
939 1542 1033 1566 nune

368 1582 560 1625 adscitum.
589 1585 711 1634 Vulgo
731 1581 773 1624 δ’
790 1579 915 1632 οὗτοι,
932 1585 1034 1635 quod

370 1643 487 1680 tenuit
508 1642 644 1680 Matth.

414 1695 564 1750 γανλὸν
576 1697 714 1750 μέγαν]
726 1693 875 1750 γαυλὸν
885 1697 1035 1744 (πλοῦν

370 1752 566 1804 φοινικᾶν,
577 1759 619 1792 ut
637 1754 761 1792 Gloss.
774 1754 941 1791 Herodd.
952 1754 1037 1791 red-

369 1812 480 1859 dunt)
509 1811 619 1862 plane
655 1815 697 1848 ut
733 1805 881 1851 ὁλκάδα
912 1823 1036 1847 navem

371 1868 442 1905 dici
471 1870 692 1914 onerariam,
723 1869 902 1905 minorem
928 1867 1037 1904 trire-

369 1925 432 1971 mi,
464 1925 588 1962 scribit
606 1924 852 1972 WVesseling,
882 1923 1034 1961 laudans

367 1981 578 2031 Etymolog.
599 1994 721 2030 magn.
741 1994 776 2030 p.
802 1984 898 2027 222,
920 1981 974 2019 28
997 1984 1035 2017 et

367 2037 507 2075 Alberti
533 2038 582 2074 ad
606 2036 766 2086 Hesych.
797 2050 826 2074 s.
858 2049 891 2073 v.
922 2036 1034 2073 Adde

367 2094 509 2131 Herod.
536 2093 600 2141 VI,
636 2096 698 2134 17.
729 2092 911 2130 Plutarch.
936 2093 968 2129 ΙΙ
996 2106 1033 2143 p.

368 2147 451 2191 466
472 2151 517 2187 C.
548 2149 709 2187 Punicae
728 2149 852 2200 stirpis
870 2162 952 2186 esse
972 2162 1036 2185 vo-

371 2219 449 2243 cem
473 2210 571 2253 sunt,
602 2206 663 2255 qui
685 2210 865 2243 statuant.
905 2205 1038 2253 „Con-

371 2267 427 2298 tra
459 2264 607 2313 γαῦλος
633 2262 766 2299 dicitur
800 2259 1035 2312 ποιμενικὸν

372 2313 531 2369 οἷγγεῖον
560 2319 631 2355 vid.
662 2318 816 2355 Glossas
843 2324 881 2356 et
907 2319 1036 2368 reliqq.

371 2375 408 2410 in
418 2374 598 2424 Stephani
610 2375 723 2412 Thes,
736 2374 779 2412 L.
793 2375 859 2414 Gr.
876 2388 912 2425 p.
925 2376 1035 2416 2893

371 2430 430 2467 ed.
454 2429 614 2467 Londin.
662 2430 770 2468 Adde
788 2430 1036 2467 Scholiast.·in

368 2486 602 2536 Aristophan.
626 2484 716 2522 Avv.
738 2491 775 2524 et
798 2487 965 2536 interprr.
986 2499 1037 2523 vs.

372 2542 454 2582 597
471 2548 506 2579 et
521 2542 670 2579 Festum
689 2556 726 2592 p.
751 2543 831 2582 159
851 2542 1036 2581 Dacerii.“

372 2597 441 2635 Cr.
484 2598 542 2635 Ad
565 2610 691 2635 vocem
725 2595 1046 2647 naoeoxsvaoue'-

371 2668 433 2693 νοι
456 2655 502 2691 cf.
524 2652 654 2691 Matth.
677 2654 742 2691 Gr.
767 2655 835 2693 Gr.
856 2667 892 2705 p.
916 2656 1011 2696 926.

409 2709 702 2762 προσίσχοντες]
714 2723 763 2747 sc.
773 2707 848 2760 τήν
858 2712 962 2760 νηῦν
974 2723 1040 2747 ηα-

370 2779 445 2803 vem
465 2767 692 2817 appellentes,
705 2766 924 2803 admoventes
935 2766 1038 2817 (nam

372 2824 599 2861 accusativus
637 2819 685 2862 ταὶ
727 2819 1038 2875 παραθαλάσσια

1384 1157 1602 1204 Ἐνθαῦτα
1650 1160 1697 1205 δὲ

1089 1302 1228 1354 pendet
1239 1303 1439 1352 asequenti
1453 1303 1566 1341 verbo
1584 1302 1754 1354 ἐθηεῦν-

1090 1374 1147 1407 το,
1175 1360 1223 1396 ad
1244 1360 1344 1408 quod
1365 1360 1411 1396 cf.
1435 1364 1527 1397 nott.
1552 1360 1600 1397 ad
1622 1360 1649 1406 1,
1673 1362 1754 1407 10).

1091 1416 1146 1453 lta
1168 1415 1307 1453 Noster
1325 1415 1389 1463 VI,
1405 1417 1471 1458 99.
1493 1418 1584 1456 119.
1605 1416 1667 1465 lv,
1686 1420 1754 1459 76.

1146 1527 1214 1567 καὶ
1242 1523 1550 1580 ἐπεγράφοντο]
1582 1529 1604 1566 i.
1631 1543 1661 1568 e.
1688 1530 1759 1566 sibi

1092 1585 1372 1636 descripserunt,
1404 1598 1493 1635 quae
1511 1586 1699 1630 videram&
1719 1588 1757 1623 in

1092 1642 1235 1679 tabulas
1264 1642 1333 1678 sibi
1359 1642 1565 1680 retulerunt.
1616 1643 1676 1681 Cf.
1709 1642 1756 1689 ΙῘ,

1096 1698 1188 1739 145.
1244 1698 1359 1735 Paulo
1381 1704 1466 1749 post
1486 1712 1555 1749 pro
1583 1694 1757 1750 ου’νομά-

1094 1767 1212 1794 στατα
1241 1767 1335 1792 nunc
1362 1756 1498 1793 editum
1527 1755 1663 1805 legitur
1682 1751 1757 1795 ον’-

1092 1807 1382 1862 νομαστότατα,
1414 1811 1612 1851 Schaefero
1630 1817 1756 1850 aucto-

1093 1882 1145 1905 re.
1167 1867 1270 1905 Libri
1290 1881 1363 1904 non
1375 1868 1639 1916 addicunt‚nisi
1655 1869 1755 1917 quod

1092 1925 1275 1961 Sancrofti
1295 1925 1410 1962 codex
1431 1928 1469 1962 et
1491 1925 1757 1963 vindobonen-

1092 1982 1141 2018 sis
1161 1975 1467 2029 ὀνομαστότατα.

1147 2038 1219 2087 τῆς
1232 2033 1392 2087 Ἰταλίης
1404 2036 1443 2084 ἐς
1459 2031 1659 2088 Τάραντα]
1677 2035 1758 2075 Νο-

1090 2106 1172 2131 men
1203 2093 1337 2131 Italiae
1361 2094 1523 2144 pluribus
1550 2093 1638 2131 locis
1657 2092 1759 2144 apud

1091 2151 1321 2188 Herodotum
1335 2150 1500 2197 occurrit,
1513 2151 1573 2198 (ut
1587 2151 1680 2187 infra
1695 2150 1757 2197 1V,

1095 2207 1160 2248 15.
1191 2206 1254 2255 Vl,
1287 2209 1376 2248 126.
1404 2207 1512 2253 Vlu,
1540 2207 1610 2255 62)
1638 2218 1757 2255 eoque

1095 2264 1310 2312 designatur
1341 2276 1415 2299 non
1442 2263 1583 2308 omnis,
1613 2274 1708 2311 quae
1735 2274 1758 2298 a

1095 2321 1202 2357 nobis
1240 2323 1470 2368 nuncupatur
1503 2318 1618 2356 Italia
1629 2347 1642 2364 ‚
1691 2318 1758 2356 sed

1095 2376 1210 2413 Italia
1230 2376 1414 2421 australis,
1446 2387 1468 2411 a
1488 2374 1639 2412 Graecis
1660 2373 1758 2411 colo-

1095 2433 1150 2469 nis
1190 2431 1309 2478 culta,
1359 2431 1457 2468 unde
1497 2431 1608 2468 etiam
1645 2431 1758 2481 ipsius

1096 2488 1273 2525 Graeciae
1292 2488 1497 2524 nominetur
1512 2499 1608 2537 pars,
1648 2487 1760 2525 conf.

1094 2543 1262 2581 Bredow.
1276 2543 1489 2593 Geograph.
1502 2543 1640 2581 Herod.
1660 2555 1758 2595 spec.

1097 2612 1183 2650 pag.
1201 2599 1340 2646 XXlll,
1363 2600 1423 2636 ubi
1443 2600 1526 2637 vide
1546 2599 1661 2650 plura.
1699 2599 1760 2637 Ad

1098 2655 1164 2692 has
1191 2668 1275 2693 vero
1300 2655 1479 2693 inferioris
1506 2656 1631 2695 ltaliae
1650 2656 1760 2694 urbes

1097 2712 1354 2761 regionesque,
1375 2713 1573 2750 maritimas
1593 2724 1761 2763 praeser-

1097 2768 1185 2814 tim,
1222 2768 1468 2816 Herodotum,
1498 2769 1562 2818 qui
1580 2770 1639 2806 vix
1662 2770 1760 2808 inte-

1096 2824 1191 2861 riora
1210 2825 1388 2874 attigerit,
1410 2826 1638 2877 pervenisse,
1655 2825 1692 2864 T
1693 2825 1761 2864 hu-
