1863 3256
443 184 1006 226 MELPOMENE.

1067 187 1128 223 IV.
1338 194 1421 233 485

152 297 197 340 οἵ
220 296 397 340 Σκύθαι
427 295 672 351 Οἰόρπατα·
717 294 904 340 δύναται
934 294 980 338 δὲ
1009 294 1057 339 τὸ
1089 293 1260 350 οὕνομα
1289 301 1418 341 τοῦτο
1431 306 1543 340 85ιιυπι
1571 310 1648 343 ”pud
1677 310 1749 344 Scy-

150 367 262 410 κατοὶ
290 365 472 410 Ἑλλάδα
500 372 700 423 γλῶσσαν
730 363 1042 420 ἀνδροκτόνοι·
1090 363 1196 418 Οἰόρ
1226 366 1312 422 γάρ
1343 385 1418 411 κα-
1475 379 1592 404 (Τι’ῢῑῆτ
1632 385 1686 402 0³0
1711 360 1749 403 τυ]

122 439 304 482 Ξλέουσι
333 438 412 481 τὸν
442 438 602 494 ἄνδρα,
633 438 683 482 τό
717 438 762 482 δὲ
791 436 939 486 Haza),
971 436 1207 493 κτείνειν·)
1237 439 1333 482 τότε
1351 439 1418 482 λό-

149 525 245 564 γος,
276 508 635 565 τούςΓΈλληνας,
665 508 927 565 νικήσαντας
958 511 1011 564 τῇ
1040 506 1110 550 ἐπὶ
1135 508 1416 564 Θερμώδοντι

148 579 286 634 μάχῃ,
318 576 553 622 ἀποπλέειν
584 580 772 636 ἄγοντας
801 578 915 632 τρισὶ
946 579 1140 621 πλοίοισι
1169 584 1259 624 τῶν
1282 580 1416 637 Ἀμα-

148 647 289 701 ζόνων
326 648 433 700 ὅσας
461 650 677 706 ἠδυνέατο
710 652 948 705 ζωγρῆσαι·
998 649 1075 700 τὰς
1105 650 1152 694 δὲ
1180 651 1228 694 ἐν
1257 656 1318 708 τῷ
1347 659 1473 696 πε-9Ο

118 718 275 775 ὃλοῖγεϊ
302 719 579 776 ἐπιθεμένας,
624 719 807 773 ἐκκόψαι
834 719 941 771 τούς
970 719 1148 775 ἄνδρας.
1205 728 1336 767 πλοῖα
1369 725 1416 769 δὲ

147 788 203 832 οὐ
251 790 483 845 γινώσκειν
534 792 668 844 αὐτὰς
680 825 691 842 ,

761 789 865 835 οὐδὲ
912 793 1163 846 πηδαλίοισι
1210 798 1415 851 χρῆσθαι,

148 859 253 904 οὐδὲ
292 863 485 913 ἱστίοισι,
534 863 638 908 ου’δὲ
680 864 860 919 εἰρεσίῃ·

923 861 1020 905 ἀλλ’
1070 863 1160 908 ἐπεὶ
1206 866 1416 918 ἐξέκοψαν

144 931 251 983 τούς
279 931 462 989 ἄνδρας,
495 935 704 992 ἐφέροντο
733 933 846 978 κατοὶ
875 937 993 988 κῦμα
1024 935 1098 978 καὶ
1127 935 1312 992 ἄνεμον·
1342 939 1417 981 καὶ

147 1001 429 1049 α’πικνέονται
446 1010 520 1063 τῆς
541 1008 695 1064 λίμνης
712 1011 788 1064 τῆς
809 1004 1054 1061 Μαιήτιδος
1073 1006 1141 1050 ἐπὶ
1161 1008 1412 1065 Κρημνούς.

116 1075 195 1117 4οἱ
224 1075 270 1118 ὁὲ
300 1079 522 1133 Κρημνοὶ,
553 1079 634 1122 εἰσὶ
662 1082 740 1134 γῆς
767 1081 845 1132 τῆς
874 1077 1093 1120 Σκυθέων
1121 1083 1211 1122 τῶν
1240 1078 1414 1122 ἐλευθέ-

144 1161 248 1199 ρων.
307 1146 502 1192 ἐνθαῦτα
530 1147 751 1206 ἀποβᾶσαι
779 1147 864 1191 ἀπό
895 1153 983 1191 τῶν
1011 1150 1179 1193 πλοίων
1216 1151 1261 1192 αἱ
1293 1148 1410 1204 Ἀμα-
1422 1155 1466 1190 95

118 1215 289 1269 ὄζόνες,
331 1216 602 1276 ὦδοιπόρεον
640 1221 683 1272 ἐς
711 1220 791 1276 τήν
821 1221 1090 1277 οἰκεομένην.
1151 1220 1411 1276 ἐντυχοῦσαι

85 1379 208 1403 zonam
228 1366 411 1416 inquirere
431 1378 577 1411 nomen,
602 1365 650 1402 de
671 1377 744 1414 quo

84 1423 147 1472 qui
176 1425 340 1472 egerint,
371 1423 457 1460 citat
481 1423 650 1459 Creuzer.
675 1421 697 1458 l.
719 1420 743 1459 l.

84 1487 162 1517 not.
186 1482 282 1522 223.
319 1480 392 1525 Qui
422 1480 521 1516 idem
544 1491 638 1515 nunc
654 1477 744 1516 haec

83 1537 208 1573 addit:
246 1536 478 1584 „Stanislaus
497 1536 742 1572 Siestrrence-

83 1593 171 1629 wicz
198 1593 245 1630 de
268 1594 414 1630 Bohusz
445 1593 482 1628 in
504 1591 595 1628 libro
615 1592 741 1628 inscri-

81 1654 167 1699 pto:
198 1650 424 1687 Recherehes
444 1649 662 1697 historiques
682 1661 744 1684 sur

81 1705 248 1754 l'origine
260 1707 324 1744 des
335 1707 534 1752 Sarmates,
545 1705 609 1741 des
620 1704 745 1741 Escla-

82 1775 197 1809 vous,
245 1764 310 1800 des
358 1762 496 1799 Slaves.
554 1761 744 1811 Petropoli

84 1820 207 1859 1812.
243 1818 468 1856 Amazonum
493 1818 670 1866 originem
694 1818 745 1855 sie

83 1875 248 1924 explicat.
303 1875 406 1913 Duos
438 1875 625 1923 Principes
652 1875 745 1922 Scy-

83 1932 229 1969 tharum
255 1945 298 1969 ex
324 1931 519 1969 Bactriana
547 1931 743 1968 deduxisse

81 1987 258 2025 coloniam
279 1989 315 2025 in
334 1988 633 2038 Cappadociam,
660 1987 742 2025 Me-

82 2045 211 2081 dorum
248 2045 437 2081 coloniam.
482 2043 565 2080 lllos
594 2043 741 2081 colonos

80 2101 297 2138 Bactrianos
317 2102 462 2138 duxisse
479 2101 739 2150 Cappadocum

80 2158 238 2206 virgines
265 2158 301 2194 in
327 2158 597 2195 matrimonium
614 2162 742 2207 protu-

80 2213 238 2263 lisseque
281 2215 336 2251 sui
374 2214 517 2263 imperii
553 2214 740 2260 terminos,

82 2271 148 2308 sed
172 2274 302 2320 postea
322 2270 491 2320 expulsos
510 2283 590 2308 esse
613 2274 742 2320 utpote

81 2339 232 2376 rapaces
258 2331 296 2365 et
328 2328 479 2364 seroces.
531 2327 616 2370 Quo
646 2328 742 2363 sacto

82 2383 240 2433 ipsorum
265 2384 391 2421 viduas
412 2384 449 2420 in
470 2384 619 2432 agmina
637 2384 743 2420 coiis-

85 2452 124 2476 se
152 2444 188 2476 et
210 2452 310 2476 suam
333 2441 489 2491 patriam
509 2452 588 2478 esse
603 2444 740 2477 tutatas

84 2507 222 2544 easque
265 2497 380 2533 dictas
427 2509 507 2534 esse
554 2495 741 2533 Medorum

84 2563 252 2589 sermone
280 2553 477 2603 Samezony
514 2553 588 2590 sive
617 2552 742 2589 Muzi-

84 2621 162 2653 mae.3‚
183 2608 280 2645 unde
295 2610 439 2646 fluxerit
450 2623 582 2647 nomen
592 2611 742 2646 Amazo-

84 2666 206 2701 wtmf‘
236 2664 335 2701 Idem
360 2664 423 2701 Cr.
442 2671 633 2715 praeterea
652 2680 742 2703 con-

85 2722 169 2758 ferri
200 2720 274 2757 vult
294 2720 490 2769 Inghirami
511 2721 743 2761 Monumenti

85 2776 252 2813 Etruschi
288 2776 382 2825 Rag.
418 2777 469 2813 Vl
512 2778 569 2815 de’
606 2779 743 2815 Bronzi

84 2833 251 2870 Etrusch.
273 2845 358 2883 pag.
381 2832 460 2874 241
486 2845 589 2883 seqq.
612 2848 690 2885 cap.
711 2835 743 2871 11

803 1363 1062 1401 Osservazioni
1083 1364 1139 1400 sul
1149 1364 1237 1400 mito
1248 1363 1343 1402 delle
1352 1361 1463 1400 Ama-

801 1421 898 1458 zoni.
944 1420 1024 1458 Nos
1050 1421 1217 1458 addimus
1244 1421 1462 1471 Hippocrat.

799 1477 857 1515 De
883 1490 956 1515 aer.
987 1489 1047 1526 aq.
1076 1480 1114 1514 et
1148 1476 1235 1514 loce.
1260 1475 1295 1527 ἓ.
1317 1480 1371 1518 90
1395 1477 1462 1513 ibi-

799 1547 872 1583 que
911 1533 1068 1571 Coraem
1105 1545 1193 1584 pag.
1236 1534 1320 1575 264
1354 1545 1458 1583 seqq.

855 1643 953 1693 ὅσας
1001 1643 1198 1698 ἠ’δυνέατο
1241 1644 1457 1697 ζωγρῆσαι]

797 1700 995 1754 ’ἠδυνέατο
1031 1704 1195 1755 plerique
1230 1703 1338 1740 codd.
1399 1703 1458 1738 Cf.

799 1761 930 1799 Matth.
961 1762 1027 1797 Gr.
1059 1762 1122 1797 Gr.
1144 1774 1229 1811 pag.
1250 1761 1344 1801 378.
1395 1757 1459 1795 Al-

800 1819 887 1855 dina
915 1818 973 1854 ed.
997 1813 1228 1867 η’δυναίατο.
1266 1816 1366 1852 Infra
1392 1815 1457 1862 lv,

801 1874 882 1916 114
902 1875 977 1911 init.
998 1872 1203 1920 ἐδυνέατο,
1236 1873 1297 1909 ubi
1319 1872 1457 1908 Aldina

796 1930 1019 1970 ἐδυναίατο.
1057 1931 1180 1967 Verba
1205 1929 1247 1969 ἐν
1266 1932 1322 1982 τῷ
1340 1923 1457 1967 πελά-

796 1994 860 2041 γεϊ
891 1988 938 2025 de
978 1988 1050 2024 alto
1082 1989 1175 2023 mari
1203 1987 1369 2035 equidem
1403 1986 1459 2021 in-

796 2045 1018 2091 tellexerim,
1049 2049 1090 2081 ut
1120 2044 1159 2090 I,
1189 2044 1266 2088 243
1309 2041 1458 2094 εἰρεσίη

798 2103 845 2139 dc
874 2103 1019 2149 ‘reznz'gc'o
1043 2100 1341 2148 intelligendum,
1371 2104 1410 2135 ut
1427 2098 1455 2145 I,

796 2159 891 2199 203.
932 2157 989 2195 De
1020 2157 1172 2194 Cremnis
1200 2157 1271 2192 vid.
1292 2161 1385 2192 nott.
1407 2155 1457 2192 ad

797 2214 869 2261 lV,
891 2217 959 2255 20.
988 2214 1156 2251 Ῡῦίεἱςεῖῑ.
1179 2213 1296 2261 Μμίι.
1315 2213 1455 2260 Geogr.

798 2270 813 2307 I
840 2283 927 2321 pag.
952 2273 1030 2310 177
1049 2275 1219 2317 auctore,
1242 2269 1278 2305 hi
1296 2269 1457 2317 Scythae

798 2327 901 2364 liberi
931 2327 980 2364 ad
1014 2328 1192 2364 Cremnos
1232 2326 1343 2364 iidem
1372 2328 1456 2362 sunt

799 2388 910 2432 atque
943 2384 1057 2432 regii,
1098 2385 1160 2432 qni
1192 2382 1351 2430 reliquos
1386 2394 1456 2432 pro

799 2441 912 2477 servis
930 2440 1066 2477 habent
1091 2441 1169 2487 (lv,
1199 2442 1272 2486 20)
1303 2443 1341 2476 et
1362 2438 1458 2474 intra

797 2497 932 2533 fossam
962 2497 1054 2543 (lv,
1084 2498 1158 2545 28)
1186 2496 1354 2533 habitant
1370 2507 1455 2544 per-

799 2567 870 2603 que
899 2553 1050 2602 glaciem
1078 2554 1127 2590 ad
1147 2553 1284 2589 Sindos
1311 2551 1458 2588 transii-

798 2610 908 2647 ciunt.
929 2631 985 2638 —-
1023 2609 1160 2660 Scripsi
1185 2621 1264 2646 cum
1284 2606 1453 2654 Scliwgh.

800 2671 839 2704 et
868 2666 986 2703 Gaisf.
1027 2665 1104 2705 εἰσὶ
1144 2667 1217 2717 γῆς
1248 2667 1319 2714 τῆς
1353 2665 1455 2699 Σκυ-

798 2721 909 2761 θέων
925 2722 1127 2760 Florentini
1147 2721 1279 2758 codicis
1301 2718 1457 2756 auctori-

799 2783 888 2816 tate.
928 2778 1048 2827 Vulgo
1078 2776 1153 2818 εἰσὶ
1182 2778 1252 2827 τῆς
1278 2778 1351 2828 γῆς
1377 2776 1457 2813 τῶν

801 2832 1012 2873 Σκυθέων.
1068 2828 1074 2831 “

1476 341 1540 366 tha.-
1565 351 1669 369 nomen
1691 347 1733 370 0(-

1486 407 1739 436 ἸῊιΤιιιυιΙυιιυῚη

1477 440 1596 466 fluxium
1616 451 1632 466 .ἰ
1654 444 1749 469 (irne-

1477 473 1518 497 cis
1548 475 1661 501 nieuw:
1701 485 1748 502 ca*

1476 506 1593 539 ptime,
1624 508 1750 535 dominis

1476 540 1654 570 intersectis,
1668 542 1746 567 ‹lula-

1475 577 1524 599 tae
1546 573 1575 598 in
1597 574 1748 608 (ln-mum,

1477 607 1517 640 [c.
1539 607 1598 639 20.]
1631 615 1646 631 c
1677 609 1748 641 Sc)-

1508 639 1567 665 ssfis
1589 640 1716 671 praedas

1507 677 1612 706 agunh
