1863 3256
435 253 519 293 226

835 254 1298 293 HERODOTI

100 371 165 396 tatu
194 367 378 426 uoq-‘crana
437 359 555 414 παρὰ
576 358 652 402 τὸν
669 357 864 416 Ὀροίτεα
883 396 892 414 ,
929 357 1256 419 ἅμοίᾶγόμενος
1276 363 1432 413 ἄλλους
1451 377 1492 405 τε
1515 362 1704 413 πολλοὺς

101 404 226 429 Oroetcs
240 403 248 429 I

101 439 160 462 tem
181 445 196 461 ιι

100 510 135 528 ω(
161 502 226 529 «eius
261 502 376 529 coiniti-

101 536 155 561 bua
189 543 243 568 pro
279 535 376 562 serris

100 568 240 603 abducit,

100 606 238 630 exeunte.

201 440 265 462 ucat
277 456 284 468 ‚
322 435 379 462 De-

101 469 250 495 mom-dem
262 474 291 495 et
302 469 378 495 alios

272 577 300 597 a.
326 569 378 596 5²3

272 402 379 436 ›tyera-

437 435 526 473 τῶν
545 430 746 486 ἑταίρων,
780 434 825 476 ἐν
843 433 888 476 ὁὶ-
910 433 960 489 δὴ
984 435 1055 476 καὶ
1069 436 1331 489 Δημοκήδεα
1350 434 1427 477 τόν
1447 436 1703 487 Καλλιφῶν·

407 509 530 554 Ξτος,
570 502 878 560 Κροτωνιήτην
903 503 1063 557 ἄνδρα,
1096 504 1246 560 ἰητρόν
1269 522 1311 548 τε
1331 503 1480 556 ἐόντα,
1522 505 1593 547 καὶ
1623 503 1702 558 τήν

435 572 586 629 τέχνην
624 572 837 618 ἀσκέοντα
868 574 1022 628 ἄριστα
1051 579 1139 618 τῶν
1172 575 1266 618 κατ’
1299 576 1475 620 ἑωυτόν.

1538 573 1703 619 Ἀπικό-

435 662 565 701 μενος
590 645 635 688 δὲ
658 645 698 694 ἐς
721 645 798 698 τὴν
817 648 1080 702 Λίαγνησίην
1108 646 1130 689 ὁ
1157 646 1452 703 Πολυκράτης,
1484 647 1759 703 διεφθάρηὲθ

434 720 600 766 κακῶς,
645 714 746 757 οὔτε
776 714 943 758 ἑωυτοῦ
974 715 1101 767 ἀξίως
1138 716 1237 760 οὔτε
1277 723 1365 761 τῶν
1398 718 1566 764 ἑωυτοῦ
1597 736 1702 775 φρο-

435 785 658 842 νημάτων·
714 784 781 828 ὅτι
820 785 902 842 γὰρ
950 786 1008 842 μή
1058 789 1100 831 οἱ
1133 790 1427 844 Συρηκοσίων
1475 789 1703 846 γενόμενοι

433 856 672 909 τύραννοι,
714 855 816 900 οὐδὲ
848 854 906 907 εἷς
944 862 1031 901 τῶν
1072 857 1214 902 ἄλλων
1247 859 1510 914 Ἑλληνικῶν
1546 857 1703 913 τυράν-

430 942 522 969 νων
554 925 672 977 ὄὶξιός
701 927 789 971 ἐστι
812 927 1090 983 Πολυκράτεϊ
1118 932 1485 986 μεγαλοπρεπείην
1516 932 1702 986 συμβλη-

377 1045 565 1091 comparat
584 1040 732 1076 Homer.
754 1037 791 1074 ΙΙ.
808 1037 875 1084 XI,
894 1035 977 1078 514
1002 1040 1039 1074 et

376 1097 516 1134 Herod.
532 1097 593 1142 ΙΙΙ,
607 1098 686 1136 122
709 1090 883 1144 Μύρσον
902 1114 958 1121 —
973 1090 1042 1131 ἄν·

377 1153 452 1205 δρα
483 1149 635 1192 Λυδόν.
716 1151 898 1200 Equidem
929 1150 1041 1187 inter-

378 1209 610 1259 punctionem
655 1208 864 1245 mutandam
903 1207 1039 1251 censui,

376 1267 427 1302 ita
472 1270 512 1302 ut
547 1277 687 1303 comma
725 1268 922 1314 poneretur
956 1267 1042 1312 post

378 1318 519 1373 ἄνδρα.
570 1321 658 1358 Mox
681 1321 728 1357 ob
751 1320 902 1370 plurium
931 1318 1040 1355 libro-

377 1391 456 1415 rum
480 1390 694 1415 consensum
729 1377 857 1414 retinui
881 1371 1040 1414 α’σκέον-

377 1450 424 1472 τα
454 1434 540 1483 (pro
568 1431 840 1481 ἐπασκέοντα).
885 1431 1039 1469 wessel.

378 1490 504 1527 laudat
524 1490 587 1538 ΙΧ,
608 1493 662 1531 32
685 1489 768 1537 (Vl,
791 1491 843 1530 92
860 1489 1041 1526 invenitur

377 1545 596 1596 ἐπασκεῖν).
627 1546 790 1596 Euripid.
803 1545 932 1595 Suppl.
945 1547 1038 1586 872.

376 1602 543 1652 Aeschyl.
564 1603 751 1640 I’rometh.
774 1601 892 1643 1064.
914 1623 961 1628 —
981 1600 1039 1638 Ad

378 1655 438 1698 ὅτι
463 1655 518 1710 μή
541 1659 614 1696 vid.
637 1664 727 1696 nott.
752 1659 798 1695 ad
818 1659 847 1704 Ι,
874 1659 932 1698 18.

436 1715 477 1754 οἱ
520 1715 784 1765 Συρηκοσίων
832 1709 1040 1765 γενόμενοι

375 1766 593 1821 τύραννοι]
636 1771 677 1807 In
717 1771 893 1820 scriptura
940 1771 1038 1807 vocis

376 1829 640 1879 Συρηκοσίων
661 1828 742 1865 libri
762 1827 946 1864 differunt.
978 1825 1040 1864 Tu

375 1884 447 1921 vid.
457 1884 491 1920 H
496 1897 563 1922 ess.
577 1885 624 1921 ad
635 1883 1038 1921 Plutarch.·rim01e0nt.

376 1953 461 1991 pag.
486 1943 504 1981 1
525 1954 626 1990 seqq.
686 1941 823 1978 Vocem
847 1935 1038 1989 τύραννοι

376 1997 543 2047 plerique
568 1997 624 2033 hic
645 1997 818 2033 omittunt
840 1996 932 2044 iibri,
964 1997 1039 2033 sor-

378 2053 472 2090 sitan
500 2052 547 2090 ob
573 2053 695 2090 statim
722 2054 947 2102 subsequens
970 2067 1040 2090 τυ-

380 2104 552 2158 ράννων.
593 2109 773 2158 Equidem
798 2122 872 2146 non
895 2108 1040 2147 deleve-

378 2167 458 2205 rim.
499 2165 571 2202 I’er
581 2165 891 2215 Syracusanorum
912 2171 1039 2215 tyran-

378 2234 469 2268 noS,
497 2226 669 2258 monente
691 2221 889 2269 Valcken.‚
919 2222 1039 2259 Hero-

379 2278 486 2314 dotus
511 2277 627 2314 nullos
648 2277 735 2314 alios
756 2279 952 2325 designare
971 2291 1039 2328 po-

377 2334 460 2379 tuit,
490 2334 558 2370 nisi
588 2333 753 2370 Gelonem
776 2339 813 2372 et
835 2335 1037 2381 Hieronem,

376 2390 438 2437 qui
469 2390 577 2438 paulo
608 2395 696 2427 ante
734 2391 883 2434 obierit,
927 2403 1036 2439 quam

375 2444 587 2481 Herodotus
613 2445 800 2483 historiam
829 2460 930 2483 suam
951 2460 1037 2483 con-

376 2500 491 2538 deret.
572 2500 777 2550 Utrumque
837 2503 1036 2552 principem

377 2561 635 2594 commemorat
664 2562 699 2594 et
733 2571 811 2594 cum
847 2559 1036 2595 Pisistrato

378 2614 564 2650 contendit
586 2612 762 2650 Plutarch.
785 2613 841 2650 De
864 2615 902 2650 S.
924 2613 969 2650 N.
991 2615 1034 2651 V.

379 2680 463 2718 pag.
485 2669 561 2709 551
578 2669 638 2714 Ε,
658 2669 705 2705 ad
726 2682 832 2718 quem
854 2669 970 2706 locum
990 2671 1037 2708 de

379 2724 530 2762 Gelonis
551 2729 587 2763 et
605 2725 774 2762 Hieronis
795 2727 830 2762 in
844 2730 875 2774 t)
885 2727 1036 2763 rannide

379 2781 558 2818 modestia
587 2780 847 2829 Wyttenbach.
878 2795 961 2832 pag.
981 2784 1035 2823 37

379 2837 466 2874 citat
485 2837 579 2874 Plut.
593 2836 896 2887 Apophthegmm.
909 2851 942 2887 p.
960 2838 1034 2878 175

381 2892 422 2930 A.
438 2892 481 2930 B.
499 2892 639 2932 Aelian.
660 2893 703 2930 V.
720 2894 769 2932 II.
795 2894 857 2942 vl,
883 2896 944 2935 11.
978 2894 1035 2932 De

1097 1038 1225 1076 Gelone
1241 1038 1532 1075 moderatissimo
1554 1043 1591 1076 et
1603 1038 1758 1077 clemen-

1097 1095 1235 1132 tissimo
1266 1095 1409 1143 insigne
1447 1095 1602 1132 Diodori
1641 1096 1760 1133 exstat

1096 1152 1344 1189 testimonium
1371 1151 1434 1198 XI,
1464 1154 1531 1197 26,
1566 1151 1626 1188 ubi
1654 1146 1759 1199 εὕερ-

1097 1206 1210 1260 γε’της
1242 1207 1307 1245 καὶ
1332 1205 1461 1259 σωτήρ
1486 1205 1552 1246 καὶ
1573 1205 1760 1258 βασιλεύς

1097 1265 1337 1315 praedicatur.
1396 1264 1454 1302 De
1476 1264 1644 1312 Hierone,
1669 1267 1761 1315 poe-

1098 1326 1215 1358 tarum
1233 1320 1370 1358 cultore
1390 1334 1432 1357 ac
1453 1322 1595 1358 fautore
1615 1325 1761 1372 praeter

1099 1375 1238 1415 Aelian.
1258 1377 1303 1413 V.
1322 1378 1369 1413 H.
1393 1377 1454 1423 lv,
1476 1377 1524 1417 15
1550 1377 1655 1428 plura
1672 1377 1760 1414 Pin-

1097 1436 1220 1481 durus,
1251 1434 1298 1470 ad
1318 1435 1417 1471 cuius
1438 1433 1584 1484 Olymp.
1605 1434 1758 1484 primam

1096 1490 1259 1528 Boeckh.
1291 1494 1367 1527 tum
1399 1495 1435 1527 in
1475 1490 1757 1538 introductione,

1097 1552 1172 1584 tum
1195 1547 1243 1583 ad
1263 1560 1314 1582 vs.
1340 1548 1390 1587 13
1411 1546 1571 1596 pluribus
1590 1547 1759 1596 disputa-

1097 1604 1157 1640 vit.
1226 1603 1367 1640 Floruit
1397 1616 1458 1640 rex
1486 1603 1582 1640 circa
1609 1603 1756 1654 Olymp.

1096 1659 1284 1705 LXXV,3
1308 1673 1334 1696 s.
1359 1661 1439 1700 479
1453 1672 1483 1696 a.
1499 1659 1585 1696 Chr.
1611 1672 1645 1696 n.
1665 1659 1758 1709 (quo

1096 1716 1176 1766 ipso
1231 1728 1327 1752 anno
1381 1716 1563 1752 Herodoti
1610 1715 1759 1754 historia

1097 1772 1196 1819 finit)
1235 1779 1473 1821 mortuusque
1513 1777 1570 1809 est
1609 1772 1756 1824 Olymp.

1096 1828 1303 1875 LXXVIII,
1319 1830 1356 1868 2.
1400 1830 1523 1877 Atque
1544 1829 1757 1866 Herodotus

1097 1897 1194 1921 anno
1220 1882 1302 1923 444
1323 1897 1354 1921 a.
1375 1884 1461 1921 Chr.
1484 1897 1518 1921 n.
1542 1884 1702 1922 Thurios
1720 1885 1757 1923 in

1097 1940 1234 1978 Italiam
1261 1941 1415 1979 cessisse
1445 1942 1578 1987 fertur,
1608 1941 1669 1978 ubi
1697 1954 1759 1979 us-

1097 2010 1170 2047 que
1193 1997 1240 2033 ad
1272 2009 1405 2034 annum
1433 1995 1516 2038 408
1543 2010 1578 2035 a.
1607 1997 1694 2034 Chr.
1719 2010 1756 2038 n.

1096 2066 1178 2092 eum
1191 2053 1319 2091 vixisse
1339 2057 1489 2103 ponunt.
1520 2053 1759 2091 Conf.Dahl-

1096 2123 1218 2148 mann.
1237 2110 1376 2147 Herod.
1398 2123 1480 2160 pag.
1495 2112 1687 2151 38—47.
1700 2131 1757 2138 -·

1095 2166 1153 2204 De
1173 2166 1306 2217 poetis,
1321 2167 1402 2215 quit
1407 2179 1626 2215 yrannorum
1637 2167 1757 2205 Grae-

1095 2236 1218 2260 corum
1240 2223 1276 2259 in
1299 2222 1379 2259 aula
1396 2223 1596 2270 floruerint,
1618 2222 1754 2261 consul.

1095 2279 1347 2318 Wachsmuth.
1398 2278 1456 2316 De
1505 2278 1611 2315 Pind.
1662 2280 1753 2329 reip.

1094 2340 1208 2372 const.
1230 2348 1349 2385 praec.
1373 2334 1403 2372 ΙΙ
1425 2348 1461 2384 p.
1490 2337 1538 2376 17
1562 2340 1599 2372 et
1611 2334 1753 2373 Hellen.

1094 2391 1357 2430 Altcrthumsk.
1382 2391 1425 2437 ΙΙ,
1445 2392 1470 2429 2
1497 2402 1582 2439 pag.
1603 2393 1696 2432 280.

1150 2446 1511 2498 μεγαλοπρεπείην]
1545 2447 1606 2484 Sic
1627 2460 1753 2485 omnes

1093 2504 1185 2549 libri,
1215 2503 1344 2551 quibus
1367 2503 1487 2538 invitis
1510 2504 1593 2540 nihil
1614 2509 1753 2542 mutare

1093 2560 1260 2596 audeam.
1283 2558 1486 2607 Schweigh.
1507 2559 1543 2596 in
1562 2559 1650 2597 LeX.
1672 2560 1753 2599 He-

1094 2616 1170 2651 rod.
1191 2627 1217 2651 s.
1246 2627 1276 2650 V.
1301 2620 1377 2660 aut,
1400 2614 1750 2666 μεγαλοπρέπειαν,

1093 2676 1154 2707 aut
1173 2672 1520 2722 μεγαλοπρεῐτηΐην
1540 2673 1647 2710 scribi
1666 2673 1750 2711 vult.

1093 2728 1213 2776 Supra
1251 2727 1282 2772 Ι,
1320 2729 1395 2766 139
1436 2730 1749 2782 μεγαλοπρεπείῃ

1093 2784 1170 2819 sine
1193 2782 1263 2818 ulla
1283 2782 1445 2819 lectionis
1463 2786 1647 2824 varietate.
1691 2785 1750 2823 Ad

1093 2839 1394 2887 significationem
1407 2841 1504 2877 vocis
1518 2842 1655 2879 faciunt
1668 2841 1750 2879 Ari-

1093 2894 1232 2932 stotelis
1263 2896 1373 2933 verba
1402 2896 1512 2935 Rhet.
1543 2897 1570 2945 Ι,
1591 2899 1616 2938 8
1640 2911 1675 2949 p.
1695 2899 1747 2938 33
