1946 3272
381 243 438 283 56
782 241 1250 280 HERODOTI

355 367 452 421 Ξείἠ
476 365 773 420 Αἰγυπτίοισι.
808 367 1002 407 τοσαῦτα
1032 364 1078 407 δὲ
1107 365 1251 415 εἴπας,
1281 363 1456 418 ἐπάγειν
1485 361 1651 406 ἐκέλευε
1666 367 1706 402 15

382 436 460 479 τὸν
485 435 617 478 ’Ἆπιν
654 436 757 486 τούς
795 433 929 488 ἱρέας·
977 435 1021 476 οἱ
1051 435 1129 489 μὲν
1158 434 1211 489 δή
1241 438 1432 490 μετῇσαν
1461 432 1650 485 ἄξοντες.

379 505 428 550 Ὁ
459 506 509 550 δὲ’
534 505 657 557 ’Ἆπις
697 500 848 555 οὗτος,
889 502 912 547 ὁ
941 503 1167 560 ”Επαφος,
1205 505 1369 559 γίνεται
1406 502 1566 559 μόσχος
1606 504 1652 546 ἐκ

384 576 491 633 βοὸς
529 577 622 632 ἥτις
653 573 798 618 οὐκέτι
830 575 899 629 οἴη
939 591 983 617 τε
1023 577 1186 630 γίνεται
1219 575 1261 626 ἐς
1298 575 1484 630 γαστέρα
1521 574 1654 616 ἄλλον

357 646 631 704 3βάλλεσθαι
661 642 810 699 γόνον.
870 645 1101 699 Αἰγύπτιοι
1131 646 1177 689 δὲ
1211 646 1386 701 λέγουσι
1427 644 1551 695 σέλας
1585 643 1655 687 ἐπὶ

385 719 464 775 τὴν
504 720 618 773 βοῦν
655 714 702 757 ἐκ
745 718 825 758 τοῦ
863 713 1058 770 οὐρανοῦ
1094 718 1331 772 κατίσχειν,
1382 717 1455 759 καί
1492 732 1568 771 μιν
1607 716 1713 759 έκὲο

359 790 554 832 4τούτου
585 786 743 829 τίκτειν
772 785 848 829 τὸν
867 783 1010 829 ’Ἁπιν.
1057 785 1171 842 ’Έχει
1191 786 1237 830 δὲ
1266 786 1288 830 ὁ
1320 786 1481 842 μόσχος
1511 781 1655 838 οὗτος,

388 860 411 903 ὁ
434 860 559 908 ’Ἀπις
587 855 872 912 καλεόμενος,
904 855 1064 913 σημὴϊα
1091 857 1259 901 τοιάδε·
1298 857 1382 901 ἐών
1407 858 1559 912 μέλας,
1589 857 1658 901 ἐπὶ

385 930 465 986 μὲν
496 932 556 985 τῷ
587 926 768 984 μετώπῳ
800 927 956 970 λευκὸν
985 926 1261 983 τετράγωνον
1293 929 1465 983 φορέει·
1512 929 1582 972 ἐπὶ
1612 928 1658 972 δὲ

385 1003 468 1043 τοῦ
497 997 661 1051 νώτου,
693 998 837 1042 αἰετὸν
866 996 1138 1053 εἰκασμένον·
1178 998 1225 1041 ἐν
1256 999 1301 1041 δὲ
1330 1002 1381 1055 τῇ
1413 996 1550 1054 οὐρῇ,
1580 999 1657 1050 τὰς

332 1177 484 1223 Aldina,
512 1174 747 1212 Florentinus
767 1178 804 1212 et
825 1175 996 1212 Sancros-

332 1234 362 1271 ti
383 1233 474 1271 liber
494 1233 683 1284 μετῇσαν.

390 1288 429 1336 ἒς
464 1286 631 1341 γαστέρα
666 1307 723 1314 --
757 1282 995 1337 βάλλεσθαι]

331 1346 390 1384 De
406 1358 516 1383 vacca
531 1344 666 1395 foetum
681 1347 779 1379 utero
803 1345 998 1394 concipien-

333 1406 367 1439 te
388 1402 478 1439 haec
503 1400 743 1449 intelligenda
774 1404 867 1437 sunt.
914 1400 999 1437 Duo

336 1458 416 1495 libri
431 1456 647 1509 βαλέσθαι;
668 1454 863 1507 λαβέσθαι
879 1457 1001 1493 conie-

333 1519 434 1552 cerat
455 1514 580 1551 Pauw.
595 1518 853 1563 receperatque
865 1512 1001 1549 Sellae-

333 1572 442 1608 ferus.
493 1571 577 1615 Quo
611 1570 759 1607 minime
800 1582 903 1620 opus.
958 1569 1000 1605 In

334 1628 498 1678 proxime
519 1626 824 1663 antecedentibus
847 1638 914 1675 pro
934 1624 999 1674 οἴη

334 1698 375 1722 τε
387 1684 538 1732 Steger.
559 1682 717 1719 Praefat.
740 1695 775 1732 p.
793 1681 879 1718 XIII
894 1681 1001 1718 scribi

334 1739 470 1777 mavult
490 1737 593 1788 ὁσίη,
621 1739 689 1775 hoc
707 1751 837 1775 sensu:
867 1749 1001 1786 „quam

335 1809 406 1833 non
437 1796 589 1845 amplius
608 1793 675 1844 fas
708 1797 757 1831 est
783 1795 894 1830 alium
912 1807 1002 1844 par-

339 1857 413 1889 tum
436 1854 615 1901 concipere
632 1853 644 1887 !
658 1854 683 1870 “

395 1906 511 1954 σέλας
537 1906 601 1947 ἐπὶ
624 1902 700 1957 τήν
727 1907 829 1957 βοῦν
861 1905 903 1944 ἐκ
931 1906 1004 1944 τοῦ

339 1960 516 2016 ούρανοῦ
549 1961 762 2014 κατίσχειν]
807 1963 1004 2013 κατίσχειν

338 2022 397 2058 hic
416 2020 512 2058 valet
532 2020 662 2066 delabi,
696 2019 837 2068 deferri.
877 2018 1005 2069 Expli-

339 2077 423 2123 cuit,
447 2077 665 2113 observante
676 2076 814 2121 Valck„
835 2075 1003 2112 Eustath.

340 2133 388 2169 ad
420 2132 520 2168 Iliad.
556 2128 589 2170 α’
621 2145 703 2181 pag.
739 2134 840 2177 100,
881 2131 934 2172 40
968 2137 1005 2168 et

340 2189 511 2226 Abresch.
541 2189 578 2225 in
600 2188 783 2225 Dilucidd.
810 2188 1004 2236 Thucydd.

342 2258 427 2295 pag.
451 2244 542 2284 460.
573 2243 638 2280 Cr.
659 2245 761 2280 addit
781 2244 901 2281 Schol.
918 2244 1005 2281 Lei-

342 2301 463 2337 denss.
483 2301 530 2337 ad
550 2300 649 2336 Iliad.
678 2301 704 2346 l,
725 2300 806 2341 450
826 2301 882 2337 ed.
896 2301 1006 2337 Was-

344 2357 445 2394 senb.
506 2356 563 2392 Ad
602 2369 676 2392 rein
713 2357 828 2406 ipsam
870 2356 1005 2394 consul.

343 2413 521 2463 Pompon.
546 2411 631 2450 Mel.
656 2412 683 2457 Ι,
711 2414 755 2451 9:
797 2425 911 2458 „raro
942 2425 1007 2449 na-

343 2469 475 2514 scitur,
529 2481 597 2505 nee
635 2469 729 2504 coitu
766 2469 928 2518 pecoris,
968 2472 1008 2505 ut

344 2526 465 2570 aiunt,
507 2525 572 2561 sed
601 2524 770 2560 divinitus
795 2529 829 2561 et
860 2524 1008 2561 coelesti

344 2583 430 2630 igne
458 2583 712 2630 conceptus·‚“
754 2585 866 2629 atque
898 2581 1009 2629 inpri-

345 2638 412 2675 mis
436 2636 616 2674 Plutarch.
639 2636 696 2673 De
717 2636 798 2672 Isid.
821 2643 855 2673 et
874 2637 1007 2673 Osirid.

346 2706 430 2744 pag.
469 2694 549 2734 368
570 2694 610 2729 C.
661 2693 718 2729 Dc
750 2692 894 2741 reliquis
929 2693 1011 2729 vide

349 2751 572 2787 Creuzernm
594 2749 630 2784 in
654 2748 799 2785 Excurs.
821 2750 868 2785 ad
889 2749 921 2784 h.
942 2748 962 2784 l.

404 2801 653 2857 τετράγωνον
674 2803 824 2855 φορέει]
860 2803 1011 2855 φορέει,

350 2862 449 2911 quod
487 2874 566 2899 cum
607 2862 795 2898 Gronovio
830 2861 1012 2898 deleverat

1053 1174 1103 1212 W
1106 1175 1208 1214 essel.
1230 1189 1309 1213 cum
1322 1174 1523 1223 Schweigh.
1546 1178 1584 1212 et
1598 1174 1715 1212 Gaisf.

1053 1233 1209 1281 reposui.
1258 1232 1438 1269 Matthiae
1480 1232 1608 1268 omisit.
1658 1231 1717 1269 De

1054 1288 1134 1339 ipsa
1152 1301 1191 1326 re
1210 1289 1348 1326 consul.
1370 1290 1591 1326 Creuzerum
1612 1286 1634 1324 l.
1654 1287 1675 1323 l.

1112 1343 1176 1383 ἐπὶ
1197 1342 1239 1384 δὲ
1260 1347 1333 1384 τοῦ
1355 1341 1484 1383 νώτου
1513 1340 1640 1382 αιέτόν
1665 1342 1718 1382 εἶ-

1056 1399 1270 1452 κασμένον]
1318 1402 1456 1448 „Haec
1482 1401 1592 1437 verba
1624 1399 1718 1437 male

1057 1457 1191 1495 habent
1218 1458 1382 1507 Zoegam
1412 1458 1459 1495 de
1489 1457 1657 1494 obeliscc.
1680 1470 1717 1507 p.

1057 1512 1150 1556 448.
1189 1514 1349 1551 Vulturis
1380 1509 1544 1565 (γυπός)
1575 1513 1719 1561 signum

1057 1570 1094 1606 in
1112 1570 1240 1621 Apidis
1259 1571 1353 1607 notis
1374 1584 1471 1615 esse3
1515 1581 1589 1605 non
1617 1568 1722 1617 aqui-

1057 1626 1126 1674 lae,
1157 1628 1186 1663 si
1207 1627 1331 1664 icones
1351 1628 1526 1663 conseras.
1560 1625 1620 1662 Tu
1637 1626 1722 1662 vide

1058 1696 1090 1720 v.
1112 1697 1140 1719 c.
1162 1683 1266 1731 Cayli
1285 1683 1437 1720 Recneil
1453 1682 1561 1719 Tom.
1584 1682 1597 1717 I
1628 1680 1720 1718 Tab.

1062 1742 1125 1780 12.
1167 1738 1250 1787 Ego
1277 1740 1315 1775 in
1337 1751 1381 1776 ea
1408 1752 1448 1776 re
1476 1737 1723 1788 ampliandum

1059 1795 1233 1833 existimo,
1282 1794 1379 1832 Nam
1418 1795 1572 1845 primum
1614 1806 1722 1831 nemo

1060 1852 1176 1888 nescit
1210 1851 1437 1900 diligentiam
1467 1851 1648 1888 Herodoti
1684 1849 1723 1886 in

1060 1909 1166 1946 rebus
1202 1907 1424 1945 naturalibus
1460 1907 1722 1953 describendis,

1061 1969 1100 2001 ut
1130 1964 1276 2001 minime
1298 1963 1469 2001 credibile
1496 1964 1564 2009 sit,
1603 1962 1724 2000 vultu-

1062 2033 1137 2058 rem
1160 2025 1195 2058 et
1215 2019 1372 2069 aquilam
1397 2021 1443 2057 ab
1470 2032 1514 2057 eo
1537 2032 1617 2056 esse
1637 2031 1725 2056 con-

1061 2078 1173 2114 fusos.
1223 2076 1367 2114 Deinde
1395 2077 1591 2126 phoenicis.
1635 2075 1724 2121 avis,

1062 2134 1184 2182 imago
1201 2145 1460 2182 nonnunquam
1488 2132 1638 2181 adiungi
1659 2145 1728 2182 po-

1060 2194 1156 2227 terat
1183 2189 1302 2240 Apidi.
1354 2189 1421 2226 Est
1452 2201 1537 2227 vero
1570 2188 1727 2239 phoenix

1063 2245 1102 2292 ἐς
1130 2242 1177 2284 to?
1205 2241 1372 2296 μάλιστα
1403 2245 1557 2298 αἰετῷ
1584 2240 1728 2296 περιή-

1062 2314 1179 2354 γησιν
1207 2298 1457 2352 ὁμοιότατος,
1496 2303 1575 2351 ipso
1607 2302 1727 2338 Hero-

1063 2360 1151 2395 doto
1182 2363 1277 2396 teste
1304 2359 1349 2404 ll,
1377 2360 1440 2398 73.
1486 2359 1637 2395 Poterat
1662 2369 1726 2394 au-

1064 2418 1137 2451 tem
1155 2414 1310 2464 phoenix
1333 2415 1495 2451 bifariam
1515 2414 1615 2462 iungi
1640 2412 1729 2463 Api-

1065 2471 1123 2516 di,
1162 2472 1314 2520 primuni
1339 2475 1506 2519 respectu
1525 2470 1648 2506 habito
1673 2470 1729 2505 in-

1066 2527 1236 2562 undantis
1259 2525 1346 2571 Nili,
1378 2527 1478 2562 cnius
1502 2530 1587 2561 nota
1606 2527 1643 2562 in
1662 2538 1729 2562 no-

1066 2583 1110 2618 tis
1135 2582 1263 2630 Apidis
1299 2586 1399 2625 erat3
1449 2582 1478 2618 si
1516 2582 1662 2630 quidem
1692 2582 1728 2618 in

1068 2638 1283 2688 anaglyphis
1307 2637 1501 2674 'shcbaicis
1525 2650 1667 2675 urceum
1691 2642 1730 2675 et

1068 2700 1230 2744 pateram
1258 2698 1381 2742 gestat
1409 2694 1567 2744 phoenix
1601 2695 1730 2742 igitur-

1069 2763 1140 2798 que
1167 2755 1202 2787 et
1228 2751 1306 2799 ipse
1334 2750 1380 2785 ad
1412 2749 1534 2786 Nilum
1573 2750 1729 2788 solstitio

1069 2806 1208 2843 aestivo
1227 2812 1447 2843 crescentem
1468 2807 1620 2843 refertur
1637 2807 1727 2853 (vid.

1070 2862 1247 2913 Descript.
1292 2863 1338 2899 de
1378 2863 1536 2913 l'Egypt.
1578 2863 1727 2913 Antiqq.
