1863 3256
468 127 1145 172 MELPOMENE.1V

1356 134 1438 173 367

168 244 215 296 ὃς
254 242 523 301 βουλόμενος
562 239 702 284 Ἰνδόν
748 239 968 294 ποταμὸν,
1028 237 1076 289 ὃς
1120 239 1586 305 κροκοδείλουςὸοῇῗῇοε
1600 255 1634 281 ia
1620 246 1768 273 manv

168 314 375 369 δεύτερος
406 309 536 365 οὗτος
564 328 775 367 ποταμων
798 310 978 354 πάντων
998 308 1249 365 παρέχεται,
1279 312 1440 352 τοῦτον

167 387 245 429 τὸν
267 386 467 440 ποταμὸν
486 385 644 428 εἰδέναι
665 387 719 439 τῇ
749 383 791 433 ἐς
811 382 1041 426 θάλασσαν
1061 380 1252 428 ἐκδιδοῖ,
1283 379 1442 435 πέμπει
1497 387 1514 471 Ξ

165 458 359 500 πλοίοισι
401 457 562 507 ἄλλους
608 472 652 498 τε
706 460 819 497 τοῖσι
868 454 1061 497 ἐπίστευε
1100 451 1180 509 τήν
1219 449 1441 507 ἀληθηΐην

136 526 329 582 ἓέρέειν,
359 526 433 569 καὶ
463 525 517 581 δὴ
549 526 622 568 καὶ
651 524 862 567 Σκύλακα
893 523 1033 579 ἄνδρα
1059 522 1336 577 Καρυανδέα.
1386 539 1428 566 οι
1443 521 1559 572 351,

166 598 234 649 δὲ,
274 596 538 652 ὁρμηθέντες
579 597 625 639 ἐκ
658 594 959 648 Κασπατύρου
997 612 1040 639 τε
1079 594 1234 645 πόλιος
1262 594 1335 638 καὶ
1366 599 1442 652 τῆς

168 671 420 724 Πακτυϊκῆς
458 670 555 724 γῆς,
595 667 748 710 ἔπλεον
778 665 887 709 κατα
921 665 1125 722 ποταμὸν
1157 665 1271 722 πρὸς
1299 665 1366 723 ἠοῖ
1395 682 1439 710 τε

309 850 418 899 Cap.
452 848 583 887 XLIV.

166 922 212 953 ος
259 906 541 958 κροκοδείλοις
592 902 774 957 δεύτερος

108 978 228 1009 ουτος
254 979 288 1002 κ.
317 978 348 1001 τ.
342 961 416 1019 λ.]
458 962 516 1000 Ad
554 962 773 1000 locutionem

108 1015 292 1072 δεύτερος
308 1021 426 1066 οὗτος
448 1021 542 1057 cons.
561 1021 591 1065 1,
612 1020 665 1061 25
686 1021 772 1068 ibiq.

108 1082 203 1114 nott.
244 1077 303 1115 De
329 1076 512 1114 crocodilo
533 1078 628 1114 cons.
651 1077 695 1123 ll,
718 1079 771 1116 67

108 1146 212 1183 seqq.
230 1134 355 1182 ibique
371 1135 558 1170 adnotata.
592 1133 673 1169 Hoc
693 1133 771 1169 loco

106 1191 195 1227 illud
243 1191 455 1236 adiicimus‚
510 1193 605 1227 teste
646 1188 770 1226 Wahl.

107 1246 328 1284 Erdbeschr.
353 1260 385 1283 V.
409 1246 554 1284 Ostind.
582 1258 667 1295 pag.
688 1247 770 1285 838

105 1304 144 1340 in
163 1303 255 1340 Indo
269 1331 279 1350 ‚
320 1303 456 1352 Gange
480 1302 633 1351 aliisque
655 1302 772 1340 amni-

105 1360 173 1397 bus
205 1360 365 1409 regionis
393 1360 602 1396 Hiudostan
633 1372 675 1396 ac
692 1359 771 1396 De-

105 1429 173 1454 can
217 1416 351 1454 multos
395 1416 579 1466 hodieque
621 1416 771 1466 reperiri

104 1473 307 1511 crocodilos
338 1472 577 1524 Aegyptiacis
607 1473 662 1510 xel
694 1485 771 1510 ma-

105 1530 213 1568 iores.
230 1551 288 1557 —
318 1530 374 1567 Ad
408 1529 556 1568 voculae
588 1533 635 1584 τῇ
666 1543 770 1566 usum

105 1587 222 1634 confi,
261 1600 356 1636 quae
381 1587 561 1624 simillima
585 1600 629 1624 ex
649 1587 771 1624 Hero-

105 1643 196 1680 doto
243 1644 432 1693 congessit
481 1644 613 1681 Struve
659 1643 771 1693 SpeC.

106 1704 174 1737 etc.
192 1699 230 1747 Ι,
260 1713 347 1750 pag.
368 1702 419 1741 31
445 1713 571 1749 seqq.;
603 1706 640 1738 et
659 1700 770 1750 paulo

105 1760 213 1794 antea
237 1757 285 1793 ad
310 1757 421 1794 verba
442 1759 585 1796 τοῦτον
606 1754 677 1796 τόν
699 1772 771 1795 πο-

104 1809 228 1862 ταμὸν
255 1813 300 1850 cf.
329 1813 465 1851 Matth.
501 1814 566 1851 Gr.
586 1814 651 1850 Gr.
681 1827 768 1864 pag.

105 1871 199 1911 877.
225 1870 304 1910 881
327 1883 432 1920 seqq.
453 1893 504 1898 --
537 1869 670 1919 Attigit
691 1871 771 1908 He-

104 1927 280 1973 rodotea,
318 1931 491 1965 monente
521 1927 614 1974 Cn,
646 1927 690 1964 A.
719 1928 768 1965 G.

103 1982 284 2031 Schlegel.
305 1983 384 2021 Ind.
402 1983 497 2022 Bibl.
520 1984 564 2031 ll,
585 1986 610 2025 3
630 1998 665 2035 p.
686 1985 768 2025 298

104 2044 142 2078 et
170 2037 276 2087 304,
319 2040 381 2078 ubi
415 2041 462 2079 de
493 2042 640 2079 nomine
670 2042 771 2078 fluvii

104 2096 209 2143 Indi,
249 2097 311 2146 qui
341 2099 490 2148 proprie
515 2099 562 2135 sit
592 2098 768 2135 Stndhus.

163 2148 353 2192 Σκύλακα
371 2150 499 2206 ἄνδρα
513 2153 766 2206 Καρυανδέα]

104 2208 163 2246 De
187 2209 340 2260 Scylace
365 2211 402 2248 in
420 2211 585 2249 Excursu
612 2213 663 2249 ad
684 2212 719 2249 h.
747 2212 769 2249 l.

105 2266 259 2314 egimus.
314 2267 538 2319 Caryancla,
581 2281 677 2318 quae
713 2274 771 2307 est

105 2322 237 2361 Cariae
256 2324 357 2373 urbs,
386 2325 423 2362 in
442 2326 523 2376 ipso
547 2327 770 2364 continentis

104 2381 225 2417 terrae
244 2381 348 2419 litore
367 2383 488 2432 posita
512 2383 580 2431 (de
602 2396 675 2432 qua
695 2383 768 2420 vid.

105 2434 314 2475 Tzschuck.
345 2439 393 2476 ad
422 2439 601 2491 Pompon.
631 2439 719 2477 Mel.
740 2439 769 2488 Ι,

108 2493 158 2531 16
186 2497 279 2532 nott.
305 2507 438 2544 exegg.
472 2509 558 2547 pag.
583 2494 661 2536 471
687 2496 770 2535 Vol.

104 2546 155 2584 ΙΙΙ
191 2547 232 2587 Ρ.
261 2550 297 2598 1)
333 2553 509 2590 oriundus
548 2553 607 2590 ille
648 2553 771 2604 perhi-

105 2603 221 2642 betur.

162 2658 410 2713 ὁρμηθέντες
430 2663 472 2703 ἐκ
493 2661 769 2717 Κασπατύρου

105 2731 147 2756 τε
177 2714 313 2765 πόλιος
338 2718 404 2758 καὶ
433 2723 504 2771 τῆς
535 2725 771 2774 Πακτυικῆς

106 2775 205 2826 γῆς]
239 2776 260 2813 i.
281 2788 313 2813 e.
339 2776 498 2827 profecti
524 2791 541 2816 e
571 2779 770 2831 Caspatyro

831 849 916 886 urbe
945 862 1155 900 regioneque
1186 849 1373 901 Pactyzca.
1424 849 1497 887 Ubi

831 906 1057 944 Maltebrun.
1092 909 1174 944 Ann
1179 908 1236 944 111
1277 909 1313 945 d.
1353 907 1497 975 loyag.

834 963 863 999 ll
891 976 927 1012 p.
960 965 1043 1004 330
1077 977 1156 1013 seq.
1184 965 1333 1001 xerbum
1365 962 1496 1028 οριιᾱ-

831 1024 930 1058 σθαι
970 1020 1088 1056 latiori
1124 1034 1234 1058 sensu
1265 1022 1378 1070 accipi
1403 1020 1493 1066 vult,

830 1081 870 1113 ut
893 1077 939 1112 sit
959 1079 1081 1125 partit·
1100 1077 1134 1113 ‹l’
1156 1091 1206 1113 un
1220 1079 1325 1127 point
1342 1078 1384 1115 (Ie
1406 1082 1495 1114 terre

821 1132 935 1182 ferme
966 1146 1059 1183 pour
1084 1134 1176 1170 aller
1202 1146 1278 1170 vers
1301 1147 1351 1170 un
1380 1138 1494 1171 autre.

830 1190 913 1233 Quo
947 1202 1056 1228 sensu
1086 1191 1114 1226 si
1142 1190 1199 1227 hic
1217 1191 1415 1240 accipiatur
1434 1189 1495 1240 ὁρ-

830 1244 1048 1295 μηθέντες,
1075 1246 1163 1283 nihil
1191 1248 1311 1284 inesse
1333 1253 1438 1297 putat
1458 1250 1494 1284 in

829 1303 1014 1340 Herodoti
1046 1304 1185 1351 verbis,
1218 1305 1320 1353 quod
1352 1305 1495 1354 Caspa-

829 1360 900 1409 tyri
921 1360 1045 1397 urbem
1068 1361 1117 1396 ad
1138 1361 1267 1398 Indum
1284 1362 1390 1398 sitam
1411 1374 1494 1400 esse

828 1429 894 1453 nos
915 1421 1079 1455 statuere
1093 1422 1214 1467 cogat.
1247 1418 1359 1462 Quod
1375 1419 1495 1468 ipsum

827 1474 1062 1511 coniunctum
1091 1478 1148 1512 est
1181 1488 1264 1512 cum
1293 1475 1397 1512 huius
1427 1475 1495 1512 viri

827 1531 928 1567 docti
973 1533 1154 1568 sententia
1194 1533 1242 1569 de
1282 1533 1492 1583 Caspatyro

828 1588 917 1624 urbe
936 1600 977 1624 ac
997 1589 1147 1636 regione
1170 1588 1354 1638 Pactyica,
1381 1602 1492 1638 quam

828 1644 863 1680 in
894 1644 1057 1681 Excursu
1078 1645 1126 1682 ad
1150 1645 1220 1693 111,
1258 1648 1338 1686 102
1366 1650 1496 1696 protu-

828 1700 943 1738 limus,
975 1701 1162 1750 Scylacem
1181 1703 1277 1739 enim
1296 1702 1496 1740 arbitratur

828 1759 1023 1806 navigasse
1051 1771 1125 1795 non
1158 1772 1224 1808 per
1245 1759 1395 1808 Indum,
1427 1760 1494 1797 sed

827 1827 894 1864 per
913 1814 1021 1851 aliurn
1035 1816 1217 1864 quendam
1230 1817 1396 1863 fluvium,
1419 1818 1494 1866 qui,

827 1871 873 1908 ab
926 1872 1114 1910 occidente
1163 1874 1340 1910 orientem
1381 1878 1494 1923 atque

826 1928 1016 1966 meridiem
1036 1941 1164 1967 versus
1187 1929 1378 1977 delabens,
1402 1930 1493 1967 ludo

826 1997 867 2022 se
895 1986 1119 2033 admisceat,
1149 1999 1193 2024 ex
1222 2000 1296 2036 quo
1321 1987 1402 2038 ipso
1425 1987 1491 2025 de-

826 2054 925 2079 mum
945 2043 994 2079 ad
1017 2055 1140 2080 verum
1164 2044 1293 2081 Indum
1314 2057 1493 2094 pervene-

826 2099 874 2136 rit
890 2099 1033 2148 Scylax.
1064 2099 1124 2138 De
1143 2113 1216 2150 quo
1234 2101 1315 2152 ipso
1334 2114 1418 2138 mox
1440 2102 1493 2138 vi-

826 2156 1006 2193 debimus.

884 2211 1025 2252 ἔπλεον
1056 2227 1156 2251 κατα
1188 2210 1365 2264 ποταμόν
1391 2211 1493 2266 πρός

826 2264 889 2319 ἠῶ
922 2284 962 2308 τε
994 2268 1062 2308 καὶ
1091 2268 1210 2320 ηλίου
1234 2265 1432 2318 ανατολας
1451 2271 1498 2319 ἐς.

826 2321 1067 2378 θαλασσαν]
1099 2328 1121 2364 i.
1145 2340 1177 2364 e.
1193 2330 1420 2377 navigarunt
1439 2341 1492 2366 se-

828 2384 944 2420 cundo
967 2385 1085 2435 fluvio
1112 2385 1275 2422 orientem
1306 2398 1427 2422 versus
1453 2388 1493 2423 in

826 2453 933 2478 mare.
974 2441 1097 2485 Quum
1128 2441 1238 2478 lndus
1266 2444 1418 2490 fluvius,
1453 2447 1494 2479 ut

827 2510 936 2535 nemo
963 2498 1099 2546 nescit,
1136 2499 1283 2536 minime
1314 2500 1492 2537 orientem

827 2567 952 2592 versus
1003 2567 1143 2592 cursum
1194 2568 1298 2593 suum
1343 2557 1492 2604 dirigat,

827 2612 893 2649 sed
918 2624 940 2648 a
959 2612 1158 2658 montibus,
1190 2613 1288 2650 unde
1308 2612 1491 2662 provenit,

826 2672 928 2706 recta
958 2670 1036 2706 fere
1060 2669 1250 2706 meridiem
1278 2681 1403 2705 versus
1426 2669 1492 2704 de-

826 2724 984 2771 labatur,
1004 2725 1209 2763 Larcherus
1229 2725 1318 2762 haec
1336 2723 1491 2773 Scylaci,

827 2781 965 2833 quippe
976 2781 1194 2831 intelligenti
1208 2781 1488 2832 peregrinatori,

1576 280 1660 306 ‹letec
1642 285 1772 340 1ιιἸιιειιιτ

1497 314 1645 373 3³:
1642 322 1755 360 ’Νι-ν

1682 349 1773 374 11ιι-ιιι

1502 588 1538 606 ΙῚ(

1515 379 1620 406 ireuinx
1629 386 1711 407 ectus
1728 385 1775 407 ent

1512 420 1528 437 n
1548 414 1661 473 §.tinum
1671 415 1773 440 Arabi-

1676 453 1774 504 8³11:ss

1518 480 1616 506 Nln
1644 456 1727 506 ΙΙιιιιιΙ

1589 513 1683 539 millo
1708 491 1744 540 hai

1584 523 1771 574 ·1nidat)'2i

1531 555 1685 608 osribacti.
