1863 3256
6 691 14 751 --
5 611 15 658 επ-
5 340 15 589 -Ἶ--“-·

450 142 532 182 322
866 140 1336 179 HERODOTI

450 249 529 304 μὲν
559 248 730 306 οὕνομα
757 254 818 306 τῷ
850 248 1039 306 δενδρέῳ
1070 247 1152 292 ἀπ’
1187 243 1241 293 οὗ
1279 252 1406 302 ζῶσι,
1446 247 1637 304 μέγαθος
1667 251 1712 294 δὲ

450 321 559 363 κατὰ
588 321 748 377 συκέην
776 318 960 374 μάλιστά
988 335 1065 375 κη·

1104 318 1277 376 καρπόν
1307 320 1353 362 δὲ
1384 317 1535 374 φορέει
1558 320 1769 377 κυάμῳ50

422 393 573 441 4ῒσον,
604 395 779 446 πυρῆνα
809 391 855 434 δὲ
885 391 977 446 ἔχει.
1038 395 1168 435 τοῦτο
1198 388 1328 436 ἐπεὰν
1356 387 1530 445 γένηται
1559 390 1710 441 πέπον,

395 578 536 629 stende]
563 577 750 625 intelligit,
789 577 889 614 cuius
917 578 1054 615 fructus

395 637 562 673 avellana
602 633 783 684 sylvestris
821 632 1051 685 [Haselnuss]

394 692 574 730 veteribus
597 689 703 739 vulgo
731 703 807 726 nux
828 689 977 727 Pontica
1000 693 1055 727 ‹li-

394 749 563 793 cebatur,
602 747 740 783 mireris
769 747 858 795 quid
885 748 932 784 sit
955 748 1054 796 quod

394 815 539 841 succum
571 814 592 839 e
619 803 739 839 fructu
765 816 973 852 expressum
998 805 1054 839 ni-

392 871 497 908 grum
518 858 628 895 dicat.
659 858 758 902 Quid
770 860 816 895 sit
835 872 933 905 vern,
955 860 1054 908 quod

393 916 575 953 Mannert.
593 914 642 950 IV
663 927 747 964 pag.
777 918 854 955 110
883 919 1053 964 quaerat:

393 972 540 1008 arborne
566 970 717 1007 Pontica
748 970 899 1020 intelligi
930 972 1054 1008 cedrus

396 1028 559 1065 Siberica
579 1028 738 1073 debeat,
776 1029 853 1077 ipse
880 1028 1052 1065 viderit.“

395 1084 657 1132 Schweigle.
726 1083 871 1120 Nucum
912 1084 1052 1121 cultura

392 1154 471 1178 cum
502 1152 568 1191 per
600 1140 757 1177 mediam
786 1138 909 1177 Asiam
945 1140 1052 1177 valde

393 1201 491 1235 esset
518 1201 724 1246 propagata
758 1197 952 1246 pluresque
991 1210 1052 1233 ea·-

391 1267 470 1291 rum
512 1253 692 1289 ferrentur
743 1254 882 1302 species
922 1254 1050 1291 Ritter.

392 1308 595 1347 Erdkunde
614 1309 644 1345 ll
667 1321 751 1358 pag.
774 1312 849 1349 831
884 1310 930 1346 de
951 1312 1051 1346 nucis

393 1366 553 1415 quadam
585 1366 705 1415 specie
733 1365 788 1402 hic
813 1367 1049 1414 cogitandum

392 1435 473 1460 esse
495 1423 635 1459 statuit.
694 1420 764 1467 At,
802 1423 940 1471 optime
970 1436 1049 1459 mo-

391 1483 501 1515 nente
514 1478 669 1515 Heeren.
682 1477 792 1514 ldeen
815 1478 844 1523 Ι,
858 1480 883 1517 2
904 1491 940 1528 p.
955 1481 1050 1526 283,

376 1534 448 1585 =hic
484 1533 700 1582 intelligitur
742 1532 885 1570 Primus
923 1533 1049 1571 Padus

390 1589 500 1627 Linn.
519 1588 816 1640 (Vogelkz'rsclae)‚
840 1591 939 1627 cuius
959 1592 1046 1628 bac-

391 1659 451 1683 cas
473 1650 570 1683 atras
599 1647 636 1682 in
661 1645 756 1684 lacte
781 1651 942 1695 coquunt
962 1647 1047 1684 Cal-

390 1703 506 1739 mucci
535 1706 708 1752 coctaque
736 1703 852 1739 cribro
877 1708 1048 1750 cernunt3

391 1759 490 1796 unde
522 1771 618 1808 quae
647 1760 875 1808 profluxere,
912 1772 957 1797 ea
984 1761 1049 1798 de-

390 1828 462 1851 nuo
503 1820 686 1864 coquunt,
733 1820 771 1852 ut
809 1815 927 1853 solida
963 1817 1049 1855 inde

390 1872 521 1909 existat
562 1884 704 1918 massa,
762 1884 871 1920 quam
919 1877 1051 1910 vocant

390 1926 538 1964 Moisun
573 1927 685 1971 Cleat5
733 1929 833 1965 cuius
878 1928 933 1966 vel
973 1931 1050 1966 exi-

390 1996 498 2033 guam
534 1989 674 2034 partem
706 1985 803 2033 aqua
834 1985 862 2022 si
888 1984 1048 2032 solveris,

390 2041 445 2077 ius
481 2041 567 2077 inde
600 2041 641 2077 fit
675 2041 832 2078 maxime
871 2043 1046 2080 nutriens.

391 2096 498 2139 Quae
523 2110 603 2133 cum
637 2097 686 2133 ita
719 2098 810 2143 sint,
854 2111 972 2146 neque
1001 2099 1048 2135 de

389 2152 564 2200 iuglande
592 2152 923 2202 (Wallnussbaum)
947 2156 1049 2203 cogi-

389 2209 562 2255 tandum,
593 2222 709 2258 quae,
740 2211 820 2260 ipso
843 2215 938 2248 teste
959 2211 1049 2249 Rei-

389 2264 526 2301 chardo
548 2265 570 2301 l.
590 2265 614 2304 l.
630 2278 714 2315 pag.
736 2268 802 2309 28,
834 2267 870 2303 in
887 2267 940 2303 his
960 2269 1047 2318 ipsis

390 2319 661 2358 Calmuccorum
690 2323 897 2370 regionibus
930 2323 1046 2361 haud-

389 2388 571 2425 quaquam
606 2377 808 2425 invenitur,
845 2392 964 2427 neque
999 2381 1046 2418 de

388 2432 533 2469 Sinensi
567 2433 725 2481 quadam
748 2435 878 2471 arbore
899 2435 972 2471 sicis
996 2437 1044 2472 si-

387 2487 483 2535 mili,
529 2489 584 2525 cui
629 2502 762 2526 nomen
803 2490 958 2535 Ιί-ίεΙιὶ,
1008 2493 1043 2528 in

388 2544 581 2594 provinciis
623 2545 701 2582 Fo-
714 2546 798 2583 kien
811 2574 822 2593 ‚
878 2547 1013 2597 Kuang
1027 2572 1042 2579 -

387 2604 481 2649 tung
510 2605 547 2638 et
565 2601 728 2650 Kuang-
737 2603 787 2649 si,
820 2604 942 2653 prouti
970 2608 1043 2641 sta-

387 2657 456 2693 tuit
487 2656 545 2694 De
565 2657 648 2693 Gai«
640 2657 774 2706 g.nesl
797 2658 819 2695 l.
840 2672 925 2708 pag.
950 2660 1042 2701 554.

444 2708 529 2751 ἄπ’
560 2707 618 2752 οὗ
650 2713 756 2765 ζῶσι]
782 2715 812 2751 Ε
830 2715 1043 2783 llorentinq

387 2767 479 2806 libro
500 2782 647 2820 unoque
664 2771 826 2808 Parisino
847 2772 934 2809 dedi
963 2767 1043 2812 ἄπ’

1113 574 1170 618 οὗ
1206 593 1273 630 pro
1313 576 1392 620 ἅπό
1435 582 1529 626 τοῦ,
1585 580 1769 629 probante

1111 638 1243 675 Struve
1264 637 1286 673 l.
1305 636 1327 674 l.
1348 638 1360 674 1
1382 651 1465 688 pag.
1486 640 1522 677 2.
1542 638 1596 677 32
1608 635 1767 685 seq.35‚

1112 706 1190 729 cum
1225 694 1323 743 apud
1350 694 1580 731 Herodotum
1610 705 1768 743 praepo-

1111 749 1216 794 sitio,
1254 761 1350 798 quae
1385 749 1647 799 apostrophum
1688 748 1767 798 pati

1110 809 1256 854 potest,
1302 805 1459 842 ultimam
1478 806 1637 843 vocalem
1657 806 1763 842 amit-

1110 865 1163 896 tat
1185 866 1220 896 et
1240 860 1381 897 rilativi
1410 862 1561 898 sormam
1589 874 1610 898 a
1637 873 1767 897 conso-

1110 921 1222 953 nante
1268 916 1499 966 incipientem
1541 922 1768 967 aspernetur.

1110 972 1183 1016 Qui
1209 972 1305 1008 idem
1333 974 1464 1010 Struve
1495 973 1517 1009 l.
1543 972 1566 1008 l.
1599 985 1684 1023 pag
1711 975 1767 1014 22

1111 1029 1158 1065 de
1187 1029 1366 1076 θεμιιίεῐο
1393 1030 1428 1065 in
1456 1029 1511 1065 his
1532 1029 1652 1066 verbis
1677 1041 1766 1065 con-

1108 1084 1294 1122 sulendus.
1353 1085 1412 1123 De
1434 1098 1501 1122 usu
1527 1085 1767 1135 praepositio-

1109 1142 1164 1177 nis
1195 1136 1273 1179 ἆπὸ
1306 1142 1350 1178 cf.
1384 1145 1476 1178 nott.
1513 1142 1561 1178 ad
1590 1142 1660 1187 IV,
1697 1143 1764 1181 22.

1108 1197 1763 1247 RespexitHerodoteaverbaAthen.

1110 1253 1141 1289 Il
1162 1266 1246 1303 pag.
1272 1253 1323 1294 57
1343 1254 1386 1290 C.

1166 1309 1341 1361 μέγαθος
1386 1307 1427 1348 δὲ
1472 1305 1571 1348 και-οἲ
1616 1306 1762 1358 συκέην

1108 1362 1274 1415 μάλιστά
1313 1367 1388 1416 κη]
1439 1367 1460 1402 i.
1491 1379 1522 1402 e.
1555 1365 1764 1414 magnitudo

1105 1422 1211 1459 leuius
1237 1423 1371 1458 arboris
1399 1422 1517 1459 eadem
1549 1422 1666 1472 ferme
1713 1425 1763 1458 est

1107 1491 1196 1527 quae
1205 1479 1283 1528 fici.
1325 1478 1383 1516 De
1402 1492 1466 1515 usu
1484 1479 1762 1529 praepositionis

1104 1532 1203 1573 κατὰ
1225 1536 1318 1571 conf.
1340 1535 1367 1581 l,
1393 1537 1486 1575 121.
1525 1534 1570 1582 ΙΙ,
1600 1537 1663 1576 10.
1720 1534 1764 1571 In

1103 1604 1185 1640 sqq.
1213 1593 1375 1642 πυρῆνα
1396 1591 1568 1629 intellexit
1592 1590 1763 1638 nucleum,

1103 1660 1268 1696 granum.

1160 1706 1276 1742 τοῦτο
1300 1699 1420 1742 ἒπεᾶν
1442 1700 1601 1754 γένηται
1620 1701 1762 1749 πέπον,

1106 1758 1314 1799 σακκέουσι
1342 1758 1547 1810 ἱματίοισι]
1586 1760 1608 1797 ἱ.
1635 1773 1667 1798 e.
1701 1761 1764 1809 qui

1097 1816 1244 1867 fructus
1275 1816 1416 1866 quando
1446 1817 1641 1863 maturuit,
1666 1829 1761 1866 pan-

1104 1875 1161 1910 nis
1201 1886 1277 1910 eum
1312 1872 1506 1922 percolant-
1565 1874 1681 1911 τοῦτο
1713 1872 1762 1910 ad

1104 1927 1261 1979 καρπόν
1295 1929 1546 1975 referendum,
1585 1929 1685 1966 haud
1706 1929 1762 1964 in-

1105 1987 1210 2024 solita
1229 1998 1368 2033 sensus,
1382 1998 1477 2035 quae
1489 1990 1654 2031 voc-atur,
1669 1989 1763 2022 stru-

1104 2048 1215 2080 ctura.
1274 2042 1345 2079 Pro
1378 2042 1567 2092 ἱματίοισι
1606 2041 1765 2079 scribere

1104 2094 1315 2149 η’θανίοισι
1352 2094 1400 2151 (i.
1431 2112 1464 2136 e.
1502 2096 1678 2147 cribris),
1724 2101 1764 2134 ut

1105 2156 1251 2205 quidam
1269 2154 1400 2202 voluit,
1431 2154 1575 2193 minime
1590 2166 1761 2204 opus.—

1106 2210 1345 2250 σακκέουσι
1400 2224 1526 2249 omnes
1581 2210 1761 2260 praebent

1105 2269 1235 2313 codd.;
1284 2263 1496 2306 σακεύουσι
1534 2266 1683 2303 Photius
1723 2270 1760 2302 et

1104 2325 1257 2369 Suidas3
1295 2324 1456 2372 itemque
1491 2335 1535 2360 ex
1567 2322 1759 2360 Herodoto

1103 2377 1286 2420 σακεύειν
1305 2377 1347 2418 τὸ
1366 2378 1510 2425 ὖλίζειν
1531 2378 1574 2425 (i.
1593 2391 1624 2416 e.
1638 2391 1758 2427 perco-

1103 2437 1190 2482 lere,
1202 2437 1361 2483 saccare)
1377 2436 1462 2472 citat
1475 2434 1689 2471 Eustathius
1711 2434 1759 2471 ad

1101 2493 1252 2530 Homer.
1283 2492 1320 2529 ll.
1350 2491 1435 2527 Xlll
1464 2504 1499 2541 p.
1521 2490 1622 2536 940,
1655 2493 1705 2530 17
1727 2503 1756 2527 s.

1102 2549 1198 2595 914,
1220 2551 1281 2589 10.
1321 2547 1480 2584 Bekker.
1499 2545 1663 2584 Anecdd.
1685 2547 1700 2583 1
1721 2560 1758 2597 p.

1104 2607 1196 2650 113,
1223 2606 1287 2645 32.
1322 2603 1584 2641 Valckenaerio
1610 2607 1758 2641 auctore

1100 2666 1242 2697 veteres
1262 2660 1433 2697 dixerunt
1451 2659 1606 2698 σακέειν
1628 2665 1669 2697 et
1692 2671 1756 2698 σα-

1100 2717 1240 2763 κίζειν,
1282 2717 1501 2754 recentiores
1532 2719 1693 2754 σακκεῖν
1719 2720 1757 2753 et

1101 2773 1320 2821 σακκίζειν,·
1367 2773 1428 2822 qui
1466 2773 1562 2811 idem
1602 2772 1756 2810 conferri
