1946 3272
608 195 954 237 THAL1A.
1015 196 1077 235 111.
1414 203 1470 242 τε,

197 315 391 367 τοξότας·
435 311 560 365 ἔφερε
601 307 752 351 δὲκαὶ
795 301 870 362 ἦγε
900 304 1087 357 πάντας,
1128 307 1369 357 διακρίνων
1404 307 1527 350 013-45

169 386 315 428 ὁὸένα.
369 385 430 436 τῷ
458 380 541 436 γάρ
574 380 688 437 φίλῳ
720 377 803 434 ἔφη
840 381 1088 433 χαριεῖσθαι
1120 379 1287 431 μᾶλλον
1318 375 1469 419 οἷποὸι-

169 454 304 505 6δούς
335 451 385 495 τοὶ
415 451 560 506 ἔλαβε,
608 449 636 506 ἢ
666 448 805 506 άρχὴν
835 449 942 505 μηδὲ
972 446 1135 504 λαβών.

1198 446 1362 502 συχνάς
1391 447 1471 502 μὲν

195 525 246 580 δή
276 527 363 566 τῶν
400 522 549 578 νήσων
587 520 783 577 αῑρήκεε,
825 520 966 564 πολλὰ
999 519 1044 563 δὲ
1077 519 1150 562 καὶ
1179 523 1255 575 τῆς
1284 516 1472 574 ἠπείρου

193 595 343 639 ἄστεα·
382 593 430 636 ἐν
460 594 505 637 δὲ
524 592 577 649 δή
601 593 675 636 καὶ
695 594 937 648 Λεσβίους,
969 594 1243 647 πανστρατιῇ
1266 589 1473 645 βοηθέον-
1484 598 1530 631 50

192 682 267 716 τας
284 666 564 721 Μιλησίοισι,
594 666 814 721 ναυμαχίῃ
840 663 1059 720 κρατήσας
1080 660 1184 713 εἷλε,
1219 665 1262 706 οἳ
1290 661 1371 718 τὴν
1400 659 1471 704 τά·

192 753 308 793 φρον
344 737 442 791 περὶ
479 736 529 779 τὸ
566 740 704 792 τεῖχος
741 734 790 778 τὸ
823 735 869 779 έν
899 734 1036 792 Σάμῳ
1066 739 1214 778 πᾶσαν
1250 731 1474 787 δεδεμένοι

67 818 133 863 40
191 807 379 863 ὤρυξαν.
437 809 524 851 Καί
546 824 634 858 κως
662 806 740 851 τὸν
759 807 946 862 ’Ἀμασιν
976 804 1193 862 εὐτυχέων
1222 803 1418 862 μεγάλως
1448 801 1471 847 ὁ

191 878 477 936 Πολυκράτης
500 878 584 922 οὐκ
612 877 849 928 ἐλάνθανε,
882 876 992 921 ἄλλά
1020 880 1063 922 οἱ
1091 877 1218 922 τοῦτ’
1247 877 1303 933 ἡν
1335 876 1472 931 ἐπιμε-

164 950 275 1001 Ξλές.
335 956 482 1009 πολλῷ
515 950 560 995 δὲ
598 951 660 994 ἔτι
696 947 885 1000 πλεῦνός
925 950 968 992 οἱ
999 948 1197 1004 εὐτυχίης
1226 947 1473 1004 γινομένης,

190 1021 364 1079 γράψας
390 1023 431 1074 ές
450 1025 622 1079 βιβλίον
650 1021 773 1069 τάδε,
807 1021 1015 1065 ἐπέστειλε
1036 1022 1078 1073 ές
1099 1020 1280 1077 Σάμον·
1323 1020 1474 1075 ,,”Αμα-

162 1101 262 1146 ὃσις
294 1095 569 1150 Πολυκράτει
600 1089 684 1138 ὦδε
724 1093 846 1150 λέγει.
900 1090 1010 1136 ἹΙδύ
1049 1093 1129 1148 μὲν
1166 1089 1475 1135 πυνθάνεσθαι
1489 1096 1532 1130 56

145 1257 311 1305 ductarii,
350 1258 581 1310 strpendiarii
614 1259 678 1306 (cf.
710 1262 804 1296 nott.

142 1315 190 1351 ad
214 1314 278 1362 111,
299 1316 359 1362 4),
390 1328 481 1364 quos
509 1315 630 1366 plures
654 1330 805 1354 numero

144 1372 213 1408 sibi
271 1385 505 1423 comparasse
560 1373 705 1411 videtur
749 1381 806 1422 ty·

141 1440 288 1465 rannus.

199 1483 316 1535 ἔφερε
350 1482 392 1524 δὲ
423 1483 489 1523 καὶ
526 1478 598 1537 ἦγε
635 1479 805 1535 πάντας]

143 1542 242 1579 Citat
266 1541 356 1580 hacc
385 1542 553 1579 Eustath.
583 1543 631 1579 ad
654 1542 804 1580 Homer.

138 1598 174 1635 ll.
193 1612 277 1648 pag.
299 1599 393 1640 573.
417 1601 466 1639 18
490 1613 517 1636 s,
539 1598 713 1646 435‚35.
744 1598 804 1635 Ad

135 1655 356 1693 locutionem
376 1655 436 1692 Tu
459 1656 553 1693 conf.
574 1656 603 1702 I,
628 1658 694 1696 88.
723 1658 802 1696 166

136 1712 261 1761 ibique
284 1716 379 1749 nott.
409 1717 445 1749 et
472 1713 519 1749 ad
547 1713 660 1750 verba
691 1712 732 1751 ἐν
760 1710 802 1750 δὲ

138 1765 187 1819 δή
216 1767 282 1807 καὶ
305 1768 437 1805 Matth.
461 1770 525 1805 Gr.
554 1769 618 1805 Gr.
645 1768 680 1820 ἓ.
705 1768 800 1815 594,

141 1828 158 1864 1
195 1839 279 1875 pag.
304 1827 424 1866 1189.
485 1826 543 1862 Ad
570 1826 641 1862 hoe
671 1826 802 1863 bellum

136 1895 216 1919 cum
259 1882 412 1919 Milesiis
451 1887 594 1931 gestum
635 1888 803 1932 spectare

137 1944 263 1977 censet
284 1939 452 1975 Panot‘ka
473 1939 494 1976 l.
516 1938 538 1975 l.
563 1952 649 1989 pag.
671 1941 725 1979 32
749 1939 801 1975 lo-

136 2009 218 2033 cum
247 2009 306 2046 ap.
337 1996 456 2032 Schol.
488 1995 676 2046 Aristoph.
708 1996 801 2033 Plut.

140 2052 262 2099 1075,
292 2053 352 2089 ubi
375 2052 574 2099 oraculum,
606 2054 708 2102 quod
730 2054 802 2090 Po-

136 2109 261 2157 lycrati
282 2109 465 2158 obtigerit,
480 2123 627 2158 quoque
648 2111 728 2160 ipso
746 2110 804 2147 ille

139 2166 186 2202 ad
219 2165 353 2203 bellum
385 2166 540 2204 Milesiis
571 2167 803 2204 inserendum

138 2226 256 2259 motus
286 2223 397 2260 fuisse
424 2223 537 2260 videri
573 2228 686 2272 queat
710 2225 805 2260 circa

139 2279 284 2330 Olymp.
307 2279 405 2326 LVI,
437 2286 476 2317 ut
492 2280 662 2317 Panofka
682 2281 807 2318 existi-

139 2340 226 2382 mat,
258 2338 456 2374 memoriae
482 2338 664 2387 proditur.

361 2394 391 2430 C
405 2406 425 2430 a
438 2407 471 2444 p.
497 2393 575 2431 XL.

198 2443 391 2499 εὐτυχέων
413 2472 463 2477 -
492 2446 566 2489 οὐκ
589 2445 803 2500 ἐλάνθανε]

143 2504 248 2542 Cons.
261 2505 392 2546 Matth.
407 2507 472 2543 Gr.
498 2508 562 2544 Gr.
583 2521 670 2558 pag.
686 2510 805 2549 1083.

144 2559 201 2597 Ad
230 2563 358 2600 verba:
391 2559 488 2602 άλλά
522 2564 563 2602 οἵ
598 2560 713 2603 τοῦτ’
751 2559 804 2615 ἦν

146 2615 320 2667 ἐπιμελές
339 2620 380 2667 (ἰ.
402 2634 434 2658 e.
463 2621 523 2657 secl
543 2622 630 2658 haec
650 2635 706 2658 res
729 2635 805 2658 eum

147 2674 318 2722 advertit,
349 2679 382 2713 ei
408 2691 513 2715 curae
526 2677 624 2728 fuit)
656 2680 751 2716 conf.
781 2679 810 2726 Ι,

150 2731 217 2769 89.
240 2731 284 2777 ΙΙ,
309 2733 397 2774 150.

196 2783 365 2837 ’Ἄμασις
385 2810 436 2819 -
461 2784 538 2830 ὦδε
562 2789 686 2844 λέγει]
733 2790 811 2828 Ad-

151 2847 275 2881 monet
303 2844 520 2897 Wesseling.
550 2849 598 2887 de
625 2849 694 2886 hac
725 2848 812 2887 sim-

862 1258 945 1309 plici
964 1258 999 1294 in
1019 1269 1146 1306 regum
1168 1256 1331 1306 epistolis
1356 1256 1533 1294 edictisve

863 1316 999 1352 usitata
1017 1313 1183 1360 formula,
1212 1313 1369 1350 laudans
1389 1313 1532 1350 Herod.

864 1372 930 1419 ΙΧ,
954 1370 1045 1412 140.
1071 1371 1131 1418 ΙΙΙ,
1155 1371 1247 1408 122.
1273 1371 1481 1418 Thucydid.
1502 1371 1533 1416 I,

868 1430 962 1468 129.
989 1428 1021 1464 ll
1047 1428 1167 1476 Regg.
1202 1427 1335 1473 XVffl,
1363 1428 1431 1468 31.
1472 1426 1533 1464 Tu

863 1487 958 1523 conf.
986 1498 1135 1534 quoque
1166 1484 1346 1520 Plutarch.
1377 1483 1410 1520 ll
1444 1496 1533 1533 pag.

868 1543 942 1584 151
982 1542 1027 1578 Β.
1074 1541 1227 1590 (illique
1264 1541 1529 1589 Wyttenbach.

862 1598 1132 1636 Animadverss.
1171 1610 1258 1647 pag.
1288 1597 1425 1643 942),
1467 1597 1530 1634 ubi

860 1655 1044 1692 Amasidis
1090 1655 1245 1691 refertur
1285 1653 1442 1704 epistola
1481 1655 1531 1691 ad

860 1713 1029 1750 Biantem
1079 1712 1240 1761 scripta3
1289 1715 1328 1748 et
1366 1710 1527 1759 Diogen.

859 1768 984 1806 Laert.
1022 1768 1127 1814 Vlll,
1151 1770 1189 1813 3,
1224 1768 1286 1804 ubi
1316 1767 1528 1815 Polycrates

860 1825 1023 1862 Amasidi
1036 1825 1285 1874 Pythagoram
1305 1824 1417 1861 literis
1438 1823 1528 1860 scri-

860 1883 931 1933 ptis
952 1881 1227 1919 commendasse
1243 1881 1370 1917 fertur.
1401 1880 1443 1917 ln
1460 1881 1528 1917 hac

859 1952 946 1977 vero
997 1939 1214 1976 Herodotea
1263 1937 1440 1987 epistola,
1479 1937 1529 1974 ad

861 2009 970 2046 quam
1027 1994 1176 2045 respicit
1232 1993 1381 2031 Maxim.
1433 1993 1527 2043 Tyr.

860 2053 1016 2098 XXXV,
1040 2054 1085 2098 2,
1116 2064 1195 2088 cum
1218 2051 1268 2087 sic
1291 2063 1420 2102 parum
1440 2063 1530 2087 con-

862 2110 1023 2147 siderate
1050 2108 1211 2156 fingatur
1236 2107 1389 2157 loquens
1420 2107 1532 2143 Arna-

862 2168 924 2211 sis,
956 2179 998 2203 ac
1027 2166 1055 2202 si
1086 2164 1259 2202 Solonem
1291 2165 1467 2201 audiisset
1494 2164 1533 2199 in

863 2223 944 2260 aula
968 2223 1097 2259 Croesi
1117 2223 1229 2259 verba
1248 2222 1442 2258 facientem
1466 2220 1531 2266 (cf.

863 2293 973 2330 supra
994 2280 1021 2325 Ι,
1048 2280 1143 2326 32),
1173 2278 1349 2315 Valcken.
1379 2282 1534 2314 conten-

865 2338 930 2384 dit,
956 2337 1016 2385 qui
1039 2335 1183 2372 Solonis
1208 2334 1297 2371 illud
1317 2347 1397 2371 cum
1419 2335 1536 2371 Croe-

865 2407 904 2430 so
954 2392 1196 2441 colloquium,
1246 2392 1404 2428 eundem
1441 2391 1536 2427 hane

865 2463 1014 2500 quoque
1024 2449 1243 2486 confinxisse
1253 2447 1445 2499 epistolam
1459 2447 1536 2484 He-

865 2508 1049 2552 rodotum,
1062 2507 1106 2542 ab
1128 2505 1196 2542 illis
1209 2506 1277 2542 hoc
1296 2505 1446 2541 nomine
1461 2516 1536 2540 non

864 2563 969 2601 sacile
978 2562 1336 2614 reprehendendum,
1349 2562 1410 2610 qui
1422 2561 1537 2597 histo-

865 2621 941 2658 riae
964 2633 1108 2657 cursum
1136 2619 1361 2655 orationibus
1386 2617 1537 2654 interie-

867 2679 936 2715 ctis
956 2677 1023 2714 sibi
1041 2677 1195 2714 libenter
1212 2676 1400 2726 patiantur
1418 2674 1463 2710 ab
1482 2673 1538 2709 hi-

868 2735 1009 2771 storicis
1029 2734 1181 2770 Graecis
1201 2737 1237 2770 et
1261 2731 1403 2768 Latinis
1423 2731 1537 2766 inter-

868 2790 997 2841 rumpi.
1042 2790 1124 2828 Nec
1147 2794 1272 2827 tamen
1291 2801 1335 2826 ex
1354 2788 1458 2823 unius
1484 2783 1537 2821 al-

868 2848 1055 2898 teriusque
1077 2847 1283 2884 sententiae
1301 2841 1537 2882 similitudine

1533 811 1680 839 Amasidis
1699 811 1736 839 nd
1754 813 1807 838 Ρη-

1531 846 1678 907 {yon-atem
1697 846 1808 881 episto-

1544 889 1572 907 a.

1534 1033 1615 1073 216
