1946 3272
441 177 525 219 144
855 178 1326 218 HERODOTI

436 284 702 342 μοστότατος
731 287 777 331 δὲ
806 286 1002 330 πάντων·
1051 287 1108 344 ἦν
1147 303 1191 331 τε
1230 286 1315 342 γαρ
1347 283 1486 330 αὐτόν
1523 288 1762 343 μετρίως4ο

436 355 693 414 θωυμάζῃς,
738 356 916 414 ἄχθεται
947 359 1013 402 ὅτι
1045 356 1099 402 ου’
1128 357 1266 412 κάρτα
1295 356 1605 412 θεραπεύεται·
1651 357 1709 414 ἤν

409 435 487 472 9τε
516 428 739 485 θεραπεύῃ
777 446 842 480 τις
880 429 1038 482 κάρτα,
1083 428 1259 484 ἄχθεται
1289 429 1361 472 ἅτε
1388 430 1520 472 θωπί.
1577 429 1630 472 τὰ
1660 430 1707 473 δὲ

441 500 493 555 δὴ
520 498 697 555 μέγιστα
727 500 904 554 ἔρχομαι
934 499 1089 553 ἐρέων·
1129 498 1290 555 νόμαιά
1321 516 1365 543 τε
1394 506 1507 544 κινεῖ
1533 499 1708 556 πάτρια,

385 578 428 611 10
441 572 513 614 καὶ
543 574 688 626 βιᾶται
716 575 950 625 γυναῖκας,
995 572 1150 614 κτείνει
1178 586 1223 613 τε
1253 570 1471 626 ἀκρίτους.

1531 576 1710 628 Πλῆθος

442 643 487 686 δὲ
517 640 652 696 ἄρχον
681 644 833 694 πρῶτα
861 639 939 695 μὲν
969 640 1140 696 οὕνομα
1159 639 1335 684 πάντων
1357 642 1587 685 κάλλιστον
1611 642 1708 697 ἔχει,

440 714 680 768 ἰσονομίην.
740 712 921 768 δεύτερα
957 712 1023 765 δὲ,
1062 711 1232 756 τούτων
1268 716 1358 756 τῶν
1399 711 1422 757 ὁ
1460 712 1710 769 μούναρχος

391 905 571 942 congruus
598 896 773 942 aptusve,
805 893 865 942 qui
887 906 967 930 cum
993 905 1051 930 re·

393 949 499 998 liquis
525 950 625 985 vivat
654 950 858 998 eodemque
884 950 960 986 iure
993 953 1051 986 at-

389 1018 462 1055 que
503 1006 686 1042 consortio
722 1006 893 1054 gaudeat.
964 1004 1052 1042 Vul-

391 1067 518 1112 gatum
557 1057 898 1113 οἷναρμοστότατον
930 1066 1052 1099 tuetur

391 1118 595 1166 Schweigh.
617 1119 668 1155 sic
690 1123 853 1156 vertens:
886 1119 976 1167 quod
997 1130 1052 1154 ve-

391 1188 429 1212 ro
455 1177 606 1211 maxime
642 1177 791 1211 omnium
819 1178 1053 1223 incongruum

392 1236 454 1269 est.
514 1231 634 1274 Quem
666 1233 831 1280 sequitur
859 1232 1052 1269 Matthiae.

391 1287 452 1325 Ad
471 1287 584 1337 ipsam
598 1289 812 1326 sententiam
835 1289 880 1326 cf.
893 1288 1056 1339 Euripid.

392 1343 494 1381 Med.
521 1347 598 1384 119
617 1357 721 1394 seqq.

452 1397 616 1450 ἄχθεται
636 1397 703 1439 ἕὶτε
727 1401 851 1451 θωπί]
872 1401 1054 1438 Herodoti

395 1458 432 1494 in
453 1469 520 1494 usu
543 1470 624 1494 esse
652 1454 855 1507 ἄχθεσθαι
877 1459 927 1511 τῇ
956 1454 1056 1511 α’ρχῇ

392 1517 432 1567 ,εἴ
463 1512 590 1550 similia
619 1514 789 1552 observat
812 1514 986 1560 wessel„
1018 1518 1057 1550 ut

394 1570 442 1617 ll,
470 1570 558 1610 103.
591 1570 681 1616 175.
712 1568 813 1619 θώψ
841 1571 970 1608 eodem
1001 1571 1057 1606 in-

395 1630 556 1676 terprete
584 1626 715 1663 dicitur
734 1630 932 1663 assentator
955 1626 1058 1663 blan-

396 1682 483 1728 dus,
514 1687 554 1719 ut
576 1681 613 1718 in
643 1682 782 1719 Philon.
804 1697 887 1732 pag.
911 1685 992 1724 979
1012 1682 1053 1720 E.

400 1738 509 1779 1015
539 1738 583 1775 Ι).
615 1738 769 1788 Procop.
800 1740 842 1775 B.
878 1738 977 1776 Pers.
1010 1737 1056 1784 ll,

397 1796 464 1836 30.
512 1794 609 1831 Hinc
638 1795 675 1831 in
703 1795 866 1832 Bekker.
891 1794 1056 1832 Anecdd.

397 1863 482 1901 pag·
504 1853 596 1897 190,
612 1854 649 1891 4.
679 1852 776 1898 265,
804 1854 875 1891 17:
899 1851 1058 1889 θωπεία

399 1905 428 1958 ἦ
441 1905 607 1957 περισσή
628 1904 724 1957 πρὸς
741 1904 852 1953 τινοῖς
873 1907 1058 1945 κολακεία

399 1967 438 2000 et
468 1976 564 2012 quae
600 1962 705 2014 plura
738 1964 848 2000 habet
882 1963 1058 2000 Timaeus

397 2018 487 2056 Lex.
521 2018 631 2067 Plan,
671 2019 731 2056 ubi
758 2020 831 2056 vid.
862 2019 1058 2056 Ruhnken.

398 2088 484 2126 pag.
519 2073 609 2116 146.
640 2096 689 2102 —
717 2075 825 2113 Adde
850 2076 994 2113 Scholia
1024 2077 1060 2112 in

399 2132 557 2169 Theaet.
576 2143 662 2181 pag.
677 2134 728 2172 26
748 2132 898 2168 Ruhnk.
930 2133 986 2168 Ad
1000 2145 1060 2168 ar-

398 2192 612 2237 gumentum
645 2188 764 2225 Wess.
796 2189 950 2226 conferri
986 2189 1062 2225 vult

399 2244 509 2282 Dion.
538 2244 729 2293 Chrysost.
762 2245 825 2282 Or.
850 2245 899 2281 vl
933 2259 968 2296 p.
996 2247 1061 2284 97.

402 2324 452 2329 —
477 2300 533 2337 De
552 2299 731 2338 locutione
757 2299 916 2352 ἔρχομαι
943 2299 1062 2353 ἐρέων

401 2357 495 2393 cons.
516 2360 608 2392 nott.
629 2357 677 2392 ad
699 2357 727 2404 Ι,
749 2358 784 2397 5.

459 2408 604 2461 νόμαιά
624 2427 662 2450 τε
672 2417 777 2451 κινεῖ
786 2409 944 2462 πάτρια]
961 2412 1062 2449 Haec

403 2468 519 2506 citans
541 2468 742 2517 Schweigh.
763 2470 799 2505 in
815 2469 903 2506 Lex.
926 2469 1012 2505 Her.
1033 2482 1062 2506 s.

401 2537 435 2561 v.
467 2527 617 2572 κινεῖν,
655 2525 778 2562 addit:
816 2525 905 2571 „vel
940 2525 1062 2574 potius

401 2579 595 2619 κινέει.“
636 2580 665 2616 Ε
691 2581 790 2617 libris
813 2581 956 2630 scriptis
976 2581 1062 2617 nihil

402 2641 583 2675 enotatur.
613 2634 671 2672 Ad
683 2636 914 2681 locutionem,
927 2650 971 2673 ne
982 2637 1063 2686 plu-

408 2705 460 2740 ra,
480 2694 574 2730 conf.
595 2693 763 2743 Xenoph.
787 2692 920 2741 Agesil.
940 2693 967 2738 l,
988 2695 1062 2733 37:

408 2745 473 2787 διοῖ
486 2745 529 2788 τό
540 2745 610 2794 τοὶς
626 2749 821 2794 πολιτείας
831 2751 1062 2799 κινηθῆναι.

408 2804 505 2843 Add.
530 2804 672 2843 Hellen.
702 2805 764 2854 111,
791 2804 829 2852 4,
856 2808 893 2845 7.
923 2826 977 2835 ν·-
1006 2804 1064 2842 De

1105 890 1288 929 locutione
1305 892 1487 942 βιᾶσθαι,
1511 905 1538 929 S.
1560 887 1770 942 βιάζεσθαι

1108 951 1277 1000 γυναῖκα
1319 946 1484 999 (mulieri
1509 950 1578 984 vim
1612 946 1767 998 inferre)

1108 1004 1213 1055 plura
1232 1004 1434 1055 interprett.
1478 1004 1514 1041 Τ
1517 1005 1645 1042 homae
1665 1004 1767 1053 Mag.

1108 1073 1195 1111 pag.
1220 1061 1295 1101 151
1326 1065 1363 1097 et
1387 1060 1579 1110 Phrynich.
1607 1073 1690 1110 pag.
1712 1063 1767 1100 70

1108 1130 1186 1166 seq.
1216 1117 1273 1154 ed.
1299 1116 1461 1154 Lobeck.
1490 1138 1545 1144 —
1576 1116 1635 1153 Ad
1663 1128 1769 1153 voces

1109 1172 1253 1212 κτείνει
1302 1187 1343 1211 τε
1392 1169 1465 1224 α’κρ
1480 1173 1618 1218 ι’τους
1675 1173 1771 1210 conf.

1110 1230 1267 1267 Werfer.
1288 1229 1324 1266 in
1347 1229 1442 1267 Actt.
1461 1228 1559 1280 phill.
1572 1228 1769 1267 Monacc.1

1110 1299 1197 1337 pag.
1221 1288 1314 1327 237.

1174 1344 1347 1390 Πλῆθος
1369 1339 1411 1380 δὲ
1436 1338 1573 1393 ἄρχον]
1607 1342 1710 1379 Haec
1727 1352 1773 1378 ex

1112 1399 1297 1449 Euripidis
1328 1399 1464 1436 Medea
1499 1401 1578 1440 119
1607 1419 1662 1426 -
1692 1399 1773 1438 130

1112 1456 1257 1493 fluxisse
1287 1456 1402 1493 videri
1424 1460 1549 1492 monet
1578 1454 1772 1504 U'yttenb.

1113 1512 1263 1548 Selectt.
1284 1512 1380 1548 Hist.
1400 1524 1486 1562 pag.
1508 1513 1602 1552 357.
1652 1511 1774 1554 Quem

1114 1569 1271 1605 eundem
1284 1569 1331 1604 ad
1343 1570 1458 1605 Cicer.
1489 1568 1548 1606 De
1566 1566 1650 1604 Nat.
1662 1567 1775 1605 Deor.

1113 1624 1142 1671 l,
1155 1623 1208 1664 44
1228 1625 1382 1661 conferri
1399 1624 1474 1660 vult
1496 1623 1562 1661 Cr.
1593 1622 1653 1660 Ad
1666 1623 1776 1661 verba

1113 1682 1250 1727 πρῶτα
1273 1677 1344 1730 μὲν
1362 1702 1414 1708 —-
1433 1675 1595 1728 δεύτερα
1615 1677 1657 1718 δὲ
1679 1679 1776 1716 conf.

1112 1736 1270 1774 lVerfer.
1298 1736 1320 1774 l.
1347 1736 1370 1774 l.
1400 1750 1486 1788 pag.
1514 1736 1608 1778 254.
1634 1735 1775 1774 Herod.

1112 1792 1176 1840 Ill,
1195 1792 1260 1833 48.

1173 1846 1408 1899 ἰσονομίην]
1449 1849 1654 1886 Stobaeus:
1687 1846 1777 1886 ἶσο-

1115 1906 1262 1955 τιμίην.
1295 1906 1372 1942 Sed
1392 1905 1464 1942 vid.
1480 1905 1621 1942 Herod.
1636 1904 1776 1952 111,83.

1118 1963 1210 2003 142.
1268 1961 1348 1999 Nec
1366 1962 1538 1998 convenit
1562 1961 1778 1998 sententiae.

1116 2018 1213 2056 Nam
1227 2047 1237 2064 ,
1267 2023 1306 2054 ut
1325 2023 1423 2055 recte
1448 2019 1586 2054 monuit
1608 2015 1778 2061 U'essel„

1117 2077 1153 2111 in
1175 2075 1343 2124 populari
1365 2077 1463 2110 statu
1491 2074 1666 2110 laudatur
1689 2074 1779 2110 iuris

1117 2133 1210 2168 inter
1235 2144 1349 2167 omnes
1370 2131 1617 2180 aequabilitas.
1678 2130 1778 2166 Idem

1118 2189 1206 2225 citat
1229 2188 1391 2237 Euripid.
1423 2187 1550 2236 Suppl.
1572 2186 1665 2226 433.
1695 2186 1779 2235 Hy-

1118 2244 1235 2293 perid.
1258 2244 1358 2293 apud
1388 2243 1497 2280 Rutil.
1523 2242 1667 2292 Lupum
1686 2242 1718 2278 ll
1740 2239 1779 2292 ἓ.

1120 2303 1146 2339 2
1165 2300 1245 2347 (ubi
1260 2300 1404 2337 Ruhnk.
1423 2304 1611 2348 comparat
1633 2298 1779 2334 Sallust.

1120 2356 1230 2393 Catil.
1250 2359 1295 2405 9)
1321 2355 1400 2392 Liv.
1424 2356 1466 2401 ll,
1489 2357 1515 2396 3
1546 2360 1583 2392 et
1603 2354 1778 2391 Valcken.

1119 2413 1168 2449 ad
1196 2412 1358 2461 Euripid.
1384 2412 1571 2449 phoeniss.
1595 2413 1688 2451 541.
1719 2409 1780 2447 Tu

1119 2469 1205 2505 add.
1227 2468 1409 2505 Aristotel.
1433 2468 1539 2504 Polit.
1560 2467 1623 2514 lv,
1643 2466 1668 2506 4
1693 2465 1730 2517 ς.
1755 2470 1782 2508 2

1120 2525 1178 2561 ed.
1206 2523 1378 2561 Schneid.
1408 2529 1445 2561 et
1468 2524 1584 2561 Cicer.
1625 2524 1683 2561 De
1703 2535 1780 2573 rep.

1119 2581 1147 2627 l,
1167 2583 1232 2621 31.
1293 2580 1399 2623 Quae
1431 2581 1515 2616 iuris
1543 2579 1781 2629 aequabilitas

1120 2650 1198 2674 cuin
1219 2650 1260 2672 eo
1281 2637 1505 2686 potissimum
1527 2638 1718 2682 referatur,
1739 2638 1783 2672 ut

1121 2693 1250 2740 cuique
1268 2693 1348 2739 ciii,
1363 2693 1510 2741 quando
1529 2693 1575 2729 de
1587 2693 1694 2730 rebus
1713 2704 1782 2741 pu-

1123 2749 1222 2785 blicis
1243 2754 1391 2797 agatur,
1422 2750 1458 2785 in
1477 2749 1649 2786 concione
1671 2747 1782 2786 animi

1123 2818 1228 2842 sensa
1256 2804 1366 2842 libere
1387 2806 1551 2856 proferre
1571 2804 1692 2852 liceat,
1720 2815 1782 2841 ae·

1928 3051 1932 3064 ι

1915 3195 1919 3218 l
