1863 3256
452 144 1137 186 MELPOMENE.1V.
1348 152 1430 191 :173

160 260 239 314 μὲν
279 259 332 316 δὴ
376 259 576 315 λέγουσι,
625 256 684 307 ὥς
716 256 765 299 τὸ
809 258 934 310 σῶμα
976 251 1059 296 ἀπὸ
1106 256 1187 296 τοῦ
1229 261 1429 310 κρημνοῦ
1489 266 1697 324 ’³:,¹,⁰„2³.¹{‘2¹†¹⁰⁸

162 332 399 375 διωθέουσι
443 329 581 382 κάτω,
639 328 733 384 (ἐπὶ
783 326 867 382 γάρ
917 327 1117 381 κρημνοῦ
1166 325 1342 378 ἵδρυται
1382 327 1430 369 τὸ
1490 306 1722 364 ἷῖῑι·ῑεέι’ὖὲἰίὐ.

163 403 306 458 ῖρόν·)
335 401 415 458 τήν
446 402 491 445 δὲ
521 399 716 457 κεφαλὴν
749 397 1103 451 ἀνασταυροῦσι·
1147 397 1190 438 οἱ
1221 396 1288 447 δὲ,
1323 397 1490 439 κατάΞο

161 474 240 529 μὲν
269 473 348 529 τὴν
378 474 576 529 κεφαλὴν
607 469 920 528 ὁμολογέουσι,
958 467 1007 511 τό
1039 467 1187 523 μέντοι
1204 471 1330 523 σῶμα
1352 466 1434 511 οὐκ

162 543 383 588 ὠθέεσθαι
434 543 521 587 ἀπὸ
568 548 649 586 τοῦ
694 545 896 598 κρημνοῦ
944 540 1145 595 λέγουσι,
1216 538 1324 583 ἀλλὰ
1376 543 1435 596 γῇ

132 623 154 655 3
166 613 452 668 κρύπτεσθαι.

513 614 592 670 τὴν
632 614 678 657 δὲ
718 614 910 667 δαίμονα
948 611 1137 668 ταύτην,
1168 616 1221 669 τῇ
1251 611 1434 665 θύουσι,

158 686 336 742 λέγουσι
367 683 494 728 αὐτοὶ
523 689 689 739 Ταῦροι
716 683 970 740 Ἰφιγένειαν
1002 683 1082 739 τὴν
1112 683 1434 741 Ἀγαμέμνονος

159 755 284 800 εἶναι.

158 844 252 881 ται,
298 833 473 872 ποιεῦσι
521 828 645 872 τάδε·

346 758 596 813 Πολεμίους
639 757 684 800 δὲ
725 756 914 810 ἄνδρας,
959 756 1065 807 τούς
1098 754 1154 799 ἂν
1190 756 1488 813 χειρώσων-Ξὸ

705 826 945 883 ἀποταμών
989 827 1169 879 ἕκαστος
1214 827 1433 884 κεφαλήν,

158 899 427 957 ἀποφέρεται
458 901 500 951 ἐς
531 899 582 944 τὰ
615 902 756 944 οἰκία·
797 900 942 943 ἔπειτα
974 899 1044 943 ἐπὶ
1076 899 1210 952 ξύλου
1241 899 1431 956 μεγάλου

160 971 399 1028 ἀναπείρας
439 975 537 1032 ἱστᾷ
565 971 675 1027 ὑπὲρ
706 976 782 1029 τῆς
820 973 958 1028 οἰκίης
987 971 1290 1028 ὑπερέχουσαν
1332 975 1434 1014 πολ-

103 1102 307 1149 interrogat
323 1100 535 1150 Iphigeniae
553 1100 766 1147 sacerdotis,

102 1161 221 1194 utrum
235 1158 302 1194 illa
315 1160 385 1194 iam
394 1159 473 1195 τῶν
485 1155 608 1203 ξένων
620 1151 765 1206 κατήρ-

103 1215 219 1261 ξατο,
248 1215 397 1264 hospites
419 1215 465 1249 sit
488 1215 688 1262 auspicata.
724 1213 766 1249 In

104 1272 329 1308 Graecorum
359 1271 471 1307 sacris
491 1270 764 1306 usitatissimum

100 1327 250 1365 verbum
281 1328 328 1365 de
354 1327 480 1364 Indica
511 1331 623 1375 gente
644 1325 763 1364 Nicol.

99 1384 206 1434 ponit
235 1384 406 1422 Damaso.
432 1383 582 1422 Stobae.
616 1396 651 1432 p.
686 1381 765 1423 105

101 1440 204 1492 [pag.
228 1439 307 1482 144
329 1442 388 1479 ed.
409 1438 552 1490 Orell.].
599 1439 660 1476 Tu
680 1441 766 1477 add.

99 1502 193 1535 nott.
216 1499 265 1535 ad
286 1497 330 1545 ll,
358 1496 424 1538 45.
458 1497 518 1544 lV,
543 1499 610 1538 60.
642 1518 693 1524 -—
726 1496 766 1533 ΙΙ]

102 1567 207 1603 seqq.
235 1555 282 1591 ad
308 1555 419 1592 verba
444 1550 694 1605 κρύπτεσθαι
716 1555 768 1608 γῇ

102 1613 198 1650 conf.
223 1611 260 1659 Ι,
294 1614 385 1652 140.

160 1664 233 1718 τήν
264 1665 306 1706 δὲ
341 1667 515 1717 δαίμονα
540 1662 690 1717 ταύτην
711 1687 767 1694 —-

99 1721 334 1777 Ἰφιγένειαν
368 1722 442 1775 τήν
475 1720 768 1776 Ἀγαμέμνονος

104 1778 232 1833 εἶναι]
284 1782 494 1819 Secundum
527 1782 618 1819 alios
648 1794 767 1819 rerum

105 1839 302 1890 scriptores
342 1839 533 1888 Iphigenia
570 1851 644 1875 non
687 1839 768 1888 ipsa

104 1896 172 1933 fuit
191 1896 273 1942 dea,
302 1897 366 1932 sed
389 1896 481 1933 deae
503 1896 673 1933 sacerdos
686 1909 767 1931 cru-

104 1952 337 2001 delitatisque
357 1953 533 1989 ministra.
574 1952 624 1988 At
644 1952 767 1990 Hero-

104 2009 213 2046 dotus
241 2008 349 2046 aliam
382 2009 515 2046 samam
544 2009 687 2046 videtur
710 2022 767 2046 se-

104 2069 209 2104 cutus
242 2079 315 2102 non
355 2065 458 2104 aliter
491 2069 604 2115 atque
635 2066 768 2103 Hesio-

104 2124 196 2170 duS,
235 2123 296 2172 qui
324 2123 360 2159 in
380 2122 575 2160 Mulierum
597 2122 768 2172 catalogo

104 2180 334 2230 Iphigeniam
345 2180 526 2217 cecinerat
536 2192 610 2216 non
623 2180 768 2226 obiisse,

105 2237 171 2273 sed
185 2236 327 2274 Dianae
345 2250 388 2274 ex
402 2237 583 2274 sententia
598 2249 679 2274 esse
690 2236 768 2273 He-

104 2297 231 2340 caten,
260 2297 356 2331 teste
378 2294 534 2330 Pausan.
555 2294 584 2340 l,
604 2294 655 2334 43
677 2292 713 2344 ἓ
731 2295 768 2340 1,

107 2349 167 2386 ubi
205 2349 389 2387 Herodoti
429 2363 578 2400 quoque
617 2351 770 2387 affertur

106 2406 217 2443 locus.
288 2407 346 2445 De
387 2420 462 2456 qua
500 2406 634 2456 duplici
671 2408 769 2444 sama

107 2475 204 2499 nunc
223 2464 405 2501 monuisse
424 2464 531 2501 video
544 2465 717 2501 Creuzer.
731 2463 766 2500 in

106 2517 249 2556 Annall.
268 2520 485 2559 Viennenss.
506 2521 591 2557 LlV
619 2534 654 2571 p.
675 2521 766 2561 123.

107 2575 370 2624 Agnoscuntur
401 2578 438 2614 in
468 2578 587 2624 hisce,
624 2578 768 2628 opinor,

106 2632 263 2681 vestigia
291 2635 493 2671 commercii
512 2639 624 2684 atque
645 2647 768 2672 sacro-

108 2702 213 2735 rum,
258 2701 353 2738 quae
389 2690 546 2728 Caucasi
583 2691 768 2741 Pontique

108 2746 237 2782 accolis
269 2759 350 2783 eum
369 2746 521 2784 Graecis
549 2747 633 2785 olim
658 2749 768 2785 inter-

109 2804 295 2840 cesserint.
356 2801 486 2852 Agitur
515 2804 610 2841 enim
640 2804 696 2842 hic
721 2805 768 2842 de

824 1099 937 1136 sacris
965 1101 1080 1147 deae,
1120 1113 1230 1148 quam
1261 1099 1424 1136 lunarem
1455 1102 1491 1135 <t

824 1157 984 1193 omnium
1014 1169 1135 1194 rerum
1162 1158 1198 1193 in
1231 1157 1335 1193 terris
1358 1168 1491 1206 paren-

822 1216 897 1249 tem
925 1213 1113 1259 (naturam
1143 1213 1252 1262 vulgo
1277 1213 1401 1249 dicunt
1423 1225 1490 1249 na-

821 1270 1000 1318 turatam)
1034 1270 1146 1306 coluit
1183 1274 1261 1306 tota
1290 1269 1367 1306 fere
1403 1267 1491 1305 Asia

822 1326 981 1362 interior.
1028 1323 1078 1362 At
1106 1326 1250 1363 lunares
1276 1326 1364 1362 deas
1392 1324 1491 1361 haud

823 1395 907 1419 raro
927 1384 1038 1420 iratas
1057 1383 1146 1432 fingi
1165 1384 1303 1433 quippe
1323 1381 1490 1418 omnibus

823 1439 1041 1477 animalibus
1081 1440 1232 1478 infestas
1271 1451 1314 1476 ac
1344 1439 1490 1475 nocivas

825 1493 894 1548 (ob
917 1497 1080 1534 nocivam
1094 1526 1104 1545 ‚
1135 1509 1230 1545 quae
1250 1497 1286 1532 in
1307 1495 1415 1532 Luna
1433 1496 1490 1531 in-

826 1566 906 1590 esse
926 1554 1081 1599 dicitur,
1111 1554 1207 1602 vim)
1234 1553 1395 1601 indeque
1423 1552 1490 1588 mi-

824 1622 894 1646 nus
919 1610 1097 1647 humanas
1121 1611 1292 1659 adeoque
1310 1609 1489 1655 crudeles,

824 1672 927 1704 vetus
958 1668 1028 1704 suit
1056 1668 1265 1717 superstitio
1293 1666 1404 1715 longe
1437 1665 1490 1702 la·

823 1727 935 1773 teque
955 1728 1183 1775 propagata3
1214 1736 1308 1773 quae
1327 1724 1375 1759 ad
1387 1722 1487 1760 Tau-

823 1781 933 1818 ricam
964 1794 1113 1830 quoque
1147 1780 1240 1817 hanc
1270 1781 1376 1817 deam
1402 1792 1488 1829 per-

823 1838 974 1875 tinuisse
1003 1838 1159 1874 videtur.
1227 1836 1337 1874 Plura
1369 1836 1487 1872 Creu-

824 1907 897 1933 zer.
920 1894 1046 1943 Symb.
1068 1895 1100 1931 ΙΙ
1130 1908 1166 1945 p.
1190 1896 1270 1934 127
1293 1907 1369 1942 seq.
1390 1890 1486 1932 295.

824 1951 874 1988 IV
895 1965 932 2001 p.
958 1953 1038 1992 198
1063 1964 1140 2000 seq.
1169 1950 1274 1997 346,
1303 1951 1365 2000 qui
1389 1949 1486 1986 idem

825 2021 921 2045 nunc
948 2009 1104 2045 conferri
1129 2008 1222 2045 vult:
1260 2021 1294 2044 v.
1318 2005 1488 2043 Stackel-

825 2066 916 2114 berg
937 2064 1014 2102 Der
1033 2064 1306 2115 Apollotempel
1325 2077 1369 2100 zu
1390 2063 1484 2100 Bas-

826 2135 890 2159 sae
926 2135 1011 2172 pag.
1048 2122 1126 2163 135
1161 2123 1243 2159 infr.
1273 2120 1488 2157 Brondsted

825 2179 964 2217 Reisen
987 2180 1024 2215 in
1046 2179 1252 2216 Griechenl.
1272 2178 1305 2215 ll
1335 2191 1371 2227 p.
1395 2178 1490 2218 267.

827 2236 993 2273 Westrik
1031 2235 1178 2285 Disput.
1229 2236 1277 2273 de
1321 2232 1491 2282 Aeschyli

827 2292 994 2342 Choeph.
1018 2296 1086 2330 etc.
1118 2305 1203 2342 pag.
1224 2292 1278 2333 42
1299 2304 1403 2340 seqq.
1425 2292 1491 2331 53.

826 2349 1169 2387 Raoul-Rochctte
1197 2349 1379 2386 Oresteid.
1404 2359 1492 2398 pag.

831 2407 909 2446 119
922 2419 1000 2455 seq.
1032 2407 1074 2444 C.
1096 2406 1143 2443 Ο.
1165 2405 1309 2443 Miiller.
1331 2403 1491 2457 (Orcho-

827 2475 921 2500 men.
941 2476 977 2513 p.
1003 2460 1104 2513 311)
1125 2462 1216 2501 haec
1238 2475 1342 2499 sacra
1363 2475 1405 2499 ex
1426 2474 1490 2497 an·

826 2520 929 2569 tiquo
949 2520 1164 2570 Iphigeniae
1193 2519 1291 2556 cultu
1317 2519 1353 2555 in
1370 2519 1486 2554 Brau-

825 2589 915 2614 rone
947 2589 990 2613 ac
1021 2576 1185 2623 Lemno,
1236 2576 1297 2625 qui
1332 2576 1367 2611 in
1397 2575 1487 2620 Scy-

824 2634 969 2670 tharum
993 2638 1110 2671 terras
1132 2633 1215 2670 dein
1239 2632 1349 2669 suerit
1369 2634 1486 2666 trans-

825 2689 943 2737 latus,
974 2691 1089 2741 repeti
1112 2691 1202 2726 vult.

883 2742 1101 2798 ἀναπείρας
1126 2745 1214 2797 ἱστᾷ
1232 2759 1265 2782 κ.
1285 2758 1314 2780 τ.
1333 2741 1385 2792 λ.]
1418 2742 1485 2779 i.e.

827 2807 935 2854 caput
953 2826 1008 2830 -—
1027 2802 1191 2854 praealto
1217 2800 1369 2851 infixum
1387 2799 1486 2850 palo,

1709 266 1767 293 cri—

1699 304 1709 326 t

1723 309 1765 327 [8-
