1863 3256
430 118 514 158 476
828 119 1297 159 HERODOTI

91 219 128 249 ml
148 220 281 247 Budinos
293 228 374 247 com-

93 254 272 294 migrarint:
308 262 372 281 nin-

91 292 166 314 tatio

92 321 186 356 lupos.

430 227 637 284 κατέλαβε
685 226 872 270 ἐκλιπεῖν
917 228 996 283 τὴν
1044 227 1191 284 χώρην
1229 232 1375 271 πᾶσαν
1412 226 1499 272 ὑπὸ
1540 228 1693 285 ὀφίων.

399 295 564 351 Ξὸφιας
593 298 674 353 γάρ
718 309 797 353 σφι
833 297 1023 348 πολλοὺς
1058 298 1138 351 μὲν
1174 298 1200 353 ἡ
1231 298 1351 354 χώρη
1381 297 1610 355 οἷνέφαινε,
1653 304 1752 344 0540

427 368 472 411 δὲ
503 373 681 418 πλεῦνες
714 366 887 410 ἄνωθέν
926 378 1005 419 σφι
1042 367 1087 410 ἐκ
1126 372 1214 410 τῶν
1256 369 1427 424 ἐρήμων
1466 371 1689 414 ἐπέπεσον·

424 437 466 488 ἐς
496 437 540 487 ὃ,
572 439 833 493 πιεζόμενοι,
865 438 1047 493 οἴκησαν
1077 439 1182 494 μετὰ
1203 442 1455 493 Βουδίνων,
1485 442 1565 498 τήν
1588 443 1691 486 ἑωυ-

199 296 303 315 eorum
339 288 368 314 in

421 611 767 665 nat-{llasss——zfno'
794 609 940 666 ὀφίων]
969 617 1027 654 Ad

366 675 516 711 verbum
538 669 726 722 κατέλαβε
749 674 843 709 conf.
868 678 959 709 nott.
980 674 1026 710 ad

369 729 432 776 lll,
452 728 517 767 42.
540 749 597 755 -——
623 725 696 777 τήν
726 724 860 778 χώρην
893 731 1027 767 πᾶσαν

369 797 498 822 omnem
523 788 652 820 terram
675 784 761 821 dicit
786 798 886 831 eam,
918 798 1027 834 quam

369 846 564 878 tenuerant
578 869 588 887 ,
629 847 825 889 antequam
846 842 888 877 iis
912 842 949 877 in
970 854 1028 878 re-

368 897 560 946 gionibus,
600 897 638 934 in
666 897 796 946 quibus
823 909 886 934 eos
907 898 1027 934 Hero-

369 955 479 990 dotus
523 953 649 1001 novit,
704 954 811 990 sedes
861 954 1027 990 fixerant.

363 1010 475 1054 Quod
496 1010 543 1047 ad
561 1013 766 1060 serpenteS,
791 1010 923 1058 quibus
944 1010 1026 1046 loco

362 1065 455 1117 pulsi
489 1066 646 1113 fuerint,
694 1067 847 1114 attinet,
878 1080 899 1103 a
929 1067 1025 1103 ranis

365 1122 469 1159 simili
489 1124 599 1159 modo
618 1122 788 1160 Abderae
803 1122 938 1160 incolas
953 1123 1027 1160 eie-

364 1184 444 1216 ctos
477 1179 586 1217 fuisse
617 1184 743 1216 auctor
781 1183 837 1216 est
865 1179 1024 1216 Iustinus

363 1235 445 1280 XV,
467 1237 506 1281 2,
524 1248 545 1271 a
565 1235 734 1272 culicibus
755 1234 890 1272 incolas
901 1235 1025 1272 Miun-

361 1293 408 1328 tis
425 1296 580 1329 testatur
598 1291 751 1328 Pausan.
774 1292 856 1339 Vll,
881 1294 906 1330 2
930 1290 965 1342 ᾗ.
985 1294 1022 1331 7.

361 1348 464 1392 Quos
487 1352 675 1399 serpentes
698 1352 825 1384 contra
849 1348 1023 1385 disertum

360 1404 544 1441 Herodoti
570 1405 837 1450 testimonium,
878 1406 941 1453 qui
960 1417 1023 1442 eos

363 1461 555 1498 maximam
591 1466 734 1510 partem
767 1474 788 1498 e
816 1461 1025 1510 regionibus

364 1517 634 1566 superioribus,
681 1517 703 1553 i.
738 1529 769 1554 e.
807 1517 1025 1566 septentrio-

365 1572 508 1609 nalibus
535 1573 651 1622 iisque
671 1573 826 1610 desertis
845 1595 901 1600 —
920 1570 1023 1611 ἅνω-

332 1655 335 1659 -
365 1632 442 1667 θεν
467 1628 509 1668 ἐκ
533 1631 613 1667 τῶν
640 1625 801 1681 ἐρήμων
820 1651 877 1657 ——
897 1643 1024 1679 super-

365 1686 506 1723 venisse
526 1691 669 1731 narrat,
706 1699 722 1722 e
753 1686 894 1723 meridie
921 1686 1025 1723 Neu-

362 1755 483 1778 rorum
519 1743 706 1791 regionem
739 1743 914 1780 invasisse
948 1742 1024 1779 vult

364 1799 537 1848 Koppen.
567 1798 770 1848 Nordgest.
798 1800 834 1837 d.
858 1800 962 1836 Pont.
988 1813 1023 1849 p.

365 1857 467 1901 103,
521 1856 686 1892 nimirum
739 1870 759 1893 e
812 1856 1023 1905 regionibus

363 1912 543 1960 Oplez'usae
570 1912 611 1959 (i.
641 1925 673 1949 e.
702 1914 934 1962 serpentinae
962 1926 1022 1949 ur-

361 1968 458 2014 bis),
495 1969 542 2005 ad
565 1968 704 2018 'l'yram
728 1970 875 2006 fluvium
905 1970 1020 2015 sitae3

358 2024 411 2061 ita
439 2029 478 2061 ut
505 2030 696 2075 serpentes
734 2026 791 2063 isti
827 2026 1020 2063 tessararia

358 2081 482 2131 potius
503 2083 645 2119 ratione
667 2082 738 2118 sint
758 2083 961 2132 accipiendi
984 2086 1019 2120 et

353 2138 402 2173 ad
443 2150 545 2174 sacra
587 2138 856 2188 religionesque
881 2138 1016 2176 Neuris

353 2194 541 2244 oppositas
573 2196 798 2239 reserantur,
845 2208 1016 2245 praeser-

354 2250 418 2285 tim
448 2263 528 2286 curn
551 2252 662 2288 multa
683 2253 720 2288 in
746 2252 875 2289 sabulis
896 2266 937 2289 ae
959 2265 1017 2288 sa-

355 2306 423 2342 eris
455 2310 529 2342 tam
559 2308 783 2345 Graecorum
815 2321 922 2357 quam
958 2308 1018 2345 ln-

355 2362 485 2398 dorum
504 2365 637 2400 mentio
655 2369 876 2414 serpentum.
909 2365 1016 2408 Quae

357 2418 525 2466 equidem
549 2433 606 2456 me
627 2421 860 2469 peritioribus
883 2421 1016 2458 diiudi-

356 2475 472 2511 canda
491 2475 667 2524 relinquo.
700 2476 790 2513 Mihi
808 2477 905 2514 haud
924 2490 1015 2526 pau-

357 2543 398 2567 ca
435 2531 481 2567 de
509 2532 676 2578 locustis,
713 2546 807 2581 quae
838 2534 1013 2570 immensa

356 2586 585 2625 multitudine
613 2590 909 2639 supervenientes
940 2602 1015 2625 me-

356 2644 549 2683 ridionales
561 2645 714 2683 Russiae
735 2646 903 2694 regiones
918 2645 1013 2682 Pon-

357 2704 394 2737 to
434 2703 615 2750 proximas
654 2702 703 2738 ita
751 2707 920 2748 vastant,
976 2705 1015 2738 ut

357 2756 454 2794 nulla
476 2758 613 2808 planta,
640 2758 735 2796 nulla
756 2758 866 2797 herba
886 2760 922 2796 in
939 2759 1016 2796 solo

1085 625 1291 668 remaneat,
1329 620 1467 669 legenti
1501 621 1536 656 in
1567 619 1747 657 recentio-

1085 690 1161 713 rum
1194 678 1508 726 peregrinatorum
1541 677 1747 722 itinerariis,

1084 732 1282 781 aliquando
1304 735 1338 769 in
1359 738 1518 771 mentem
1540 733 1651 778 venit,
1675 745 1746 768 scr-

1079 792 1221 838 Ροηΐεε,
1252 789 1382 838 quibus
1404 790 1518 827 Neuri
1541 790 1645 825 eiecti
1666 789 1746 826 sue-

1085 846 1179 891 rint,
1210 845 1364 881 locustas
1388 846 1520 891 fuisse,
1550 857 1647 894 quae
1665 858 1744 881 cum

1085 914 1210 938 omnes
1232 905 1350 938 terrae
1368 903 1490 950 fruges
1508 901 1558 937 ita
1575 902 1744 938 comede-

1084 958 1180 1003 rint,
1221 962 1261 993 ut
1291 957 1378 994 nihil
1402 969 1550 1007 prorsus
1584 956 1745 994 relictum

1084 1018 1198 1060 esset,
1241 1019 1389 1062 gentem
1419 1014 1515 1050 victu
1540 1014 1744 1050 necessario

1083 1071 1259 1120 privatam
1304 1070 1469 1119 cogerint
1483 1098 1493 1117 ,
1550 1074 1589 1106 ut
1625 1070 1744 1119 patria

1082 1131 1177 1164 terra
1199 1126 1344 1174 relicta,
1377 1125 1448 1163 alio
1479 1139 1520 1164 se
1547 1126 1744 1173 conferret,

1083 1183 1143 1220 ubi
1163 1184 1273 1220 vitam
1294 1187 1501 1220 sustentare
1518 1186 1656 1233 posset.

1139 1238 1178 1286 ἐς
1190 1235 1224 1286 ὃ,
1237 1235 1475 1289 πιεζόμενοι,
1496 1239 1664 1288 οἴκησαν
1677 1252 1742 1289 με·

1080 1291 1130 1334 vo?
1142 1296 1361 1343 Βουδίνων,
1380 1292 1453 1346 τὴν
1471 1294 1628 1334 ἑωυτῶν
1643 1294 1741 1333 ἐκλι-

1080 1347 1235 1401 πόντες]
1259 1353 1279 1389 ἰ.
1302 1366 1333 1390 e.
1354 1352 1458 1389 donec
1470 1354 1584 1402 pressi
1603 1352 1668 1397 (ab
1686 1351 1740 1388 his

1081 1409 1314 1458 serpentibus
1345 1414 1477 1446 terram
1517 1408 1741 1446 devastanti-

1080 1465 1149 1502 bus
1170 1466 1217 1501 ad
1243 1465 1352 1502 sedes
1374 1478 1458 1501 suas
1483 1464 1740 1512 relinquendas

1080 1521 1211 1568 eoacti)
1250 1534 1324 1557 una
1350 1534 1427 1557 cum
1450 1520 1608 1557 Budinis
1638 1520 1741 1557 habi-

1080 1580 1220 1625 tarnat,
1242 1591 1309 1614 sua
1326 1579 1479 1627 ipsorum
1494 1580 1591 1614 terra
1609 1576 1740 1626 (quam

1079 1635 1178 1684 prius
1207 1635 1418 1683 tenuerant)
1462 1634 1596 1672 relicta.
1656 1633 1741 1676 Quo

1081 1690 1228 1727 minime
1255 1691 1343 1727 illud
1362 1691 1563 1738 indicatur,
1592 1689 1740 1727 Neuros

1080 1751 1280 1797 postquam
1319 1759 1340 1783 a
1382 1747 1611 1797 serpentibus
1646 1745 1741 1796 pulsi

1079 1804 1127 1840 ad
1159 1803 1323 1840 Budinos
1361 1804 1638 1850 successissent,
1675 1803 1740 1840 de-

1078 1872 1150 1895 nuo
1182 1858 1431 1910 (serpentibus
1454 1859 1520 1896 illis
1545 1872 1594 1896 sc.
1616 1871 1740 1908 egres-

1079 1916 1147 1964 sis)
1179 1916 1215 1952 in
1245 1917 1383 1967 priores
1415 1917 1522 1954 sedes
1548 1928 1737 1964 regressos

1078 1986 1159 2010 esse
1183 1973 1246 2019 (ut
1267 1973 1393 2009 volunt
1413 1974 1611 2019 Gatterer.‚
1637 1972 1737 2010 Hee-

1076 2042 1153 2068 ren.
1174 2029 1203 2076 l,
1222 2033 1248 2070 2
1270 2043 1306 2080 p.
1325 2031 1422 2076 276,
1452 2029 1621 2066 Volcker.
1642 2027 1665 2064 l.
1683 2028 1735 2065 1.1

1076 2099 1163 2136 pag.
1213 2088 1334 2133 181),
1381 2086 1447 2123 sed
1487 2086 1607 2135 potius
1647 2084 1736 2122 illud

1077 2155 1209 2189 unum,
1261 2142 1424 2189 Neuros,
1473 2142 1620 2179 sedibus
1661 2142 1734 2177 suis

1073 2198 1228 2245 relictis,
1271 2199 1319 2235 ad
1347 2199 1513 2236 Budinos
1542 2197 1735 2234 secessisse

1073 2263 1110 2292 et
1139 2268 1219 2291 cum
1251 2255 1293 2291 iis
1321 2268 1392 2291 una
1413 2255 1595 2291 habitasse
1612 2265 1656 2290 ea
1680 2253 1733 2289 ni-

1074 2313 1204 2348 mirum
1233 2315 1378 2357 aetate,
1410 2311 1482 2360 qua
1508 2310 1593 2346 vixit
1614 2309 1734 2347 Hero-

1073 2368 1196 2404 dotus.
1228 2368 1284 2404 Ita
1303 2373 1400 2405 recte
1421 2367 1516 2403 hunc
1539 2366 1654 2402 locum
1674 2379 1734 2403 ac-

1074 2424 1214 2472 cepisse
1242 2423 1346 2461 video
1366 2423 1549 2460 Mannert.
1575 2422 1623 2458 lv
1648 2434 1733 2472 pag.

1075 2482 1155 2520 102
1197 2480 1373 2517 immerito
1415 2480 1674 2530 reprehensum
1712 2491 1734 2516 a

1071 2536 1267 2585 Koppenio
1298 2536 1319 2573 l.
1352 2537 1373 2573 l.
1405 2550 1490 2586 pag.
1527 2537 1629 2581 103,
1672 2536 1734 2584 qui

1072 2592 1119 2628 ad
1153 2593 1317 2629 Budinos
1346 2593 1458 2629 Neuri
1487 2593 1586 2641 quod
1607 2593 1734 2629 consu-

1073 2649 1205 2697 gerim,
1228 2649 1264 2685 id
1280 2661 1322 2685 ex
1342 2650 1464 2699 stirpis
1475 2649 1632 2698 quadam
1642 2661 1732 2697 cog-

1073 2706 1220 2743 natione
1249 2707 1364 2756 repeti
1392 2719 1501 2757 posse
1530 2706 1731 2742 contendit.

1079 2784 1126 2788 —
1168 2761 1226 2800 Dc
1260 2761 1298 2809 ἐς
1333 2758 1375 2810 ὁ,
1414 2764 1514 2800 cuius
1550 2761 1628 2800 loco
1652 2761 1733 2800 libri
