1946 3272
104 329 160 355 niis
208 329 375 365 commissa,

103 362 134 389 in
154 362 277 391 Cretam
294 365 377 391 navi-

103 400 188 430 gant,
199 396 379 431 Zacynthios

104 430 228 463 pellunt,
248 431 378 465 Cydoni-

103 470 150 489 am
166 463 268 491 urbem
287 470 315 491 ει
329 465 378 492 υἰ-

103 499 378 533 etynnaetemplum

103 530 249 558 condunt:
299 533 379 559 subi-
407 549 427 566 c,

127 569 216 591 untur
240 566 320 592 circa
349 574 375 594 a.

103 570 153 624 ξω
183 598 220 625 ab
251 599 377 632 Aegine-

102 630 161 658 tis:
219 632 378 660 Minervae

271 666 300 692 in
323 668 378 693 Ae-

104 666 244 700 templum

103 698 193 733 gina:
209 699 317 727 bellum
325 708 377 727 an-

433 221 518 263 104

382 822 449 869 sit,
487 829 525 859 ut
550 822 664 859 Samii
698 821 848 858 insulam
878 820 1043 859 Troeze-

381 881 450 918 niis
470 882 570 916 certa
590 878 672 926 lege
694 878 893 915 traderent.
935 878 1043 914 Conf.

384 936 430 972 de
462 934 614 984 Hydrea
656 933 774 971 insula
807 934 961 970 Pausan.
998 933 1044 980 ll,

381 989 434 1031 34
455 989 491 1041 ς.
511 992 546 1030 9.
578 990 755 1040 Stephan.
773 990 862 1038 Byz.
879 1003 907 1027 s.
926 1002 960 1026 v.

436 1046 679 1096 Κυδωνίην]
724 1047 833 1084 Conf.
866 1045 937 1093 lll,
977 1044 1043 1086 44.

379 1102 514 1152 Neque
540 1116 626 1141 vero
651 1103 703 1140 sic
722 1103 905 1140 Herodoti
931 1102 1044 1140 verba

380 1164 465 1196 sunt
494 1160 728 1210 accipienda,
769 1164 810 1196 ut
839 1159 953 1195 Samii
983 1171 1045 1195 ex-

380 1215 474 1253 sules
488 1216 692 1264 Cydoniam
711 1216 817 1266 primi
837 1215 1044 1252 condidisse

379 1272 650 1318 existimentur,
693 1285 773 1309 cum
800 1272 936 1308 dudum
959 1275 1045 1308 ante

378 1341 513 1366 annum
547 1328 629 1368 524
656 1340 690 1365 a.
727 1327 815 1365 Chr.
850 1340 886 1364 n.
927 1341 955 1364 s.
986 1327 1044 1364 Ol.

377 1383 512 1431 LXIV,
541 1386 578 1431 1,
608 1384 646 1420 in
675 1397 784 1433 quem
808 1384 935 1421 incidit
960 1383 1043 1430 hoc,

379 1445 529 1478 auctore
551 1439 890 1478 Raoul-Rochette
919 1440 941 1477 l.
962 1453 1045 1477 mox

379 1496 424 1544 1.,
467 1497 638 1546 Cydonia
668 1497 752 1533 urbs
783 1509 1046 1534 commemore-

379 1558 465 1600 tur,
495 1554 594 1590 cuius
617 1553 776 1602 origines
808 1553 857 1590 ad
880 1552 1044 1590 Minoem

379 1609 590 1647 Arcadesve
611 1608 760 1646 colonos
776 1610 896 1659 prisco
916 1609 1045 1646 admo-

381 1666 469 1703 dum
506 1678 596 1703 aevo
627 1665 695 1702 huc
730 1666 914 1716 profectos
950 1666 1047 1702 refe-

380 1726 528 1769 rantur,
577 1725 616 1758 ut
654 1721 874 1770 reliquarum
911 1722 1046 1759 Cretae

380 1778 523 1815 urbium
546 1781 664 1815 mater
684 1779 761 1815 sere
788 1779 835 1814 sit
864 1778 1044 1815 habenda.

381 1834 513 1884 Itaque
539 1834 587 1872 de
606 1835 695 1871 urbe
716 1833 772 1871 vel
792 1833 1047 1883 amplificanda

380 1890 438 1928 vel
461 1891 704 1928 restauranda
724 1891 906 1927 Herodoti
932 1890 1046 1926 verba

382 1946 622 1995 intelligenda
652 1959 733 1983 esse
763 1950 887 1982 monet
915 1945 1046 1982 Hoeck

381 2001 548 2049 (CretaI
577 2015 612 2052 p.
636 2003 701 2042 23.
739 2002 776 2038 ΙΙ
805 2015 841 2051 p.
861 2001 942 2042 439
966 2001 1046 2038 coll.

382 2058 433 2094 llI
463 2071 549 2108 pag.
570 2058 671 2105 413)
702 2061 738 2094 et
768 2058 905 2094 dudum
938 2062 1048 2094 antea

383 2113 722 2151 Raoul-Rochette
763 2112 954 2163 (Histoire
1000 2114 1047 2150 de

385 2169 584 2207 l'Etabliss.
605 2171 638 2206 d.
656 2169 722 2206 col.
737 2170 800 2206 Gr.
824 2169 870 2206 lll
885 2184 918 2220 p.
935 2168 1046 2219 427).

382 2225 469 2276 Ipsa
493 2226 577 2263 urbs
610 2226 677 2273 (de
699 2237 773 2275 qua
801 2225 902 2276 plura
917 2226 1047 2263 Hoeck

384 2281 407 2318 l.
429 2281 450 2318 l.
475 2281 487 2318 1
515 2296 549 2332 p.
578 2284 631 2323 23
652 2295 729 2332 seq.
753 2282 853 2332 383)
888 2283 923 2318 in
953 2282 1048 2320 occi-

385 2337 526 2375 dentali
546 2338 682 2375 Cretae
718 2343 824 2388 parte
853 2339 921 2374 sita
953 2351 1046 2387 qua-

384 2394 557 2442 draginta
588 2395 664 2431 sere
695 2394 817 2431 stadia
848 2394 973 2431 aberat
999 2394 1045 2431 ab

384 2462 451 2495 ea,
493 2462 587 2498 quae
615 2463 710 2486 nune
736 2450 856 2486 Canea
884 2455 1045 2497 vocatur,

383 2506 472 2542 satis
500 2505 620 2556 ampla
649 2518 690 2542 ac
719 2507 892 2555 frequens
922 2507 1045 2543 incolis

382 2567 565 2612 portuque
597 2563 771 2598 instructa
802 2567 838 2599 et
869 2575 1046 2600 commer-

384 2619 439 2655 cio
462 2619 622 2663 florens3
661 2622 700 2654 ut
729 2618 824 2655 adeo
850 2617 939 2655 haec
966 2619 1046 2668 ipsa

384 2687 442 2711 res
473 2674 618 2711 Samios
659 2674 895 2711 commovisse
933 2676 1045 2712 videri

384 2734 517 2778 queat,
555 2734 593 2766 ut
616 2742 696 2766 eum
722 2730 758 2766 in
783 2731 899 2766 locum
919 2743 958 2768 se
980 2744 1047 2781 po-

383 2786 562 2823 tissimum
589 2790 862 2832 converterent,
905 2787 974 2823 nisi
992 2787 1046 2823 di-

387 2846 486 2880 serta
506 2842 689 2880 Herodoti
714 2842 902 2880 obstarent
924 2843 1047 2890 verba,

830 222 1299 261 HERODOTl

431 329 710 389 λοποννήσῳ,
751 330 825 373 καὶ
854 329 991 386 αὐτὴν
1016 331 1303 385 Τροιζηνίοισι
1332 329 1760 384 παρακατέθεντο·75

437 400 563 445 αὐτοὶ
597 402 642 444 δὲ
658 402 894 456 Κυδωνίην
925 400 1005 455 τὴν
1033 400 1080 443 ἐν
1103 399 1254 458 Κρήτῃ
1286 402 1481 445 ἔκτισαν·
1524 398 1607 443 οὐκ
1637 400 1705 443 ἐπὶ

436 472 576 531 τούτῳ
627 470 849 522 πλέοντες,
902 469 1013 514 ἀλλὰ
1053 474 1332 522 Ζακυνθίους
1372 473 1615 524 ἐξελοῦντες
1658 470 1705 514 ἐκ

407 546 514 598 4τῆς
543 541 695 596 νήσου.
753 542 925 598 ἔμειναν
955 538 992 583 δ’
1020 540 1067 583 ἐν
1095 540 1253 597 ταύτῃ,
1284 544 1357 585 καὶ
1378 541 1703 596 εὐδαιμόνησαν

436 611 502 656 ἐπ’
536 612 630 656 ἔτεα
658 612 805 657 πέντε·
851 612 959 654 ὥστε
988 610 1040 653 w}
1076 610 1150 665 ἱρὰ
1178 611 1230 654 τὰ
1261 611 1307 655 ἐν
1340 615 1545 669 Κυδωνίῃ
1576 613 1704 656 ἐόντα
1768 622 1851 662 226

435 687 520 726 νῦν
549 678 672 727 οὗτοί
700 685 781 726 εἰσι
812 684 854 725 οἱ
883 680 1159 738 ποιήσαντες,
1205 683 1278 725 καὶ
1318 681 1396 726 τὸν
1438 687 1514 739 τῆς
1544 684 1704 727 Δικτύ-

1101 821 1164 870 qui
1196 827 1236 858 ut
1266 821 1489 870 Zacynthios
1528 821 1762 873 expellerent,

1100 877 1177 914 illos
1200 878 1268 914 hoc
1290 879 1422 915 fecisse
1444 879 1590 925 scribit,
1620 879 1694 916 sive
1714 879 1762 915 ob

1100 934 1305 970 inimicitias
1327 935 1505 983 quasdam
1525 935 1599 972 sive
1617 934 1762 971 ultionis

1101 990 1286 1026 cuiusdam
1307 991 1532 1039 repetendae
1551 1003 1668 1028 causa.
1688 990 1764 1026 lni-

1101 1046 1313 1083 micitiarum
1344 1051 1466 1083 autem
1486 1048 1546 1083 vix
1574 1046 1678 1083 aliam
1706 1046 1764 1083 su-

1101 1102 1173 1140 isse
1199 1102 1376 1150 originem
1407 1107 1512 1152 putat
1531 1102 1575 1142 C.
1598 1103 1644 1139 0.
1664 1101 1763 1138 Miil-

1100 1157 1162 1195 ler.
1193 1158 1379 1207 Aeginett.
1398 1172 1436 1208 p.
1466 1160 1544 1200 112
1577 1171 1653 1208 seq.
1672 1163 1764 1205 not.‚

1101 1227 1211 1264 quam
1233 1215 1359 1251 Ionum
1395 1219 1433 1251 et
1449 1215 1674 1252 Achaeorum
1709 1215 1764 1251 in-

1101 1275 1308 1308 veteratum
1328 1271 1449 1307 odium
1463 1300 1474 1318 ,
1513 1284 1593 1308 cum
1615 1271 1762 1319 Zacyn-

1101 1327 1165 1364 thii
1197 1326 1421 1364 Achaeorum
1460 1327 1594 1364 suerint
1639 1327 1762 1376 stirpis

1101 1383 1366 1433 Spartanisque
1395 1384 1480 1420 inde
1502 1384 1655 1430 inimici,
1694 1383 1765 1419 Sa-

1100 1440 1164 1477 mii
1200 1452 1286 1477 vero
1323 1440 1517 1490 Spartanis
1565 1451 1765 1488 eorumque

1101 1495 1237 1533 colonis
1279 1497 1445 1534 faverint.
1478 1516 1527 1523 ·—
1568 1495 1657 1532 Mox
1684 1507 1764 1533 cum

1100 1552 1307 1601 Schweigh.
1345 1557 1386 1590 et
1421 1552 1537 1588 Gaisf.
1579 1551 1665 1589 dedi
1700 1548 1765 1591 ἐπὶ

1100 1603 1228 1661 τούτῳ
1268 1621 1334 1658 pro
1375 1607 1439 1647 ἐπὶ
1474 1610 1617 1655 τοῦτο,
1665 1607 1766 1657 quod

1103 1665 1239 1701 Matth.
1271 1665 1428 1702 retinuit.
1487 1664 1594 1702 Conf.
1622 1664 1667 1712 V,
1697 1663 1765 1710 45,

1103 1716 1169 1759 ἐπ’
1195 1714 1227 1773 ᾦ
1258 1718 1300 1759 δὲ
1327 1717 1469 1770 ἐστάλη
1495 1720 1647 1768 ἐποίεε,
1704 1720 1766 1757 ubi

1102 1782 1225 1814 tamen
1248 1777 1431 1814 Sancrofti
1451 1777 1541 1814 liber
1566 1790 1608 1814 ac
1625 1777 1766 1814 Vindo-

1103 1833 1277 1870 bonensis
1322 1834 1412 1882 (qui
1452 1834 1486 1870 h.
1517 1833 1539 1869 l.
1581 1834 1672 1870 dant
1700 1830 1765 1871 ἐπὶ

1102 1885 1260 1937 τούτῳ)
1287 1890 1456 1926 exhibent
1480 1884 1548 1927 ἐπ’
1572 1885 1605 1927 ’6.
1664 1889 1766 1926 Con-

1102 1945 1186 1982 serri
1202 1958 1348 1994 quoque
1368 1949 1541 1995 poterunt
1559 1945 1594 1982 hi
1611 1946 1680 1982 loci
1700 1944 1762 1992 lll,

1104 2001 1169 2040 48.
1197 2001 1264 2041 83.
1292 2022 1347 2029 —-
1376 2001 1490 2038 Paulo
1520 2006 1605 2051 post
1637 2000 1762 2050 reliqui

1103 2058 1276 2094 intactum
1321 2058 1420 2107 quod
1469 2058 1550 2094 libri
1597 2058 1764 2095 ferebant

1104 2112 1216 2160 ἒξελο
1230 2115 1363 2160 ὖντες,
1387 2127 1608 2163 quamquam
1629 2115 1762 2151 rectius

1105 2183 1185 2206 esse
1208 2170 1350 2207 videtur
1370 2169 1493 2217 ἐξελῶ
1507 2185 1613 2217 ντες,
1637 2183 1764 2220 quem-

1103 2226 1301 2263 admodum
1340 2227 1474 2277 placuit
1518 2227 1681 2264 Pierson.
1716 2227 1765 2264 ad

1104 2282 1221 2319 Moer.
1251 2296 1287 2332 p.
1320 2282 1396 2324 146
1427 2288 1462 2320 et
1484 2283 1702 2331 W‘esseling.
1726 2283 1764 2320 in

1104 2344 1191 2375 nota
1215 2340 1261 2375 ad
1284 2339 1318 2375 h.
1339 2339 1374 2385 l.,
1402 2340 1461 2376 ubi
1485 2340 1572 2376 citat
1591 2339 1652 2385 lv,
1671 2338 1760 2378 148.

1104 2395 1149 2441 V,
1172 2397 1235 2435 63.
1264 2396 1326 2441 lx,
1344 2398 1408 2435 89.
1452 2394 1512 2432 'I'u
1533 2395 1605 2432 vid.
1630 2394 1762 2431 Matth.

1105 2451 1169 2487 Gr.
1190 2452 1255 2487 Gr.
1279 2450 1314 2502 ἓ.
1336 2454 1417 2491 222
1440 2463 1524 2501 pag.
1546 2453 1641 2492 430.

1160 2509 1231 2552 τῆς
1248 2503 1448 2557 Δικτύνης
1469 2502 1582 2557 νηόν]
1622 2502 1762 2545 Δικτύ-

1103 2578 1176 2612 νης
1196 2576 1321 2600 omnes
1340 2564 1540 2600 Herodotei
1559 2563 1652 2610 libri,
1681 2576 1763 2600 cum

1104 2620 1190 2656 alias
1213 2619 1344 2668 duplici
1366 2619 1466 2656 litera
1484 2624 1509 2656 ῦ
1536 2620 1603 2656 hoc
1630 2632 1763 2658 nomen

1103 2676 1275 2725 scriptum
1293 2675 1502 2711 inveniatur.
1532 2676 1628 2713 ham
1646 2676 1762 2724 signi-

1104 2732 1230 2767 ficatur
1259 2731 1328 2768 dea
1356 2731 1587 2769 Cretensium
1616 2732 1763 2779 lunaris,

1104 2786 1335 2823 Britomartis
1356 2799 1450 2835 quae
1471 2789 1682 2835 vocabatur,
1707 2792 1763 2825 at-

1104 2856 1175 2892 que
1197 2845 1303 2881 etiam
1320 2843 1528 2893 Dictynna,
1576 2845 1676 2894 quod
1694 2857 1763 2883 no-

1921 704 1929 743 ‘71
1916 508 1927 692 —ssah—-Jr-
