1863 3256
428 276 513 316 608

422 384 468 427 δὲ
498 385 666 430 στεινόν
695 386 768 429 καὶ
798 380 1050 435 κυκλοτερὲς
1077 379 1235 436 πάντη·

374 541 621 590 Biledulgcrid
640 551 813 588 separans
834 538 879 574 ab
891 537 1041 574 oriente

375 610 541 634 occasum
572 608 694 634 versus
724 595 771 630 ad
794 607 892 631 mare
915 606 1030 642 usque

374 655 587 704 porrigitur,
651 651 710 686 ubi
743 651 966 700 potissimum
1006 651 1029 686 ii

373 714 514 747 montes
541 707 701 743 altissimi
723 708 878 755 niveque
895 719 1029 757 perpe-

374 770 437 802 tua
473 764 559 800 tecti
589 766 626 799 in
654 776 767 811 regno
801 764 1033 808 Maroccano,

375 822 436 869 qui
487 831 582 855 nunc
621 819 687 855 sub
725 820 869 856 nomine
904 819 1033 855 Dama

375 876 493 924 (Nosz
520 875 624 911 hohor
639 873 761 923 Atlas)
781 875 918 924 cogniti
936 879 1035 921 sunt,

375 933 421 969 ab
452 931 645 968 Herodoto
675 932 825 967 indicari
855 931 1034 968 videntur.

373 988 432 1026 De
465 1000 537 1036 quo
571 988 641 1024 vid.
661 987 794 1024 Ritter.
819 987 934 1023 Erdk.
963 986 1033 1035 lp.

374 1045 456 1084 886
477 1056 580 1092 seqq.
615 1045 706 1084 888.
736 1044 828 1084 893.
853 1043 934 1083 894
957 1042 1035 1079 coll.

374 1099 557 1137 Mannert.
598 1100 655 1145 X,
696 1102 722 1140 2
759 1112 844 1149 pag.
881 1102 959 1139 177
998 1102 1036 1136 et

374 1156 581 1193 Tzschuck.
599 1156 706 1192 allata
726 1156 773 1191 ad
791 1155 874 1192 Mel.
897 1155 960 1201 ill,
982 1157 1033 1195 10

376 1210 415 1262 ἓ.
455 1215 474 1251 1
508 1225 593 1262 pag.
625 1213 706 1252 408
736 1234 792 1239 ’-
832 1212 909 1252 411
940 1214 1035 1248 nott.

376 1281 506 1317 exegg.
538 1268 618 1305 Vol.
648 1268 698 1304 Ill
728 1268 769 1305 P.
798 1268 859 1305 ΠΙ.
902 1267 1036 1316 Neque

375 1337 451 1361 non
491 1325 682 1370 convenit,
723 1325 918 1360 columnam
952 1323 1038 1360 coeli

375 1385 536 1418 montem
554 1380 691 1425 vocari,
721 1382 750 1416 si
768 1381 881 1430 ipsius
903 1381 1035 1417 montis

375 1437 530 1473 sormam
576 1441 724 1486 reputes
775 1450 817 1473 ac
865 1438 1035 1486 speciem,

376 1504 487 1541 quam
506 1492 587 1539 ille,
616 1496 773 1540 anguste
795 1493 830 1528 in
849 1492 956 1529 altam
975 1505 1036 1529 ex-

377 1561 530 1596 surgens
557 1549 717 1598 apicem,
753 1549 892 1585 eminus
920 1549 1035 1585 adve-

376 1605 560 1641 nientibus
586 1605 762 1653 praebeat
783 1604 969 1641 columnae
986 1604 1035 1640 ad

376 1661 512 1706 instar,
542 1673 637 1708 quae
668 1660 807 1698 coelum
836 1672 1035 1709 sanequam

377 1717 558 1765 attingere
586 1717 697 1765 idque
726 1717 829 1764 quasi
856 1717 1036 1754 sustinere

376 1773 556 1809 videatur.
604 1773 688 1809 vid.
717 1772 848 1810 Ritter.
878 1772 992 1809 Erdk.
1020 1772 1035 1809 I

376 1841 464 1879 pag.
487 1830 581 1868 894.
611 1828 692 1866 Nec
709 1828 811 1866 aliter
822 1829 1037 1866 AetnaPin-

377 1887 469 1922 dato
497 1884 623 1935 (Pyth.
646 1885 673 1932 l,
697 1886 769 1929 36)
801 1885 899 1923 κίων
921 1880 1036 1936 ου’ρα-

377 1942 444 1981 νία
476 1939 672 1990 νιφόεσσα
694 1947 856 1978 vocatur.
921 1943 1034 1979 Vide-

377 2002 438 2035 tur
458 2003 578 2035 autem
597 1998 824 2043 Herodotus,
843 1998 927 2034 ‹lum
947 1998 1035 2035 haec

379 2054 578 2092 scribebat:
609 2056 725 2092 τοῦτο
743 2050 807 2092 τὸν
827 2055 944 2092 κίονα
961 2056 1035 2092 τοῦ

378 2105 555 2160 ου’ρανοῦ
583 2109 793 2162 λέγουσι
825 2110 865 2149 οῖ
893 2106 1034 2161 ἐπιχώ-

377 2181 457 2217 ριοι
505 2163 606 2205 εἶναι
655 2167 856 2216 respexisse
895 2168 943 2204 ad
978 2180 1033 2214 ea,

377 2235 472 2272 quae
499 2236 521 2260 a
541 2223 663 2260 Poetis
691 2224 823 2259 tradita
850 2223 958 2272 vulgo
980 2224 1035 2260 fe-

376 2279 548 2317 rebantur
566 2280 613 2316 de
631 2279 795 2323 Atlante,
825 2279 873 2315 ad
892 2293 1035 2316 cosmo-

376 2335 565 2384 graphiam
583 2348 626 2372 ac
641 2335 900 2384 mythologiam
913 2337 1034 2386 potius

376 2396 587 2439 spectante,
639 2404 748 2440 quam
789 2392 836 2427 ad
877 2405 1035 2441 geogran

376 2446 514 2496 phiam:
546 2460 713 2496 quaeque
736 2449 845 2484 etiam
858 2450 905 2485 ad
918 2455 1034 2485 artem

378 2502 544 2538 traducta
565 2516 643 2539 esse
662 2505 878 2552 accepimus.
919 2504 1035 2541 Nam-

378 2570 450 2606 que
461 2558 637 2593 Atlantem
655 2571 762 2594 nemo
781 2560 893 2596 nescit
906 2561 975 2597 iam
989 2561 1034 2597 ab

375 2613 539 2651 Homero
571 2615 771 2664 praedicari
809 2616 967 2662 (Odyss.
1008 2617 1034 2662 l,

377 2672 432 2711 52
464 2672 610 2718 seqq),
641 2669 739 2715 aliis,
770 2683 862 2717 quos
883 2672 928 2707 ad
956 2672 1034 2707 Ho-

377 2727 465 2764 meri
492 2726 607 2763 locum
635 2727 769 2762 dudum
791 2726 909 2762 attulit
930 2727 1034 2764 Clar-

378 2781 448 2827 λε’,
479 2787 518 2819 ut
538 2783 598 2831 qui
616 2783 722 2819 maris
736 2784 828 2818 norit
844 2784 1034 2831 profundi-

377 2842 472 2875 tates
511 2838 674 2888 coelique
717 2838 894 2876 sustineat
929 2840 1034 2876 colu—

377 2907 503 2944 mnas,
532 2908 627 2946 quae
658 2899 792 2934 terram
821 2894 1034 2948 coelumque

850 270 1318 312 HERODOTI

1295 378 1464 436 ὑψηλὸν
1495 380 1539 424 δὲ
1572 380 1686 424 οὕτω

1087 537 1352 575 disterminant.
1400 537 1474 580 Qui
1502 535 1598 574 idem
1628 534 1742 582 Atlas,

1088 598 1124 629 ut
1154 593 1348 641 Aeschylus
1376 595 1471 630 canit
1500 593 1535 629 in
1560 592 1743 629 l’rometh.

1087 648 1167 688 349
1211 650 1313 697 (357
1353 649 1483 686 Blomf.
1524 648 1601 685 coll.
1641 648 1743 696 Virg.

1085 705 1175 742 Aen.
1199 706 1268 751 lv,
1299 704 1400 753 247)
1431 700 1527 755 πρὸς
1556 702 1746 754 ἑσπέρους

1089 757 1233 808 τόπους
1261 760 1394 811 ἕστηκε
1417 756 1550 800 κίον’
1567 756 1747 810 ου’ρανοῦ

1089 832 1129 855 τε
1156 817 1222 856 καὶ
1253 816 1397 868 χθονὸς
1426 815 1549 868 α’)’μοιν
1568 816 1744 865 ἐρείδων,

1092 871 1218 924 ἄχθος
1268 869 1342 912 οὐκ
1383 870 1624 925 εὕεέγκαλον;
1682 873 1745 909 ubi

1092 931 1192 979 quod
1256 930 1461 967 Blomfield.
1529 929 1746 979 proposuit:

1092 986 1219 1024 κίων
1244 982 1420 1036 ούρανοῦ
1439 1000 1478 1024 τε
1496 984 1562 1023 καὶ
1583 982 1746 1034 χθονός,

1093 1039 1219 1089 ὤμοιν
1275 1041 1435 1092 ἐρείδων
1491 1039 1617 1091 ὄχθος
1674 1035 1748 1079 οὔκ

1093 1094 1327 1149 εὐάγκαλον,
1345 1099 1428 1135 ideo
1445 1098 1624 1148 displicet,
1645 1097 1747 1146 quod

1090 1155 1304 1203 Aeschylum
1331 1156 1379 1191 ad
1408 1154 1560 1191 Homeri
1583 1154 1748 1190 traditio-

1090 1224 1172 1248 nem
1204 1212 1397 1248 accessisse
1417 1212 1583 1255 credam3
1620 1222 1749 1258 quam-

1092 1281 1201 1317 quam
1216 1281 1334 1317 nuper
1351 1268 1545 1304 admodum
1561 1265 1748 1302 Blomfiel-

1094 1326 1145 1361 dii
1193 1324 1383 1361 lectionem
1423 1323 1600 1373 placuisse
1638 1322 1746 1358 video

1093 1382 1168 1417 viro
1187 1381 1309 1426 doct0‚
1336 1381 1397 1428 qui
1416 1381 1462 1417 de
1479 1380 1630 1416 Atlante
1650 1379 1747 1415 eius-

1092 1450 1165 1485 que
1197 1437 1405 1472 notionibus
1441 1435 1745 1485 cosmographicis

1091 1493 1359 1529 accuratissime
1379 1493 1560 1538 disseruit,
1589 1490 1748 1527 Letron-

1091 1562 1137 1585 ne
1160 1550 1196 1584 in
1214 1549 1390 1585 Ferussac
1408 1548 1541 1586 Bullet.
1561 1548 1597 1583 d.
1617 1548 1746 1585 scienc-

1091 1605 1216 1641 histor.
1254 1605 1362 1641 Fevr.
1400 1606 1502 1644 1831
1533 1616 1618 1653 pag.
1655 1601 1748 1642 141.

1092 1660 1263 1708 Namque
1302 1664 1398 1697 recte
1433 1660 1577 1697 videtur
1600 1671 1749 1696 monere

1092 1716 1263 1754 Volcker.
1295 1716 1408 1766 Iapet.
1443 1728 1528 1766 pag.
1557 1716 1610 1757 57
1642 1728 1748 1765 seqq.

1092 1773 1172 1811 coll.
1230 1772 1294 1813 54.
1350 1772 1402 1813 65
1452 1784 1529 1821 seq.
1597 1771 1749 1809 Homer.

1092 1831 1231 1878 Geogr.
1257 1841 1342 1879 pag.
1369 1831 1443 1868 101
1475 1827 1553 1867 coll.
1574 1841 1659 1878 pag.
1683 1829 1749 1874 19,

1093 1893 1249 1935 utroque
1287 1886 1366 1922 loco
1408 1890 1446 1922 et
1477 1884 1673 1921 Homerico
1708 1888 1747 1921 et

1091 1942 1316 1991 Aeschyleo,
1345 1941 1496 1990 aliisque
1526 1942 1582 1987 (v,
1610 1954 1640 1977 c.
1666 1940 1748 1978 He-

1092 1999 1339 2046 5ἰοά.’1’ἰιεος.
1352 2001 1433 2038 517
1448 2010 1524 2046 seq.
1545 1997 1625 2037 746
1643 2009 1746 2045 seqq.

1092 2055 1170 2092 coll.
1194 2056 1266 2104 Op.
1296 2059 1331 2091 et
1356 2054 1402 2091 D.
1433 2055 1533 2097 381)
1564 2053 1746 2090 Atlantem

1091 2111 1188 2148 haud
1224 2123 1407 2160 quaquam
1434 2109 1614 2159 perhiberi
1644 2121 1748 2145 mon-

1090 2172 1177 2214 tem,
1195 2168 1260 2204 sed
1272 2167 1451 2204 hominem
1463 2167 1565 2215 quasi
1577 2165 1749 2211 baiulum,

1091 2225 1154 2273 qui
1196 2225 1233 2260 in
1271 2223 1439 2260 extremis
1472 2228 1588 2259 terrae
1617 2221 1748 2257 finibus

1091 2281 1282 2317 collocatus
1310 2279 1439 2328 longas
1463 2278 1646 2314 columnas
1663 2289 1749 2314 coe-

1092 2336 1164 2373 lum
1208 2342 1413 2384 terramque
1456 2334 1747 2370 disterminantes

1092 2394 1270 2430 sustineat
1310 2392 1377 2438 (ne
1406 2390 1478 2427 scil.
1505 2389 1747 2436 collabantur)

1091 2449 1300 2498 coelumque
1320 2445 1588 2496 quodammodo
1611 2445 1747 2482 fulciat.

1093 2506 1190 2548 Quin
1221 2506 1337 2554 ipsum
1367 2503 1503 2539 coelum
1534 2515 1577 2538 ac
1600 2507 1747 2546 terram,

1091 2573 1158 2597 nec
1178 2565 1316 2596 tantuin
1339 2558 1520 2595 columnas
1539 2587 1549 2602 ‚
1578 2558 1672 2595 ferre
1691 2558 1749 2593 di-

1091 2617 1239 2653 cebatur
1266 2614 1392 2660 Atlas3
1433 2615 1505 2651 vid.
1527 2614 1681 2650 l‘ausan.
1702 2613 1748 2660 V,

1094 2675 1142 2712 11
1176 2671 1211 2722 §-
1234 2675 1271 2711 2.
1303 2671 1353 2717 V,
1389 2673 1437 2711 18
1465 2669 1504 2721 ἓ.
1527 2673 1546 2709 1
1574 2670 1655 2707 coll.
1684 2669 1749 2715 Vl,

1094 2729 1168 2773 19,
1200 2729 1224 2768 5
1252 2732 1287 2765 et
1314 2728 1366 2774 ll,
1400 2730 1476 2774 10,
1508 2725 1545 2765 4.
1598 2725 1749 2775 Apollo-

1091 2784 1169 2820 dor.
1219 2783 1254 2832 1,
1301 2786 1350 2830 2,
1391 2785 1417 2824 3
1468 2782 1546 2820 coll.
1595 2781 1749 2819 Hesiod.

1091 2839 1235 2889 Theog.
1264 2841 1357 2881 517.
1416 2840 1494 2875 Has
1532 2851 1618 2875 vero
1652 2836 1751 2874 colu-

1089 2909 1218 2947 mnaS,
1260 2908 1334 2949 quo
1373 2896 1490 2946 magis
1522 2895 1750 2932 occidentem
