1946 3272
119 590 184 633 37

654 188 1000 228 THALIA.

1063 191 1123 228 ιιι.
1464 201 1520 239 09

219 312 318 355 9τες
339 306 487 352 τοῦτο,
518 298 778 354 ἐπήγγελλον
809 298 929 356 αὐτῷ
960 299 1018 350 ὡς
1046 301 1224 356 περιείη.
1278 304 1519 360 Καμβύσης

247 374 292 418 δὲ
323 371 530 425 ,,Κροίσῳ
561 370 641 424 μὲν
671 369 965 426 συνήδεσθαι,
997 371 1099 425 ἔφη,
1132 369 1368 424 περιεόντι·
1417 374 1518 416 ἐκεί-

245 459 350 493 νους
378 441 522 496 μέντοι
547 440 651 491 τούς
672 442 1037 498 περιποιήσαντας
1060 439 1114 483 οὐ
1135 444 1520 496 καταπροΐξεσθαι,

245 512 339 557 ἀλλ’
372 511 665 554 α’ποκτενεέιν.
677 517 701 536 “

762 514 834 556 καὶ
865 513 1037 567 ἐποίησε
1068 517 1220 555 ταῦτα.

238 653 488 711 ξυμμάχους
517 653 786 708 ἐξεμαίνετο,
825 655 969 710 μένων
999 656 1046 698 ἐν
1070 655 1247 710 Μέμφι,
1280 658 1351 699 καὶ
1380 657 1521 713 θήκας

236 745 280 772 τε
302 725 491 775 παλαιάς
523 723 734 779 ἀνοίγων,
764 727 836 769 καὶ
859 726 1151 782 σκεπτόμενος
1181 728 1283 778 τοὺς
1313 728 1515 782 νεκρούς.

209 799 284 849 Ξές
310 799 355 842 δὲ
383 797 434 853 δὴ
466 797 538 839 καὶ
567 801 647 839 τοῦ
671 796 917 853 ‘Htpcct'otov
947 799 996 842 τὸ
1028 798 1123 852 ἱρὸν
1156 793 1282 854 ἦλθε,
1313 801 1386 844 καὶ
1414 805 1515 843 πολ-

237 870 290 914 λοὶ
321 874 382 926 τῷ
413 867 626 924 ἀγάλματι
663 870 929 925 κατεγέλασε.

991 870 1078 913 ἔστι
1117 869 1200 924 γάρ
1239 876 1318 914 τοῦ
1358 871 1518 927 ‘Hcpal-

239 956 346 987 στου
385 941 591 997 τῶγαλμα
628 946 741 984 τοῖσι
773 945 1066 999 Φοινικηῖὀισι
1099 945 1360 986 Παταῖἶκοῐσι
1389 944 1516 999 ἐμφε-

180 1115 424 1170 ἐπήγγελλον
444 1130 512 1168 pro
524 1114 626 1166 ‘vulga
656 1116 841 1169 ἐπηγγέλ-

181 1179 311 1220 λοντο,
342 1176 440 1223 quod
461 1175 609 1211 retinuit
629 1175 762 1211 Matth.

237 1231 412 1276 ἐκείνους
441 1229 575 1280 μέντοι
611 1228 704 1276 τούς
731 1246 841 1282 περι-

177 1283 422 1339 ποιήσαντας
431 1282 480 1325 ov'
489 1288 751 1337 καταπροΐξεσ
759 1288 841 1338 θαι]

177 1345 200 1382 i.
225 1359 256 1382 e.
288 1359 322 1381 se
342 1358 410 1380 ηοη
434 1347 574 1394 impune
597 1345 754 1381 laturum
774 1358 840 1391 eos,

178 1404 241 1452 qui
263 1401 382 1439 Croeso
409 1403 519 1437 vitam
541 1406 750 1449 servassent,
783 1402 843 1438 sed

177 1471 231 1496 eos
251 1458 528 1508 z'ntetfecturum.
590 1459 750 1496 Verbum
776 1474 844 1497 κα-

175 1517 465 1567 ταπροΐξεσθαι
501 1515 625 1552 Gloss.
658 1516 841 1553 Herodot.

176 1574 343 1623 exponit:
374 1576 520 1620 προῖκα
551 1575 731 1623 ποιῆσαι,
764 1568 842 1611 α’τι-

176 1629 349 1680 μωρητὶ,
393 1625 480 1668 οἷον
517 1625 842 1680 καταφρονήσας.

173 1686 347 1723 Valcken.
359 1687 407 1722 ad
426 1687 524 1723 verbi
537 1687 841 1734 significationem

174 1743 426 1780 illustrandam
440 1744 569 1780 excitat
584 1744 765 1782 Herodot.
776 1744 839 1790 ΙΙΙ,

178 1800 269 1840 156.
290 1800 335 1846 V,
360 1801 450 1840 105.
476 1800 555 1844 Vll,
582 1802 651 1845 17,
675 1801 735 1836 ubi
755 1814 841 1851 par-

172 1856 334 1906 ticipium
360 1857 582 1905 adiungitur,
604 1857 839 1907 Aristophan.

172 1912 286 1964 Vesp.
328 1914 448 1954 1357.
488 1913 712 1963 Thesmoph.
746 1916 839 1955 573.

172 1968 270 2019 qu.
290 1969 385 2010 433.
446 1969 546 2007 Nam
567 1970 662 2007 hisce
682 1984 773 2007 unus
795 1983 840 2007 ex

171 2025 303 2063 Atticis
330 2027 398 2063 hoc
422 2027 534 2064 verbo
562 2027 628 2063 hac
653 2028 840 2076 significa—

172 2083 272 2120 tione
303 2085 428 2120 utitur.
477 2083 538 2120 Tu
567 2084 640 2120 vid.
671 2084 838 2121 Lobeck.

173 2140 221 2176 ad
245 2140 437 2189 Phrynich.
459 2153 543 2190 pag.
570 2143 661 2180 169.
695 2142 840 2178 Geniti-

171 2209 235 2233 vus
263 2197 326 2233 ubi
358 2197 527 2244 additur,
559 2198 757 2244 irridendi,
782 2200 838 2234 in—

171 2253 337 2290 sultandi
351 2254 653 2302 significationem
673 2256 838 2301 assumit,

170 2315 344 2348 monente
383 2311 512 2347 eodem
551 2311 725 2348 Valcken.
770 2312 838 2349 Cr.

169 2365 299 2404 laudat
322 2367 369 2404 ad
393 2367 426 2403 h.
446 2367 467 2403 l.
491 2367 653 2405 Ernesti.
687 2369 736 2404 ad
758 2368 837 2404 Ari-

172 2424 291 2473 stoph.
314 2424 439 2461 Nubb.
462 2423 581 2463 1241.
608 2445 657 2451 —
678 2424 736 2461 Ad
753 2438 838 2474 par-

172 2479 316 2518 ticulam
340 2479 472 2532 μέντοι
497 2483 591 2518 conf.
614 2481 678 2529 ΙΙΙ,
705 2484 770 2521 31.

341 2584 446 2634 Cap.
478 2584 665 2621 XXXVII.

232 2658 270 2706 ἐς
295 2658 335 2700 δὲ
358 2660 406 2712 δή
432 2661 499 2701 καὶ
527 2665 600 2702 τοῦ
617 2662 836 2713 Ἡφαίστου

175 2711 219 2753 τό
254 2714 365 2769 ἷρόν]
405 2719 462 2757 De
496 2732 569 2769 quo
599 2721 735 2771 templo
764 2721 836 2757 sid.

175 2775 266 2808 nott.
295 2774 341 2809 ad
363 2775 406 2822 ll,
429 2778 494 2816 99.
518 2797 568 2804 —-
596 2777 654 2814 Ad
680 2781 837 2814 structu-

176 2840 252 2865 ram
286 2830 385 2867 verbi
413 2836 630 2886 καταγελᾶν
663 2833 701 2871 in
730 2847 835 2884 seqq.

900 1121 995 1156 conf.
1021 1120 1151 1156 Matth.
1183 1120 1247 1156 Gr.
1271 1120 1336 1157 Gr.
1365 1133 1450 1170 pag.
1475 1121 1569 1162 735.

900 1176 996 1213 Add.
1022 1177 1202 1214 Herodot.
1228 1177 1289 1223 lll,
1310 1179 1375 1216 38.

959 1248 1061 1283 τοῖσι
1102 1245 1375 1294 Φοινικηΐοισι
1415 1247 1570 1284 Παταΐ-

900 1305 1005 1339 κοῐσι
1037 1300 1351 1352 ἐμφερέστατον]
1407 1301 1465 1339 De
1496 1303 1570 1339 Ριι-

900 1360 1025 1403 taecz's,
1054 1358 1278 1395 Phoenicum
1303 1359 1384 1403 diis,
1417 1359 1570 1397 lVessel.

900 1415 1036 1452 consuli
1059 1415 1137 1451 vult
1158 1416 1312 1452 Stanlei.
1334 1417 1380 1452 ad
1401 1414 1570 1465 Aeschyl.

901 1473 941 1508 S.
968 1486 997 1508 c.
1021 1473 1092 1508 Th.
1120 1471 1214 1511 214.
1257 1473 1318 1509 Tu
1343 1473 1413 1509 vid.
1441 1473 1570 1509 Ruhn-

900 1529 986 1566 ken.
1003 1530 1038 1565 in
1053 1529 1148 1565 Diss.
1165 1529 1211 1566 de
1226 1530 1327 1566 tutel.
1350 1535 1386 1566 et
1410 1530 1571 1578 insigna.

900 1599 1005 1622 navv.
1036 1598 1122 1636 pag.
1152 1588 1234 1625 216
1267 1587 1423 1636 Opusec.
1457 1592 1569 1623 oratt.

900 1642 968 1691 (T.
999 1643 1013 1678 Ι
1045 1657 1080 1692 p.
1112 1642 1194 1682 416
1228 1644 1329 1692 Opp.
1361 1643 1418 1680 ed.
1450 1644 1569 1692 Berg-

899 1697 1042 1747 mann.)
1073 1699 1196 1748 ibique
1227 1700 1376 1736 selden.
1411 1700 1459 1737 de
1486 1700 1568 1737 Diis

899 1757 998 1804 Syrr.
1020 1756 1064 1802 ΙΙ,
1090 1758 1137 1795 16
1162 1770 1246 1805 pag.
1269 1758 1364 1796 279.
1395 1756 1569 1805 Namque

899 1813 966 1849 hoc
997 1826 1130 1849 nomen
1160 1813 1269 1849 latius
1300 1814 1421 1862 patuit
1452 1814 1568 1849 omni-

900 1870 1043 1918 busque
1075 1870 1142 1905 diis
1172 1870 1378 1907 Phoeniciis
1415 1882 1457 1907 ac
1492 1871 1566 1906 for-

898 1931 997 1963 tasse
1017 1939 1167 1975 quoque
1188 1927 1289 1974 Syris
1312 1927 1381 1962 fuit
1403 1940 1565 1963 commu-

899 1996 968 2029 ne,
998 1984 1044 2019 ad
1066 1983 1328 2031 significandos
1348 1983 1450 2030 deos,
1472 1996 1564 2032 quos

897 2039 1045 2076 cubitali
1063 2040 1181 2088 figura
1211 2046 1273 2076 aut
1292 2040 1465 2090 pygmaei
1488 2045 1565 2076 sta-

895 2100 978 2133 tura
1006 2096 1044 2132 in
1076 2097 1231 2133 navibus
1262 2109 1382 2133 secum
1411 2098 1563 2134 circum-

895 2154 1090 2199 ferebant,
1129 2157 1259 2203 utpote
1286 2154 1431 2190 navium
1463 2158 1562 2190 tuto-

896 2223 954 2247 res
973 2214 1010 2247 et
1030 2211 1121 2246 deos
1147 2223 1377 2247 averruucos.
1422 2210 1562 2247 Eorum

895 2268 1007 2314 igitur
1039 2268 1088 2304 ad
1126 2267 1280 2303 formam
1312 2267 1497 2304 Vulcanus
1533 2280 1563 2306 s,

895 2323 1042 2359 Phth-dh
1072 2324 1138 2360 sub
1172 2324 1289 2372 figura
1316 2324 1402 2360 nani
1433 2324 1564 2360 barba—

894 2381 920 2417 ti
958 2381 1325 2430 repraesentabatur,
1361 2381 1566 2417 cuiusmodi

893 2438 1064 2488 pygmaei
1083 2437 1206 2487 plures
1225 2438 1410 2486 hodieque
1431 2437 1469 2473 in
1490 2437 1565 2474 Ae—

894 2495 1101 2544 gyptiorum
1125 2494 1343 2544 anaglyphis
1373 2495 1563 2531 inveniun-

893 2556 962 2587 tur.
1014 2551 1099 2587 Vid.
1125 2551 1224 2588 Hirt.
1256 2552 1293 2587 in
1313 2551 1564 2588 Denkschrift.

896 2608 931 2643 d.
964 2606 1061 2644 Berl.
1086 2607 1199 2644 Acad.
1233 2609 1341 2647 1822
1374 2620 1459 2657 pag.
1485 2608 1560 2645 141

897 2669 933 2701 et
953 2664 1128 2701 Creuzer.
1149 2664 1313 2712 Symbol.
1338 2664 1349 2699 Ι
1373 2665 1563 2713 pag.531.

896 2721 971 2764 Qui
996 2720 1179 2757 Vulcanus
1204 2721 1292 2758 inde
1326 2721 1468 2757 Cabiris
1490 2719 1563 2755 Ae-

894 2778 1033 2827 gyptiis
1045 2778 1172 2814 merito
1186 2782 1402 2815 accensetur
1419 2787 1562 2813 eorum-

894 2847 967 2884 que
986 2847 1136 2885 praeses
1158 2834 1325 2872 habetur.
1357 2834 1452 2870 Cum
1464 2831 1560 2868 euim

1615 574 1678 600 xlia
1709 583 1821 608 genera

347 581 397 625 ‘O
417 582 496 637 μὲν
517 581 569 637 δὴ
588 587 771 626 τοιαῦτα
796 585 934 627 πολλοὶ
958 585 998 635 ἐς
1026 584 1201 637 Πέρσας
1231 601 1274 627 τε
1305 585 1378 627 καὶ
1409 585 1566 637 τούςθὸ
1581 607 1736 642 (ςηηώμῃ.
1774 611 1854 637 5„sp

1580 641 1648 667 niae
1666 651 1672 667 ε
1728 642 1853 670 Vulcani

1579 676 1718 708 tvmplum
1754 681 1783 703 et
1815 678 1853 703 ›i-

1579 710 1758 735 niulacruin:
1799 711 1854 736 l’a-

1578 743 1647 768 tairi
1681 742 1851 770 phoenicii:

1578 776 1722 810 templum
1751 781 1782 803 ct
1815 778 1853 802 si<

1576 815 1659 855 214

1578 868 1712 894 mulacra
1730 867 1852 893 Cabiro-

1578 909 1654 927 rum.
