1863 3256
393 261 478 302 61⁰
784 253 1247 297 HERODOTI

392 384 473 412 του
512 369 589 412 τοῦ
624 367 780 422 οὔρεος
816 367 860 410 οἱ
894 364 1123 418 ἅνθρωποι
1161 360 1284 406 οὗτοι
1311 360 1534 417 ἐπώνυμοι
1561 362 1646 418 {ys}-

392 455 544 483 vovvo·
603 439 831 482 καλέονται
868 434 951 490 γὰρ
993 433 1046 488 δὴ
1076 432 1314 481 Ἄτλαντες.
1372 429 1568 487 λέγονται
1599 435 1645 476 δὲ

394 507 493 553 οὔτε
521 510 711 565 ἔμψυχον
741 505 871 548 οὐδὲν
902 504 1143 555 σιτέεσθαι,
1185 502 1285 544 οὔτε
1314 500 1494 545 ἐνύπνια
1525 501 1645 558 ὁρᾶν.

236 585 335 634 185
390 580 533 636 Μέχρι
568 579 647 634 μὲν
684 575 736 631 δὴ
770 578 858 618 τῶν
883 571 1125 617 Ἀτλάντων
1153 570 1343 623 τούτων,
1384 572 1462 628 ἔχω
1491 574 1543 616 τοὶ
1575 572 1648 617 οὐ-

66 651 194 681 Nomina
215 653 338 688 populo-

67 694 131 713 rum
156 690 221 721 post
238 687 337 713 Atlan-

65 723 337 787 ‡52⁰{.‚?32¹:.'.¹1‘'s⁸;:
366 720 446 764 2τὸ
483 716 524 762 δ’
558 717 643 760 ἀπὸ
674 716 866 770 τούτων,
897 716 1054 760 οὐκέτι·
1113 712 1248 770 διήκει
1277 710 1319 756 δ’
1353 707 1415 755 ⁰3²¹
1443 713 1470 770 ἦ
1503 713 1647 771 ὀφρύη

119 773 128 785 ’
395 789 515 846 μέχρι
549 787 820 844 “Ηρακλη“ί”ων
861 783 1071 842 στηλέων,
1119 784 1192 828 καὶ
1231 782 1279 827 τό
1322 783 1399 835 ἔξω
1437 784 1647 826 τουτέων·

66 786 154 813 dinae
163 786 233 813 sanis
241 786 299 812 albi
310 788 341 812 et

65 819 208 854 purpurei
229 818 341 846 distan-

396 860 485 902 ἔστι
524 858 571 902 δὲ
610 857 713 909 ἁλός
748 873 792 901 τε
831 858 1040 914 μέταλλον
1080 856 1128 899 ἐν
1168 853 1276 910 αὐτῇ
1317 854 1389 897 διὰ
1419 852 1521 896 δέκα
1549 853 1647 909 ἡμε-

65 858 111 880 tes
129 854 236 880 itinere
249 853 340 878 deno-

94 894 159 913 rum
176 885 306 912 dierum:

81 927 159 954 aqua
182 917 322 947 caelestis

392 650 559 705 νόματα
595 650 682 690 τῶν
717 647 762 690 ἐν
791 649 844 704 τῇ
873 644 1020 702 ὀφρύῃ
1049 642 1369 698 κατοικημένων
1397 644 1706 696 καταλέξαι-15
1775 681 1782 688 .

337 1026 399 1063 hoc
429 1028 539 1062 monte
558 1039 679 1063 nomen
697 1026 756 1064 illi
775 1029 915 1063 traxere
933 1025 993 1063 Ῐιο-

336 1084 444 1120 mines
461 1082 631 1119 Atlante&
663 1083 737 1120 Ubi
755 1095 823 1120 vox
842 1079 995 1121 ἐπώνυ-

338 1153 429 1189 μος,
459 1139 512 1176 cui
534 1138 685 1189 simplex
705 1138 813 1188 vulgo
835 1139 995 1176 adstrui-

339 1198 398 1232 tur
429 1195 609 1243 genitivus
640 1194 783 1244 (cf.11‚
818 1197 896 1234 112
915 1192 996 1243 fin.)

338 1251 646 1301 praepositionem
675 1249 738 1289 ἐπὶ
763 1252 912 1288 assumit
941 1263 998 1296 e0‚

339 1307 482 1357 opinor,
511 1319 554 1343 ex
578 1306 750 1356 loquendi
773 1319 919 1355 genere,
949 1307 998 1343 de

342 1374 416 1411 quo
436 1362 588 1399 diximus
611 1363 658 1398 ad
669 1362 733 1409 IV,
750 1361 816 1402 45.
852 1363 893 1399 In
913 1374 999 1412 pro-

341 1418 436 1455 xime
469 1419 705 1466 sequentibus
742 1418 907 1455 voculam
946 1413 996 1467 δή

291 1489 294 1493 ·
343 1476 499 1522 quatuor
525 1474 694 1510 omittunt
722 1473 824 1520 libri,
852 1473 998 1511 minime

342 1529 426 1567 mea
458 1529 605 1578 quidem
641 1530 820 1566 sententia
855 1530 998 1567 eiicien-

344 1585 440 1621 dam.
484 1584 580 1622 Infra
605 1584 678 1631 lV,
715 1587 814 1625 187:
857 1584 897 1624 οἷ
923 1580 998 1636 γὰρ

344 1636 407 1690 δή
463 1642 544 1678 τῶν
599 1635 772 1691 Λιβύων
829 1637 1000 1692 νομάδες

344 1709 381 1735 κ.
399 1709 429 1733 τ.
449 1697 482 1733 λ.

403 1748 493 1790 οὔτε
522 1748 703 1801 ἔμψυχον
734 1747 854 1791 οὐδὲν
883 1749 1003 1791 σιτέε-

345 1810 466 1854 σθαι,
521 1804 611 1846 οὔτε
655 1802 825 1846 ἐνύπνια
869 1806 996 1860 ὁρᾶν]

344 1863 482 1901 Eadem
526 1867 562 1900 et
599 1862 735 1900 Plinius
777 1864 802 1900 1.
849 1864 872 1901 l.
918 1864 1000 1913 (qui

344 1918 552 1956 Atlantibus
599 1931 643 1956 ea
681 1932 827 1968 quoqne
862 1921 1000 1967 tribuit,

345 1987 441 2025 quae
488 1975 535 2012 de
581 1973 816 2013 Atarantibns
862 1976 1001 2014 Noster

344 2030 575 2076 narraverat)
609 2035 647 2068 et
669 2030 766 2069 Mela
790 2031 812 2069 l.
833 2033 857 2069 l.
898 2032 1002 2069 Tan-

345 2087 401 2135 git
428 2099 594 2135 quoque,
620 2090 714 2125 teste
745 2088 1001 2137 Wesselingio,

345 2142 498 2180 Tertull.
525 2142 583 2180 De
606 2143 725 2180 anima
745 2156 824 2194 cap.
843 2142 909 2185 49.
941 2144 1002 2181 Tu

344 2198 431 2235 add.
461 2199 639 2236 Ammian.
671 2199 832 2237 Marcell.
853 2200 944 2244 XV,
974 2202 1001 2241 3

346 2252 383 2304 §.
412 2256 437 2294 6
475 2254 596 2302 ibique
625 2254 873 2306 Lindenbrog.
914 2268 1001 2307 pag.

348 2309 429 2350 114
448 2308 624 2358 iVagner.
646 2311 693 2348 T.
715 2311 762 2348 11.

486 2366 600 2415 Cap.
641 2366 860 2404 CLXXXV.

403 2417 534 2469 Μέχρι
557 2418 629 2470 μὲν
658 2419 708 2472 δή
732 2425 811 2461 τῶν
836 2417 1001 2462 Ἀτλαν-

346 2489 426 2514 των
445 2473 596 2514 τούτων
614 2491 648 2514 κ.
663 2493 694 2515 τ.
714 2479 761 2528 λ.]
794 2479 885 2516 Cum
905 2492 999 2516 rner-

347 2535 508 2577 catores,
549 2543 572 2567 a
602 2533 731 2580 quibus
764 2547 828 2571 sua
857 2536 999 2584 accepit

344 2586 577 2634 Herodotus,
606 2599 679 2624 non
697 2588 789 2625 ultra
810 2591 914 2627 sedes
930 2589 1000 2626 At-

343 2642 502 2686 lantum,
523 2643 559 2679 id
583 2647 640 2680 est
662 2644 848 2692 regionem
865 2644 996 2692 Bilma,

345 2698 394 2734 ad
428 2710 536 2747 quam
576 2698 660 2735 salis
699 2701 839 2736 emendi
887 2713 996 2737 causa

344 2754 500 2804 profecti
523 2758 624 2791 erant
643 2767 708 2804 per
726 2755 885 2802 deserta,
908 2769 996 2805 pro-

345 2809 460 2856 gressi
481 2810 636 2856 suerint,
670 2823 817 2848 necesse
844 2823 923 2848 esse
945 2812 995 2848 ait

345 2863 502 2902 lle-eren.
524 2864 577 2904 ld.
605 2866 657 2916 11,
687 2868 707 2907 1
729 2879 766 2917 p.
783 2866 864 2908 243
883 2867 919 2904 in
937 2867 993 2905 his

1049 1024 1143 1061 finiri
1162 1022 1341 1060 Herodoti
1363 1035 1509 1072 quoqne
1527 1026 1704 1061 narratio-

1050 1094 1147 1118 nem.
1184 1079 1301 1116 Nobis
1323 1078 1428 1116 aliter
1447 1080 1559 1117 videri
1583 1081 1631 1118 de
1648 1094 1705 1118 se-

1051 1137 1158 1173 dibus
1176 1135 1360 1172 Atlantnm
1388 1136 1456 1172 iam
1481 1149 1587 1186 supra
1611 1137 1706 1174 indi-

1052 1193 1234 1236 cavimus3
1273 1192 1341 1228 hoc
1363 1203 1449 1228 vero
1475 1192 1551 1229 loco
1574 1193 1706 1230 affera-

1053 1261 1131 1286 mus
1152 1247 1196 1284 L.
1223 1247 1405 1294 Marcum,
1447 1248 1509 1296 qui
1538 1250 1586 1286 ad
1612 1249 1705 1286 Plin.

1054 1305 1077 1341 l.
1096 1304 1118 1341 l.
1139 1316 1225 1354 pag.
1249 1303 1328 1344 174
1351 1310 1389 1340 et
1420 1305 1497 1353 ipse
1519 1306 1708 1342 contendit

1053 1361 1148 1397 viam
1193 1360 1240 1396 ab
1276 1359 1470 1397 Herodoto
1511 1361 1708 1398 indicatam

1054 1429 1133 1466 cap.
1157 1416 1392 1456 181—185
1422 1417 1567 1453 minime
1599 1418 1708 1454 meri-

1055 1473 1151 1509 diem
1172 1484 1296 1508 versus
1317 1476 1523 1521 spectasse,
1557 1473 1622 1510 sed
1647 1486 1708 1510 oc-

1054 1529 1233 1564 cidentem
1264 1540 1386 1564 versus
1415 1540 1476 1565 eas
1505 1529 1555 1565 ad
1584 1529 1705 1578 regio-

1054 1596 1140 1628 neS‚
1169 1583 1266 1619 unde
1289 1583 1427 1632 lapides
1442 1585 1622 1633 pretiosos
1642 1598 1709 1634 pe-

1054 1640 1201 1686 tierint,
1241 1651 1336 1676 nunc
1371 1640 1533 1688 cognitas
1562 1642 1709 1679 nomine

1056 1695 1123 1732 Gir
1149 1708 1177 1731 s.
1208 1695 1354 1742 Girgir,
1393 1695 1511 1744 Niger
1536 1709 1565 1734 s.
1597 1695 1708 1734 Usar-

1055 1751 1145 1799 gala
1162 1750 1212 1786 M
1211 1754 1366 1800 ensisque
1384 1752 1478 1791 Atri.

1114 1805 1192 1845 ἔστι
1223 1804 1266 1845 δὲ
1297 1803 1389 1853 ἁλός
1422 1822 1462 1846 τε
1494 1805 1706 1859 μέταλλον]

1056 1861 1128 1900 Pro
1148 1862 1227 1901 ἔστι
1251 1860 1292 1901 δὲ
1321 1865 1392 1900 duo
1414 1864 1493 1901 libri
1512 1863 1554 1903 ἐν
1576 1863 1640 1912 δέ,
1668 1869 1709 1902 ut

1056 1918 1102 1965 Il,
1132 1922 1224 1960 171.
1282 1918 1333 1956 At
1358 1924 1521 1970 praestat
1549 1921 1707 1969 vulgata.

1056 1975 1269 2024 Intelligitur
1297 1981 1419 2013 autem
1446 1977 1478 2013 h.
1501 1976 1524 2013 l.
1547 1977 1634 2014 salis
1647 1976 1708 2026 so-

1057 2030 1164 2078 dina,
1195 2032 1287 2068 bene
1307 2033 1564 2081 distinguenda
1579 2046 1600 2070 a
1620 2034 1708 2070 salis

1057 2087 1141 2124 colle
1166 2085 1289 2137 (ἁλός
1309 2085 1534 2136 κολωνός),
1574 2102 1707 2139 neque,

1057 2147 1097 2180 ut
1115 2143 1282 2181 observat
1306 2144 1463 2182 Heeren.
1483 2144 1505 2182 1.
1525 2145 1546 2180 l.
1564 2159 1600 2195 p.
1625 2145 1706 2186 244

1057 2203 1158 2247 not.,
1195 2201 1381 2249 pertinens
1400 2202 1448 2238 ad
1471 2202 1563 2238 viam
1585 2202 1707 2239 tritam

1056 2256 1391 2305 peregrinantium,
1434 2271 1455 2294 a
1483 2269 1555 2306 qua
1584 2259 1706 2306 potius

1056 2312 1251 2348 introrsum
1273 2313 1396 2350 decem
1420 2313 1557 2350 dierum
1580 2313 1708 2350 itinere

1057 2372 1195 2405 remota
1213 2369 1259 2404 sit
1279 2368 1495 2405 collocanda.
1527 2369 1598 2411 Qui
1613 2370 1708 2406 idem

1057 2436 1093 2473 p.
1108 2423 1188 2464 245
1209 2424 1314 2460 affert
1326 2423 1486 2460 Leonem
1501 2423 1708 2461 Africanum

1057 2480 1104 2516 de
1133 2477 1272 2526 magnis
1301 2479 1383 2515 salis
1416 2480 1573 2525 fodinis,
1613 2493 1708 2529 quae

1054 2548 1169 2584 prope
1191 2534 1226 2570 T
1228 2547 1338 2582 egasa
1372 2535 1498 2572 mediis
1520 2537 1554 2571 in
1584 2536 1708 2574 deser-

1054 2591 1101 2626 tis
1114 2590 1239 2638 viginti
1256 2591 1390 2627 dicrum
1414 2591 1539 2628 itinere
1557 2604 1578 2629 a
1591 2592 1706 2629 'l'om-
1721 2597 1725 2601 '

1054 2646 1162 2682 buctu
1181 2650 1341 2683 remotae
1359 2647 1444 2691 sint,
1473 2648 1704 2685 scribentem.

1054 2701 1178 2749 ltaque
1197 2700 1279 2737 salis
1297 2702 1443 2750 domos,
1475 2716 1564 2752 quas
1586 2704 1706 2741 Hero-

1053 2756 1160 2793 dotus
1206 2770 1289 2793 mox
1330 2763 1607 2805 commemorat,
1655 2760 1704 2797 ad

1052 2824 1152 2848 casas
1172 2813 1271 2850 Idem
1295 2815 1405 2851 refert
1426 2816 1462 2851 in
1485 2816 1630 2852 introitu
1647 2816 1705 2852 so-

1051 2868 1216 2906 dinarum
1237 2869 1282 2908 ab
1303 2871 1359 2918 iis,
1389 2871 1450 2920 qui
1468 2871 1518 2908 ibi
1536 2883 1627 2922 opus
1648 2872 1704 2910 sa·
