1946 3272
614 190 958 231 THALIA.
1018 190 1081 231 111.

1426 197 1480 237 41

183 310 317 356 4οὔτε
345 308 508 354 ἐκεῖνος
538 300 646 359 ἀνήρ
677 302 766 346 ἐστι
796 302 986 351 δίκαιος·
1034 301 1072 343 εἰ
1100 298 1186 355 γὰρ
1215 294 1271 355 ἦν
1301 302 1482 355 δίκαιος,
1496 313 1541 346 80

210 378 304 426 οὔτ’
334 376 390 421 ἄν
415 373 660 431 ἐπεθύμησε
682 373 825 430 χώρης
855 372 985 429 ἄλλης
1007 370 1036 427 ἢ
1063 374 1139 428 τῆς
1168 369 1362 423 ἑωυτοῦ,
1395 372 1484 415 οὔτ’

208 452 265 495 ἄν
302 448 345 499 ἐς
384 445 663 502 δουλοσύνην
705 442 974 498 ἀνθρώπους
1013 437 1091 499 ἦγε
1128 440 1210 486 ὑπ’
1250 436 1312 484 ὦν
1349 443 1484 499 μηδὲν

176 520 420 576 δήδίκηται.
479 521 565 561 νῦν
595 517 641 561 δὲ
673 513 792 574 αὐτῷ
830 514 961 567 τόξον
997 513 1096 558 τόδε
1128 512 1343 566 διδόντες,
1382 511 1485 557 τάδε

204 590 308 635 ἔπεα
336 589 499 645 λέγετε·
546 587 763 639 Βασιλεύς
794 585 818 631 ὁ
837 586 1070 630 Αἰθιόπων
1102 582 1394 641 συμβουλεύει
1423 588 1485 641 τῷ
1499 592 1542 625 85

204 662 414 716 Περσέων
444 659 634 716 βασιλέϊ,
680 659 812 703 ἐπεάν
851 658 968 702 οὕτω
1008 656 1218 708 εὐπετέως
1248 655 1401 700 ἕλκωσι
1430 655 1485 700 τοὶ

201 731 306 785 τόξα
335 732 502 785 Πέρσαι
538 730 666 776 ἐόντα
705 730 890 787 μεγάθεϊ
917 733 1134 778 τοσαῦτα,
1173 727 1270 771 τότε
1301 727 1373 771 ἐπ’
1408 729 1486 770 Αἰ-

200 805 365 855 θίοπας
405 802 510 854 τούς
550 804 840 860 Μακροβίους
888 801 1049 858 πλήθεϊ
1098 797 1487 856 ὑπερβαλλόμενον

173 875 536 930 δστρατεύεσθαι.
599 874 726 930 μέχρι
756 874 802 918 δὲ
832 873 1013 926 τούτου,
1046 877 1192 916 θεοῖσι
1222 869 1383 916 εἰδέναι
1413 867 1486 926 χά-

202 963 296 1001 ριν,
327 949 370 990 οἳ
398 943 482 990 οὐκ
511 945 581 989 ἐπὶ
609 944 718 989 νόον
747 945 958 1000 τρέπουσι
983 944 1218 989 Αἰθιόπων
1247 943 1371 988 παισὶ
1403 946 1486 999 γῆν
1498 948 1543 981 90

76 1022 141 1066 22
200 1017 337 1074 ἄλλην
366 1021 676 1072 προσκτᾶσθαι
705 1021 758 1074 τῇ
788 1016 1008 1060 ἑωυτῶν.“
1072 1020 1223 1060 Ταῦτα
1261 1014 1307 1059 δὲ
1347 1016 1484 1065 εἴπας,

202 1089 280 1134 καὶ
309 1087 425 1140 ἀνεὶς
460 1089 511 1132 τό
549 1088 708 1142 τόξον,
758 1088 986 1142 παρέδωκε
1025 1093 1139 1132 τοῖσι
1178 1087 1350 1144 ἥκουσι.
1410 1090 1483 1128 λα-

200 1160 294 1216 βών
333 1159 379 1203 δὲ
408 1158 457 1203 τὸ
489 1157 588 1216 εἷμα
624 1159 672 1204 τό
712 1161 993 1216 πορφύρεον,
1045 1158 1206 1215 εἰρώτα
1243 1157 1268 1202 ὅ
1314 1173 1356 1200 τι
1407 1158 1486 1213 εἰἠ,

172 1232 280 1275 maz
310 1230 423 1282 ὅκως
452 1232 760 1288 πεποιημένον.
809 1231 1027 1275 εἰπάντων
1057 1231 1104 1275 δὲ
1136 1234 1226 1274 τῶν
1252 1227 1488 1285 Ἰχθυοφά-

200 1319 292 1360 γων
320 1301 402 1360 τὴν
439 1301 658 1360 ἆληθηΐην
687 1304 787 1358 περὶ
817 1307 891 1359 τῆς
923 1301 1161 1359 πορφύρης
1191 1303 1265 1346 καὶ
1294 1306 1370 1358 τῆς
1400 1304 1486 1358 βα-

202 1378 307 1431 φῖς,
338 1373 550 1430 δολερούς
580 1375 661 1432 μὲν
689 1375 795 1428 τούς
826 1373 1094 1431 ἀνθρώπους
1123 1375 1207 1431 ἔφη
1237 1371 1370 1426 εἶναι,
1414 1374 1485 1416 δο-
1498 1378 1544 1412 95

182 1502 260 1540 νῦν
273 1497 314 1539 δὲ
331 1495 441 1553 αύτῷ
451 1494 565 1545 τόξον
578 1492 669 1535 τόδε
684 1490 814 1535 διδόν-

144 1558 220 1608 τες]
232 1556 414 1607 Loquitur
426 1553 813 1601 Bruce,eeleberrimus

143 1615 412 1666 peregrinator,
424 1614 471 1651 de
487 1611 647 1661 quodam
666 1623 812 1648 arcuum

145 1684 283 1721 genere
313 1671 413 1721 apud
442 1674 593 1719 gentem
621 1666 813 1717 Aethiopi-

146 1741 247 1776 cam,
280 1728 338 1765 cui
359 1739 455 1764 nunc
474 1738 608 1762 nomen
630 1723 813 1773 Shangal·

143 1783 203 1831 la,
232 1785 280 1822 ad
298 1783 524 1822 tendendum
545 1794 723 1832 perquam
742 1780 813 1817 dif-

145 1840 250 1887 ficili3
280 1841 443 1889 indeque
463 1839 646 1877 Herodoti
667 1837 812 1874 Macro-

145 1898 226 1935 bios
254 1910 318 1935 eos
350 1898 450 1947 ipsos
480 1909 560 1934 esse
582 1894 681 1940 vult,
720 1907 813 1943 quo-

144 1967 225 1992 rum
251 1967 315 1992 rex
332 1954 509 2002 Cambysi
530 1951 644 1990 talem
672 1951 814 1989 miserit

144 2024 280 2049 arcum.
331 2010 380 2047 At
404 2015 503 2048 recte
532 2009 638 2046 nobis
665 2021 814 2046 monere

81 2064 85 2066 ⁷
144 2069 290 2106 videtur
315 2067 478 2105 Heeren.
509 2066 531 2103 l.
558 2066 580 2103 l.
612 2079 699 2116 pag.
730 2067 812 2105 336

144 2125 244 2163 idem
275 2137 393 2173 aeque
422 2125 471 2161 ad
500 2124 634 2160 vicinas
662 2135 813 2172 quoque

146 2186 276 2232 gentes
296 2182 481 2231 pertinere
500 2181 675 2231 potuisse.
733 2178 814 2216 Do-

145 2245 242 2276 ctum
280 2237 441 2287 Anglum
486 2236 617 2275 refellit
665 2249 813 2286 quoque

145 2294 364 2341 Larcherus,
388 2295 510 2332 denuo
533 2293 698 2343 sequitur
715 2292 814 2329 Mal-

146 2351 290 2389 tebrun.
313 2351 394 2388 loco
415 2364 525 2402 supra
545 2350 642 2388 laud.
668 2364 705 2401 p.
720 2351 815 2389 360.

145 2407 230 2446 Hoc
276 2421 363 2446 vero
408 2407 633 2454 tenendum,
690 2419 814 2444 arcum

147 2465 247 2516 apud
269 2464 402 2503 Persas
430 2464 557 2502 haberi
590 2464 716 2513 regiae
744 2477 814 2514 po-

148 2521 290 2558 testatis
311 2527 420 2571 atque
443 2521 583 2572 imperii
607 2522 751 2570 signum
772 2533 815 2556 ac

149 2580 338 2625 tesseram,
368 2579 467 2615 cuius
490 2579 584 2615 ratio
607 2591 629 2615 a
645 2577 732 2615 Sole
744 2577 816 2613 So-

150 2632 265 2683 lisque
277 2635 389 2672 radiis
405 2636 474 2673 erit
487 2635 702 2686 repetenda.
724 2634 816 2671 Post

152 2688 323 2729 Creuzer.
356 2692 392 2728 in
413 2692 578 2741 Symbol.
608 2692 624 2729 I
662 2705 701 2742 p.
733 2689 814 2731 674

153 2748 290 2783 monuit
315 2747 524 2787 Grotefend
549 2750 588 2786 in
610 2748 815 2797 Boettiger.

153 2801 312 2840 Amalth.
344 2804 378 2841 ΙΙ
402 2818 438 2855 p.
458 2807 524 2845 81.
551 2826 607 2834 —
636 2805 696 2844 Ad
717 2804 818 2842 locu-

152 2859 291 2897 tionem
316 2861 394 2900 νῦν
416 2858 459 2901 δὲ
479 2863 574 2900 conf.
595 2861 662 2912 111,
682 2861 749 2903 25.

930 1495 969 1534 οἳ
992 1489 1066 1534 ούκ
1086 1492 1151 1534 ἐπὶ
1180 1489 1274 1533 νόον
1295 1490 1485 1545 τρέπουσι
1505 1506 1541 1529 κ.

870 1568 899 1590 τ
922 1550 972 1603 λ.]
1010 1551 1130 1589 Affert
1161 1552 1253 1588 haee
1284 1551 1442 1599 Gregor.
1467 1549 1543 1586 Co-

870 1609 978 1649 rinth.
1005 1622 1040 1659 p.
1071 1607 1154 1648 480
1184 1608 1330 1646 Schaef.
1363 1607 1432 1654 (de
1456 1605 1541 1643 dia!.

870 1667 948 1704 lon.
972 1663 1008 1716 ἓ.
1022 1667 1097 1714 71)
1120 1666 1166 1702 ob
1184 1666 1339 1702 formam
1358 1659 1457 1703 νόον
1473 1675 1542 1714 pro

869 1724 983 1762 νοῦν.
1037 1722 1097 1759 Ad
1126 1721 1268 1772 reliqua
1295 1722 1390 1759 conf,
1426 1721 1457 1768 I,
1484 1721 1542 1759 27

868 1781 956 1830 ibiq.
978 1783 1071 1817 nott.

1069 1836 1184 1887 Cap.
1222 1835 1340 1872 XXH.

928 1887 1143 1943 εἰπόντων]
1185 1892 1285 1930 Male
1313 1893 1350 1928 in
1377 1891 1470 1928 binis
1500 1891 1542 1928 li-

869 1951 945 1988 bris
968 1946 1174 1989 εἰπόντων.
1215 1951 1336 2000 Supra
1363 1948 1476 1994 εἴπας
1504 1953 1542 1986 et

869 2007 964 2045 infra
995 2003 1123 2046 εἶπαν.
1164 2006 1226 2044 Tu
1259 2007 1332 2044 vid.
1364 2010 1458 2043 nott.
1491 2005 1541 2042 ad

869 2064 897 2112 Ι,
925 2066 991 2104 49.

930 2115 1072 2172 εἰρώτα
1093 2117 1128 2169 ὅ,
1160 2136 1206 2160 τι
1227 2120 1302 2171 εἴη,
1321 2118 1386 2158 καὶ
1413 2115 1509 2158 {inco
1523 2132 1542 2164 ς

869 2177 1157 2229 πεποιημένον]
1203 2178 1440 2223 Herodotus,
1480 2175 1542 2225 qui

871 2235 958 2272 alias
987 2236 1024 2272 in
1054 2235 1219 2287 pluribus
1251 2235 1424 2272 membris
1453 2245 1541 2284 pro--

872 2293 1008 2330 miscue
1029 2298 1065 2329 et
1083 2292 1356 2341 interrogativis
1384 2296 1419 2328 et
1447 2289 1542 2327 rela-

872 2350 954 2386 tivis
992 2350 1106 2386 utitur
1135 2349 1285 2386 vocibus
1319 2348 1393 2396 (cf.
1424 2347 1453 2394 I,
1487 2346 1543 2386 35

872 2407 959 2455 ibiq.
979 2412 1043 2444 not
1060 2408 1099 2454 )‚
1128 2406 1187 2443 hie
1207 2405 1284 2442 sola
1302 2405 1428 2455 posuit
1447 2403 1541 2442 rela-

872 2464 974 2509 tiva,
1004 2469 1046 2500 ut
1067 2463 1114 2510 ΙΙ,
1140 2465 1230 2502 106.
1262 2462 1325 2509 ΙΙΙ,
1349 2465 1440 2503 111.
1477 2460 1541 2506 lv,

873 2519 938 2560 45.
979 2520 1201 2558 Observavit
1227 2520 1362 2557 Struve
1391 2519 1499 2570 Spec.
1527 2516 1544 2553 I

875 2578 1031 2620 Quaest.
1071 2578 1119 2615 de
1155 2576 1240 2614 dial.
1279 2576 1423 2614 Herod.
1456 2586 1543 2626 pag.

876 2633 930 2674 49
961 2638 1041 2671 not.

932 2687 1121 2742 ὄολερούς
1153 2687 1225 2741 μὲν
1255 2685 1350 2735 τούς
1380 2681 1539 2737 α’νθρώ-

873 2763 977 2795 πους
1007 2762 1042 2786 κ.
1073 2763 1105 2786 τ.
1141 2746 1191 2798 λ.]
1266 2746 1408 2795 Tangit
1450 2744 1540 2780 haec

873 2804 1058 2842 Plutarch.
1086 2804 1118 2841 II
1153 2818 1190 2855 p.
1215 2805 1296 2844 863
1318 2801 1365 2840 D.
1396 2815 1432 2851 p.
1457 2797 1539 2838 646

876 2862 933 2908 B„
960 2875 1118 2913 quocum
1134 2862 1229 2899 conf.
1247 2859 1428 2897 Clement.
1451 2853 1539 2893 Ale-

1545 1021 1589 1048 De
1616 1020 1743 1054 singulis
1770 1020 1819 1047 do-

1544 1057 1590 1084 nis
1609 1056 1680 1090 quid
1699 1064 1751 1083 rex
1776 1057 1823 1083 iu-

1543 1092 1663 1121 dicarit.
