1863 3256
87 877 186 904 enimc
203 876 235 902 ill

58 916 160 939 votum

384 138 468 178 344

787 130 1258 173 HERODOT1

387 254 488 300 σῃσι
516 243 564 287 ἐν
591 242 747 300 Δήλῳ,
787 244 1008 296 κείρονται
1037 241 1110 283 καὶ
1141 241 1188 282 αἱ
1216 238 1345 292 κόραι
1372 238 1448 280 καὶ
1477 239 1521 281 οἱ
1548 243 1650 282 παῖ-

389 317 460 367 δες
490 316 533 359 οἱ
560 317 758 371 Δηλίων·
800 315 846 357 αἱ
873 311 972 367 μὲν,
1001 308 1086 364 πρὸ
1113 309 1260 366 γάμου
1289 308 1518 364 πλόκαμον
1549 307 1655 352 ἀπο-

388 386 680 443 ταμνόμεναι,
727 386 801 428 καὶ
838 382 935 436 περὶ
973 378 1192 434 ἄτρακτον
1231 381 1457 432 εἱλίξασαι,
1502 379 1570 423 ἐπὶ
1607 381 1711 423 τό95

359 463 507 514 Ξσῆμα
536 461 693 500 τιθεῖσι
711 469 720 478 ·
762 452 827 508 (τὸ
859 453 905 496 δὲ
935 450 1050 507 σῆμά
1080 451 1171 495 ἐστι
1204 452 1286 495 ἔσω
1318 451 1361 502 ἐς
1391 450 1441 494 τὸ
1470 449 1655 507 Ἀρτεμί-
1719 471 1803 511 295
1829 469 1849 518 ῖς

387 542 486 573 σιον
540 525 702 570 ἐσιόντι
748 522 975 579 ἀριστερῆς
1016 521 1181 577 χειρός·

1249 523 1488 578 ἐπιπέφυκε
1527 522 1573 566 δέ
1615 524 1660 566 οἱ

388 599 560 654 ἐλαίη)
598 597 640 638 οἱ
671 595 716 638 δὲ
745 596 895 646 παῖδες
923 597 1012 637 τῶν
1041 596 1241 650 Δηλίων,
1270 594 1370 647 περὶ
1398 592 1532 649 χλόην
1560 592 1659 636 τινὰ

391 671 620 720 εἷλίξαντες
647 670 735 709 τῶν
764 669 950 721 τριχῶν,
979 670 1226 719 προτιθεῖσι
1252 665 1326 708 καὶ
1354 659 1480 708 οὗτοι
1509 664 1577 714 ἐπὶ
1605 664 1656 708 τό

361 745 523 796 Βσῆμα.
568 731 696 780 αὗται
725 736 804 791 μὲν
834 736 886 792 δὴ
914 734 1079 791 ταύτην
1107 735 1186 792 τὴν
1215 736 1344 791 τιμήν
1373 735 1520 791 ἔχουσι
1548 735 1660 790 πρὸς

264 810 330 855 35
388 815 476 854 τῶν
496 806 646 864 Δήλου
677 805 931 862 οἰκητόρων.
992 806 1107 850 Φασὶ
1136 807 1181 850 δὲ
1215 808 1258 850 οἱ
1293 804 1443 858 αὐτοὶ,
1474 806 1547 849 καὶ
1577 805 1686 862 τήνι

334 1020 485 1058 Lucian.
509 1018 568 1056 De
601 1017 673 1054 dea
697 1017 780 1066 Syr.
813 1017 849 1053 in
876 1018 939 1056 fin.
961 1015 999 1069 ἓ.

338 1079 391 1119 60
416 1075 497 1113 coll.
522 1074 617 1111 Plin.
637 1073 687 1110 H.
707 1072 755 1111 N.
773 1073 874 1121 XVI,
890 1074 959 1115 44.

394 1134 623 1184 προτιθεῖσι
641 1129 708 1168 καὶ
726 1123 853 1180 οὗτοι]
883 1130 1002 1179 Vulgo

339 1192 498 1229 τιθεῖσι.
544 1187 625 1225 Nos
647 1186 814 1236 Sehwgh.
834 1191 872 1224 et
885 1188 1003 1225 Gaisf.

341 1258 464 1284 sumus
501 1244 628 1282 secuti.
686 1238 806 1294 χλόην
834 1244 872 1281 in
902 1249 1005 1282 ante-

341 1303 449 1340 cedd.
489 1301 625 1338 indicat
658 1299 809 1337 herbam
851 1300 1005 1338 viridem

344 1358 499 1396 cuiusvis
517 1357 675 1407 generis.

527 1414 558 1451 C
572 1427 640 1464 ap.
670 1413 822 1450 XXXV.

400 1468 468 1510 καὶ
499 1466 574 1520 τήν
594 1467 747 1523 ’Ἄργην
769 1484 809 1508 τε
836 1468 903 1508 καὶ
933 1465 1007 1519 τήν

339 1523 479 1577 ῗΩπιν]
499 1527 572 1564 Pro
581 1522 733 1577 ’Ἄργην
747 1526 784 1562 in
802 1525 937 1563 Aldina
957 1525 1009 1563 le-

346 1581 620 1635 gitur’'A9ytv,
650 1583 688 1619 in
710 1581 887 1632 Stephan.
911 1594 1008 1619 mar-

339 1643 434 1690 gine
453 1636 680 1691 Ἑκαέργην,
712 1639 812 1688 quod
829 1639 924 1676 idem
942 1651 1011 1675 no-

348 1710 431 1735 men
463 1692 770 1746 (ΙοοοὟἈργης)
806 1698 1012 1744 suggerunt

350 1752 561 1792 Callimach.
585 1752 622 1788 in
644 1751 728 1790 Del.
747 1753 829 1793 292
860 1753 1013 1800 eiusque

350 1809 531 1848 scholiast.
560 1808 717 1845 Pausan.
736 1808 764 1854 l,
782 1807 850 1855 43,
863 1809 900 1850 4.
920 1808 1012 1857 Ety-

350 1866 486 1915 molog.
507 1878 556 1902 m.
581 1877 610 1901 s.
630 1877 662 1901 v.
695 1865 845 1902 Servius
868 1865 915 1901 ad
926 1864 1013 1901 Vir-

351 1922 412 1973 gil.
433 1922 524 1960 Aen.
546 1921 612 1967 Xl,
633 1923 729 1963 322.
761 1920 951 1958 Claudian.
974 1920 1013 1957 in

353 1981 385 2017 11
417 1980 530 2016 Cons.
562 1976 676 2015 stilic.
707 1978 802 2018 253.
844 1977 1013 2015 Aeschin.

352 2035 501 2073 Axioch.
538 2032 575 2085 ᾗ.
601 2037 654 2076 12
681 2047 767 2084 pag.
800 2036 878 2075 371
911 2034 952 2071 A.
985 2046 1014 2070 s.

357 2094 434 2133 121
467 2090 630 2129 Boeckh.
664 2090 747 2138 (ubi
779 2094 836 2128 est
858 2084 1016 2142 Ἑκάερ-

354 2146 453 2200 γος).
496 2147 610 2185 Unde
631 2147 669 2184 in
690 2146 884 2185 Herodoto
903 2145 1016 2185 Ἑκα-

355 2205 473 2255 έργην
492 2204 759 2241 restituendum
773 2233 783 2252 ‚
804 2208 952 2242 auctore
969 2203 1015 2242 P.

355 2260 538 2310 Leopard.
574 2259 759 2298 Emendd.
797 2261 854 2307 X,
895 2262 946 2301 19
981 2263 1018 2297 et

356 2315 553 2367 Spanhem.
604 2317 652 2353 ad
692 2316 904 2354 Callimachi
941 2315 963 2353 l.
993 2316 1017 2353 l.

358 2372 543 2421 Equidem
573 2385 652 2409 cum
681 2373 875 2410 Schubart.
894 2372 916 2410 l.
939 2372 960 2409 l.
982 2386 1018 2423 p.

360 2427 413 2469 48
435 2429 472 2464 in
491 2427 621 2464 talibus
640 2434 765 2465 contra
782 2429 1020 2478 probatorum

360 2485 530 2522 librorum
547 2484 796 2521 auctoritatem
812 2484 898 2521 nihil
913 2486 1022 2534 quid-

362 2553 472 2591 quam
493 2540 686 2578 immutare
705 2541 871 2578 audeam.

413 2590 537 2634 Ὦπιν
563 2602 668 2642 sunt,
711 2596 772 2645 qui
804 2590 937 2636 Οὖπιν
961 2609 1028 2647 ap-

363 2652 526 2701 pellent,
556 2653 672 2690 sorma
689 2653 762 2689 scil.
781 2654 915 2700 Ionica,
947 2667 1026 2690 cum

359 2705 478 2756 'Slntg
520 2709 685 2747 videatur
724 2709 856 2747 Dorica
900 2711 1027 2747 forma.

366 2765 425 2803 Cf.
449 2766 643 2803 Schubart.
664 2765 685 2805 l.
708 2765 728 2802 l.
752 2779 787 2816 p.
812 2765 877 2806 48.
909 2767 1028 2804 Creu-

235 879 338 937 3253&ss
383 881 550 937 ’Ἄργην
569 895 614 923 τε
641 878 715 923 καὶ
730 878 809 935 τὴν
822 872 974 929 Ὦιπιν,
1008 876 1168 929 ἐούσας
1186 876 1439 932 παρθένους
1461 875 1664 932 ἐξὙπερ-

1058 1031 1132 1057 zer.
1161 1018 1324 1067 Symbol.
1354 1017 1388 1055 lI
1423 1030 1509 1068 pag.
1533 1019 1613 1058 117
1643 1022 1721 1055 not.

1061 1078 1154 1117 160.
1205 1075 1275 1111 His
1306 1075 1378 1111 iam
1409 1075 1556 1112 tertiam
1578 1074 1723 1111 addunt

1059 1131 1219 1184 puellam
1247 1130 1350 1167 Loxo
1383 1130 1626 1168 Callimachus
1654 1129 1722 1167 hl.

1061 1194 1099 1226 et
1117 1187 1273 1226 Nonnus
1295 1187 1449 1237 Dionys.
1469 1188 1516 1235 V,
1542 1187 1624 1228 489
1644 1199 1723 1236 seq.

1062 1245 1173 1290 Quod
1194 1243 1366 1295 implendi
1389 1256 1513 1282 versus
1533 1255 1642 1280 causa
1668 1243 1725 1280 sa-

1063 1306 1159 1340 ctum
1201 1314 1283 1338 esse
1319 1299 1394 1337 vult
1425 1299 1599 1338 Valcken.
1615 1329 1627 1347 ,
1673 1300 1723 1336 ad

1063 1358 1380 1408 grammaticorum
1404 1357 1528 1393 studia
1545 1355 1726 1404 mytholo-

1063 1417 1145 1464 giea
1169 1414 1237 1451 hoc
1258 1414 1381 1464 potius
1402 1413 1514 1450 refert
1530 1412 1725 1450 Schubart.

1064 1472 1087 1509 l.
1108 1471 1130 1507 l.
1150 1483 1235 1520 pag.
1258 1470 1334 1516 49,
1363 1469 1420 1506 cui
1439 1469 1590 1506 accedo,
1621 1469 1725 1506 Haec

1066 1532 1187 1564 autem
1229 1527 1408 1575 virginum
1450 1526 1598 1562 nomina
1639 1525 1727 1576 ipsis

1067 1596 1216 1634 quoque
1238 1583 1329 1628 diis,
1360 1581 1490 1631 quibus
1512 1587 1727 1631 operantur,

1067 1640 1271 1678 communia
1299 1638 1411 1676 fuisse
1428 1637 1612 1676 censenda
1629 1643 1729 1685 sunt,

1067 1710 1147 1734 cum
1170 1696 1316 1732 omnino
1338 1695 1436 1732 haud
1454 1707 1536 1731 raro
1558 1695 1729 1732 sacerdo-

1068 1757 1145 1790 tum
1156 1765 1289 1789 nomen
1310 1752 1404 1789 idem
1417 1752 1465 1788 sit
1482 1756 1595 1800 atque
1613 1751 1731 1788 numi-

1068 1810 1148 1856 nis,
1179 1809 1280 1858 quod
1309 1812 1541 1846 venerantur.
1601 1808 1730 1857 Itaque

1069 1878 1204 1903 nomen
1228 1865 1340 1915 Opis,
1381 1877 1410 1901 s.
1444 1863 1534 1914 Upis
1560 1863 1628 1911 (de
1656 1877 1731 1914 quo

1069 1922 1223 1973 plurima
1252 1922 1467 1959 exhibentur
1494 1925 1672 1969 congesta
1694 1921 1731 1957 in

1071 1979 1186 2017 Thes.
1205 1978 1385 2028 Stephan.
1415 1977 1474 2014 ed.
1497 1976 1607 2026 Angl.
1637 1977 1674 2024 1,
1705 1976 1732 2018 4

1071 2048 1108 2087 p.
1124 2035 1223 2083 551)
1240 2036 1286 2071 ad
1307 2035 1423 2084 ipsam
1444 2046 1592 2083 quoque
1612 2033 1736 2080 deam,

1073 2104 1182 2142 quam
1209 2090 1398 2141 Ilithyiam
1433 2090 1539 2137 dico,
1581 2093 1736 2140 spectat,

1073 2161 1169 2198 quae
1188 2149 1318 2185 eadem
1346 2160 1425 2184 cum
1453 2146 1625 2184 Italorum
1651 2146 1737 2196 Ope

1073 2210 1316 2254 comparatur.
1363 2203 1446 2240 vid.
1467 2203 1665 2253 Spanhem.
1687 2201 1736 2239 ad

1077 2261 1281 2299 Callimach.
1294 2261 1329 2296 in
1342 2259 1450 2296 Dian.
1463 2260 1559 2305 203,
1571 2263 1607 2296 et
1620 2259 1738 2296 Creu-

1076 2331 1149 2356 zer.
1163 2316 1326 2366 Symbol.
1345 2316 1377 2352 11
1395 2329 1431 2365 p.
1445 2317 1520 2356 121
1545 2314 1624 2352 coll.
1647 2317 1738 2355 117.

1077 2374 1197 2419 Quin,
1236 2373 1363 2409 iisdem
1387 2372 1470 2408 viris
1491 2371 1738 2418 monentibus,

1078 2431 1159 2479 ipsa
1177 2429 1297 2466 Diana
1325 2428 1392 2465 hoc
1420 2428 1566 2465 nomine
1583 2428 1740 2465 subinde

1080 2486 1313 2533 designatur,
1357 2488 1537 2534 quatenus
1559 2484 1738 2532 Ilithyiae.

1079 2555 1106 2578 s.
1120 2541 1280 2578 Lucinae
1292 2554 1421 2578 munus
1433 2541 1470 2577 in
1487 2542 1603 2591 ipsam
1621 2546 1742 2577 trans-

1078 2598 1191 2634 latum
1214 2603 1282 2634 est.
1314 2597 1597 2635 A‹1d.Creuzer.
1619 2598 1666 2634 ad
1678 2597 1740 2634 Ci-

1079 2667 1148 2691 cer.
1170 2653 1227 2690 De
1255 2657 1330 2691 nat.
1359 2654 1460 2691 deor.
1487 2654 1551 2701 Ill,
1581 2655 1634 2694 23
1653 2666 1739 2703 pag.

1080 2713 1173 2750 617.
1211 2710 1268 2748 De
1295 2711 1392 2747 vocis
1414 2711 1684 2759 significatione
1710 2710 1740 2746 si

1079 2779 1232 2816 quaeras
1247 2798 1257 2813 ‚
1291 2767 1463 2805 Creuzer.
1481 2766 1503 2804 l.
1525 2766 1548 2804 l.
1567 2766 1664 2804 illam
1684 2779 1741 2803 re-

1846 289 1848 315 l

1845 327 1849 350 l

1834 583 1836 614 ³
1849 590 1852 638 ι

1852 703 1854 710 ι
