1863 3256
413 230 496 270 212
804 226 1278 267 HERODOTI

80 348 183 380 nenda
218 351 354 386 indigen·
412 333 609 392 ποταμός
648 336 802 393 μέγας,
851 335 1020 392 οὕνομα

80 386 170 414 tibus.

411 405 630 462 πρότερον
673 407 752 463 μὲν
799 405 979 462 ἄρδεσκε
991 438 1003 459 ,

361 551 530 598 fluvium,
588 551 650 600 qui
710 549 819 585 hodie
873 552 1020 584 vocatur

357 608 505 656 'l'edjen
549 611 585 643 et
632 610 771 655 partem
814 605 1019 654 proxinciae

358 665 580 707 Chorasam,
607 673 701 709 quae
723 661 806 697 olim
826 661 1019 709 Margiana

359 721 560 765 dicebatur,
580 717 769 767 percurrit,
800 715 912 753 relata
933 716 1020 763 vult,

359 778 549 826 ipsamque
603 773 790 822 planitiem
836 773 1019 809 montibus

358 832 520 879 undique
551 828 704 865 cinctam
744 829 781 865 in
812 827 1021 876 Illargl'am‘t

303 931 306 934 Α
358 886 542 924 montibus
573 885 707 921 referta
739 884 844 921 facile
871 884 1023 921 inveniri

360 955 469 993 posse
490 944 606 992 putat.
647 941 752 984 Quae
774 940 821 977 de
840 939 913 977 Ace
933 953 1021 976 con-

358 998 484 1035 vallem
506 997 609 1034 istam
633 1000 844 1046 permeante
866 1001 902 1034 et
922 996 1021 1032 inco-

359 1055 510 1092 lentium
542 1065 651 1102 agros
684 1053 858 1100 irrigante
897 1052 1023 1089 scribit

358 1111 592 1155 Herodotus,
634 1121 677 1146 ea
699 1109 864 1160 apprime
887 1121 1021 1145 conve-

359 1168 438 1204 nire
456 1166 509 1203 ait
529 1179 609 1202 cum
629 1166 684 1211 iis,
713 1178 808 1214 quae
827 1165 873 1202 de
890 1164 1021 1213 Margo

358 1223 626 1272 irrigandorum
656 1234 825 1270 agrorum
852 1233 962 1258 causa
985 1223 1021 1256 in

358 1279 482 1330 plures
519 1277 662 1315 canales
696 1278 846 1314 diducto
886 1277 1022 1313 Plinius

359 1336 409 1372 H.
436 1334 486 1372 N.
507 1334 572 1381 Vt,
596 1336 644 1374 16
667 1334 798 1370 tradat.
830 1334 1023 1370 Praeterea

359 1391 552 1429 mediocris
571 1389 689 1438 Margi
707 1390 821 1428 amnis
838 1390 1022 1438 magnitu-

359 1448 482 1485 dinem
524 1446 632 1484 talem
672 1459 847 1495 aquarum
883 1447 1023 1482 obstru-

361 1505 517 1541 ctionem
530 1530 541 1550 ‚
578 1503 721 1552 qualem
745 1515 766 1539 a
786 1515 872 1550 rege
890 1502 1024 1539 Persa-

361 1573 441 1597 rum
458 1561 592 1596 factam
614 1571 694 1596 esse
712 1559 922 1596 Herodotus
941 1570 1024 1594 nar-

362 1621 439 1662 rat,
467 1615 736 1665 quodammodo
759 1615 949 1652 admittere
973 1614 1026 1649 vi-

363 1673 463 1717 deri3
491 1672 529 1708 id
548 1671 648 1721 quod
675 1672 711 1707 in
733 1671 852 1707 Oxum
878 1670 1024 1707 minime

362 1729 494 1766 cadere
514 1756 525 1775 ‚
572 1727 700 1764 merito
759 1727 899 1764 statuit.
971 1726 1025 1763 At

363 1784 529 1834 Breiger.
548 1783 570 1820 l.
589 1783 611 1821 l.
628 1786 723 1820 Acen
753 1796 819 1834 pro
845 1783 943 1820 Ocho
960 1783 1026 1820 ha-

364 1841 453 1878 bere
473 1839 621 1877 mavult.
662 1840 746 1884 Quo
766 1840 919 1887 rectius,
944 1840 1024 1890 opi-

366 1910 455 1944 nor,
488 1896 654 1934 Rennell.
681 1896 702 1932 l.
724 1895 746 1932 l.
769 1908 854 1946 pag.
877 1897 955 1936 461
979 1896 1026 1933 de

365 1954 515 1990 flumine
543 1952 773 1998 Hindmencl,
814 1953 875 2001 qui
906 1953 942 1987 in
973 1951 1026 1988 la-

365 2022 447 2046 cum
484 2009 629 2045 Zurrali
670 2021 709 2046 se
743 2008 928 2054 effundat,
966 2007 1026 2056 agi

365 2069 488 2116 putat,
525 2079 605 2102 cum
625 2064 719 2101 illius
746 2064 843 2101 lacus
876 2065 922 2100 sit
945 2063 1025 2100 lon-

365 2122 494 2171 gitudo
522 2121 625 2158 XXV
651 2120 806 2158 milliarr.
825 2121 1025 2157 Germann.

367 2183 406 2215 et
440 2177 592 2214 latitudo
647 2178 808 2226 quinque
869 2176 1025 2213 milliarr.

361 2235 551 2282 omnisque
599 2232 658 2270 illa
691 2234 793 2282 regio
834 2233 1025 2270 manifesta

362 2290 540 2340 praebeat
569 2290 723 2336 indicia,
763 2289 877 2326 solum
905 2290 1023 2341 ipsum

364 2346 467 2394 aquis
510 2345 669 2394 limoque
709 2346 900 2382 advectum
939 2345 1023 2381 olim

363 2402 487 2438 fuisse.
557 2401 682 2451 ltaque
712 2402 748 2437 in
780 2415 822 2439 ea
860 2402 1024 2449 regione,

363 2469 457 2506 quae
499 2470 594 2494 nuuc
642 2462 791 2494 vocatur
829 2456 1022 2503 Semnan,

362 2512 550 2564 planitiem
583 2514 629 2550 ab
659 2513 850 2550 Herodoto
888 2514 1024 2550 indica-

362 2574 437 2606 tam
478 2570 724 2618 quaerendam
761 2582 842 2607 esse
881 2583 1022 2606 censeo.

362 2625 437 2663 Ubi
456 2626 600 2663 fluvium
623 2626 818 2671 Hirmend‚
848 2627 909 2675 qui
930 2630 1021 2663 Aces

363 2685 442 2728 est,
479 2695 573 2718 nunc
591 2686 750 2730 tangunt
778 2681 854 2719 loca
877 2682 1022 2719 deserta

363 2737 565 2784 incultave,
605 2737 689 2775 olim
720 2739 813 2775 bene
840 2738 936 2774 culta
965 2742 1022 2774 at-

362 2806 436 2842 que
461 2793 648 2841 habitata,
679 2807 758 2830 cum
785 2794 880 2830 ssuvii
902 2807 1021 2843 aquae

362 2849 546 2888 canalibus
576 2855 655 2888 arte
684 2851 852 2888 deductis
879 2851 1021 2901 disper-

1063 336 1108 379 δέ
1148 337 1191 379 οἵ
1228 334 1315 378 ἐστὶ
1351 332 1493 388 Ἄκης.
1551 327 1680 384 οὗτος

1057 405 1396 462 διαλελαμμένος
1443 407 1679 459 πενταχοῦ,

1077 553 1250 598 gerentur
1300 553 1468 598 terraque
1519 546 1737 584 redderetur

1078 606 1232 642 maxime
1254 605 1389 642 fertilis.
1449 604 1529 640 Hos
1551 603 1738 652 aquaedu-

1078 667 1157 698 ctus
1199 667 1234 697 et
1272 674 1415 698 omnem
1461 660 1554 696 hauc
1592 659 1738 704 molem,

1077 718 1149 766 quit
1204 717 1302 753 fluvii
1367 729 1487 765 aquae
1543 728 1609 765 per
1665 720 1737 751 ter-

1079 786 1136 810 ras
1208 774 1418 810 adiacentes
1476 772 1738 808 distribueren-

1078 834 1159 875 tur,
1190 842 1211 865 a
1233 829 1392 865 Temure
1416 834 1544 878 postea
1564 829 1615 864 ita
1634 840 1738 865 ever-

1079 898 1154 921 sam
1206 897 1287 921 esse
1335 885 1563 934 accepimus,
1614 888 1653 920 ut
1680 884 1739 919 vix

1079 941 1187 977 ullum
1256 945 1462 989 superesset
1537 940 1738 988 vestigium.

1079 995 1227 1034 Consul.
1259 996 1391 1033 Ritter.
1416 995 1618 1032 Erdkunde
1649 995 1678 1031 ll
1701 1009 1738 1045 p.

1081 1054 1131 1093 18
1151 1065 1255 1102 sqq.,
1286 1055 1341 1092 22
1359 1064 1464 1100 sqq.,
1493 1064 1536 1087 ac
1563 1052 1610 1088 de
1629 1051 1738 1088 fluvio

1076 1108 1258 1146 Hirmend
1297 1108 1385 1145 ibid.
1422 1120 1507 1158 pag.
1555 1109 1628 1154 19,
1677 1107 1740 1144 ubi

1077 1172 1224 1215 praeter
1253 1164 1321 1201 alia
1343 1164 1410 1200 hoc
1432 1176 1578 1212 quoque
1599 1167 1737 1207 monet,

1076 1222 1199 1268 Acen,
1262 1233 1343 1257 cum
1382 1220 1499 1256 Ochus
1542 1221 1578 1256 in
1616 1219 1740 1268 lingua

1077 1277 1213 1315 Pehlwi
1242 1278 1387 1313 omnino
1416 1279 1551 1313 flumen
1577 1276 1740 1323 denotet,

1078 1335 1144 1371 hac
1167 1346 1314 1383 quoque
1334 1332 1580 1383 appellatione
1601 1332 1739 1381 signifi-

1078 1391 1149 1427 cari
1174 1390 1346 1440 potuisse.
1393 1388 1547 1425 Multum
1570 1389 1605 1425 iu
1628 1390 1739 1425 sacris

1080 1447 1272 1484 Persarum
1291 1445 1408 1492 libris,
1437 1445 1653 1481 carminibus
1665 1443 1742 1480 vul-

1081 1503 1192 1552 gique
1219 1515 1282 1539 ore
1312 1501 1403 1538 hanc
1436 1505 1569 1538 terram
1595 1501 1743 1550 praedi-

1082 1560 1174 1605 cari,
1217 1571 1311 1607 quae
1340 1557 1460 1594 multis
1489 1557 1659 1607 operibus
1692 1557 1740 1594 ad

1082 1616 1195 1652 solum
1220 1614 1340 1651 sterile
1364 1626 1406 1651 ac
1428 1615 1558 1650 siccum
1586 1614 1743 1661 irrigan-

1082 1673 1167 1709 dum
1195 1676 1274 1707 arte
1295 1671 1419 1716 sactis,
1461 1670 1582 1706 multis
1609 1669 1743 1706 canali-

1082 1730 1169 1775 bus,
1207 1726 1313 1764 suerit
1338 1727 1508 1775 insignis,
1544 1726 1641 1763 idem
1661 1725 1742 1775 plu-

1082 1785 1180 1821 ribus
1217 1783 1386 1820 ostendit.
1465 1782 1530 1819 Est
1571 1782 1665 1819 enim
1703 1782 1742 1819 in

1082 1841 1296 1877 Herodotea
1316 1840 1535 1884 narratione,
1565 1838 1665 1887 quod
1685 1839 1742 1874 vix

1082 1909 1301 1946 quemquam
1323 1895 1468 1941 latebit,
1499 1895 1546 1931 de
1567 1894 1743 1931 eiusmodi

1084 1966 1195 2002 opere
1230 1951 1485 2000 cogitandum,
1539 1952 1640 1999 quod
1674 1963 1741 1987 nos

1084 2009 1234 2045 dicimus
1292 2007 1585 2043 Scleleusenwertc.
1654 2007 1743 2045 Vid.

1082 2065 1242 2102 Heeren.
1265 2063 1285 2099 l.
1305 2063 1326 2100 l.
1350 2063 1384 2110 l,
1418 2067 1435 2103 1
1455 2076 1540 2113 pag.
1557 2063 1640 2104 482
1662 2075 1740 2112 seq.

1083 2121 1166 2165 Quo
1199 2120 1316 2169 magis
1346 2121 1455 2156 miror
1484 2118 1742 2168 Schlegelium,

1081 2178 1143 2226 qui
1175 2176 1196 2213 l.
1228 2176 1250 2213 l.
1289 2174 1419 2225 (quem
1452 2175 1517 2212 Cr.
1554 2173 1742 2224 indicavit)

1080 2232 1169 2270 haec
1195 2233 1316 2270 omnia
1349 2233 1396 2269 de
1416 2230 1492 2269 Ace
1522 2232 1631 2268 fluvio
1659 2231 1742 2269 ficta

1079 2290 1193 2326 videri
1215 2289 1448 2340 pronuntiat!

1138 2398 1315 2451 ἄρδεσκε,
1344 2397 1665 2449 διαλελαμμένος]
1682 2397 1740 2436 Ad

1080 2458 1230 2494 formam
1250 2457 1448 2506 imperfecti
1468 2452 1633 2506 ἄρδεσκε
1646 2457 1741 2492 conf.

1080 2514 1472 2550 Buttmaun.Gra1nm.
1498 2513 1580 2549 mai.
1608 2513 1623 2547 1
1654 2524 1741 2562 pag.

1080 2571 1162 2611 393
1186 2574 1260 2605 not.
1291 2574 1329 2606 et
1355 2569 1403 2604 ad
1435 2567 1742 2618 διαλελαμμένος

1080 2631 1170 2663 nott.
1189 2626 1236 2662 ad
1259 2625 1284 2671 l,
1312 2626 1403 2665 190.
1427 2645 1482 2651 -
1509 2624 1621 2661 Paulo
1648 2625 1741 2661 infra

1079 2695 1145 2731 pro
1179 2677 1315 2729 ἐξόδου
1355 2694 1433 2717 cum
1466 2680 1670 2729 Schweigh.
1702 2685 1741 2718 et

1080 2738 1196 2774 (laiss.
1217 2738 1334 2787 recepi
1355 2731 1543 2783 διεξόδου.
1575 2736 1740 2783 Contu,

1079 2794 1143 2834 24.
1170 2815 1218 2819 —
1246 2794 1304 2830 Ad
1326 2789 1554 2840 ἐνδιδόντος
1577 2795 1622 2831 cs.
1648 2798 1738 2830 nott.

1077 2850 1125 2886 ad
1147 2849 1174 2897 l,
1197 2852 1235 2891 6.
