1863 3256
436 189 519 230 4⁰2
830 185 1296 226 HERODOTI

435 313 506 341 ται
545 297 772 340 κάλλιστα·
829 296 873 338 αἱ
912 296 958 338 δὲ
996 296 1198 350 γαστέρες
1236 293 1450 349 χωρέουσι
1490 293 1698 347 εὐπετέως

434 369 488 412 τὰ
514 367 620 422 κρέα
648 365 892 421 ἐψιλωμένα
922 370 1010 408 τῶν
1040 365 1213 409 ὀστέων.
1273 365 1347 408 καὶ
1372 364 1487 408 οὕτω
1519 369 1627 421 βοῦς
1655 383 1698 410 τε
1711 372 1753 408 65
1861 350 1863 423 i

437 439 603 483 ἑωυτὸν
635 437 791 488 ἐξέψει,
838 434 912 477 καὶ
949 433 1003 477 τά
1043 434 1152 477 ἄλλα
1188 433 1307 490 ἴρήῖα
1337 435 1472 478 ἑωυτὸ
1504 436 1699 480 ἕκαστον.
1862 430 1863 456 ¹

406 509 589 553 5Ἐπεοέν
627 508 673 551 δὲ
713 505 859 560 ἑψηθῇ
895 503 948 547 τοὶ
988 503 1114 558 κρέα,
1160 504 1184 548 ὁ
1223 506 1386 557 θύσας,
1432 509 1520 549 τῶν
1556 512 1698 562 κρεῶν

436 581 511 624 καὶ
551 582 640 622 τῶν
684 576 941 632 σπλάγχνων
991 574 1315 630 ἀπαρξάμενος,
1376 577 1513 631 ῥίπτει
1560 578 1604 629 ἐς
1647 578 1698 621 τὸ

437 652 697 706 ἔμπροσθεν.
753 645 921 690 θύουσι
950 647 995 691 δὲ
1025 647 1097 691 καὶ
1132 647 1185 690 τὰ
1215 645 1324 690 ἄλλα
1354 646 1579 703 πρόβατα,
1626 648 1701 692 καὶ

437 723 599 768 ἵππους
628 717 823 773 μάλιστα.

552 792 676 831 Τοῖσι
713 789 791 844 μὲν
833 787 885 843 δὴ
916 786 1084 830 ἄλλοισι
1111 789 1200 828 τῶν
1227 791 1344 830 θεῶν
1376 786 1492 831 οὕτω
1522 787 1758 840 θύουσι,70

104 887 245 920 tempmm
267 894 297 913 1„
323 885 385 911 ³5„-
440 860 511 904 καὶ
540 862 677 901 ταῦτα
706 861 794 900 τῶν
812 856 1016 913 κτηνέων.
1054 861 1114 912 τῷ
1145 857 1190 899 ‹3²0-
1221 857 1274 912 δὴ
1293 858 1422 912 ’Ἄρηϊ
1445 853 1540 901 ὦδε.
1579 859 1703 902 Κατὰ

105 918 382 986 ῗῑωωηῖἶῖιῗῗιῖῗῖἓ,
438 930 603 985 νομοὺς
634 927 851 972 εκάστοισι
879 931 968 971 τῶν
998 925 1186 983 ἆρχηΐων
1209 927 1431 980 ἐσίδρυταί
1453 940 1531 983 σφι
1545 927 1703 984 ’Ἀρηος

107 973 211 1047 ciuffl‘?
235 985 384 1046 ιιιίιὶῗιῗὲᾶοι
411 1000 541 1056 Ξῖρὸν
570 998 753 1043 τοιόνδε.
799 997 1043 1055 φρυγάνων
1072 997 1256 1054 φάκελοι
1286 997 1566 1042 συννενέαται
1597 998 1703 1043 ὅσον

1766 717 1848 758 309

310 787 377 832 62

122 852 231 880 Martis
268 852 367 891 quale

440 1175 521 1214 τῶν
548 1174 677 1225 κρεῶν
705 1169 771 1211 καὶ
795 1173 876 1211 τῶν
898 1167 1042 1222 σπλάγ-

385 1246 491 1284 χνων
511 1226 813 1281 άπαρξάμενος]
844 1228 1043 1273 „Carnium

385 1293 419 1327 et
441 1290 609 1325 viscerum
624 1287 797 1336 prosicias
824 1286 887 1322 cleo
907 1285 1043 1320 oblatas

386 1349 469 1382 ante
513 1357 546 1381 se
594 1344 654 1389 (in
703 1343 836 1391 ignem)
884 1343 1041 1391 proiicit.

388 1401 499 1439 Conf.
518 1400 582 1447 111,
605 1398 670 1441 24.
700 1399 810 1435 Aliud
830 1401 886 1435 est
902 1394 1045 1449 κατάρ-

386 1461 528 1509 χεσθαι
548 1455 618 1502 1V,
651 1457 704 1495 60
725 1454 826 1503 quod
844 1454 899 1500 fit,
928 1455 1046 1504 prius-

389 1526 500 1564 quam
526 1516 706 1549 mactatur
737 1511 904 1556 victima3
947 1510 1046 1547 aliud

387 1582 486 1606 nunc
515 1564 790 1617 ἀπάρχεσθαι,
821 1571 978 1603 mactata
1011 1570 1048 1603 et

344 1660 346 1663 .
388 1629 494 1663 cocta
541 1623 722 1661 victima.“
790 1622 823 1659 S
832 1622 1049 1670 cltwez'gle.

389 1682 452 1720 Tu
491 1681 586 1718 conf.
624 1681 775 1717 Homer.
811 1679 945 1728 Odyss.
983 1678 1050 1726 111,

379 1735 473 1779 *444
491 1737 615 1786 ibique
632 1735 811 1773 Nitzschii
831 1738 975 1773 annott.

446 1789 601 1832 θύουσι
621 1789 663 1831 δὲ
681 1790 746 1830 καὶ
765 1788 811 1830 τά
835 1788 933 1830 άλλα
952 1785 1050 1843 πρό-

392 1849 513 1901 βατα]
573 1849 736 1899 Respicit
783 1848 951 1885 Eustath.
1003 1847 1051 1884 ad

391 1907 543 1944 Homer.
586 1906 660 1943 Od.
696 1918 733 1955 p.
772 1905 905 1951 1649,
951 1905 975 1944 6
1021 1915 1050 1940 S·

396 1962 501 2009 384,
534 1961 608 2008 14,
637 1962 698 1998 ubi
725 1974 792 2011 pro
814 1959 882 1999 καὶ
903 1959 1051 2005 ἵππους

392 2019 571 2056 invenitur
584 2018 732 2063 ἵππους
759 2017 781 2055 ὃ
792 2015 810 2053 ἑ
820 2047 833 2063 ,
854 2017 952 2066 quod
967 2029 1053 2067 pro-

392 2075 458 2112 bat
487 2075 541 2111 vir
561 2075 689 2111 doctus
710 2074 746 2110 in
766 2073 977 2123 Ephemerr.
998 2073 1053 2109 le-

391 2143 516 2169 nenss.
538 2133 646 2171 1817
674 2142 726 2166 nr.
756 2132 835 2170 162
852 2142 937 2180 pag.
957 2130 1051 2169 356.

393 2186 453 2225 De
479 2200 569 2224 voce
593 2181 771 2237 πρόβατα
792 2187 865 2223 vid.
888 2189 980 2222 nott.
1004 2185 1053 2222 ad

392 2243 554 2289 I,133.
600 2243 764 2281 Pertinet
790 2243 860 2279 huc
888 2242 1050 2279 Bekker.

394 2296 562 2336 Anecdd.
586 2312 669 2349 pag.
685 2301 777 2346 112,
803 2302 822 2338 1
840 2295 1052 2349 Πρόβατα·

393 2351 525 2393 πάντα
544 2353 589 2393 τοὶ
610 2350 852 2407 τετράποδα
881 2350 1051 2407 Ηρόδο-

394 2425 460 2457 τος
483 2406 664 2464 τετάρτω.

600 2500 632 2537 C
645 2512 710 2550 ap.
735 2498 851 2537 LXII.

452 2574 564 2616 Κατά
587 2572 761 2627 νομούς]
794 2578 816 2613 i.
847 2590 880 2614 e.
912 2579 950 2613 in
978 2578 1052 2613 sin-

392 2635 490 2683 gulis
515 2633 751 2684 praefecturis
784 2646 812 2670 s.
837 2635 966 2679 nornis,
997 2634 1052 2669 in-

392 2696 556 2740 terprete
576 2689 824 2727 Valckenario.
867 2689 920 2726 Ac
942 2702 1049 2726 nemo

393 2747 522 2793 nescit,
552 2745 758 2796 Aegyptum
778 2742 876 2783 κατὰ
901 2741 1050 2794 νομοὺς

386 2815 468 2841 esse
507 2802 681 2848 divisam,
726 2802 857 2852 quibus
900 2801 1048 2851 singulis

1099 1165 1294 1222 νομάρχαι
1324 1171 1390 1220 (Π,
1420 1168 1533 1222 177),
1563 1172 1624 1222 qui
1647 1172 1758 1211 iidem

1099 1229 1204 1277 apud>
1233 1228 1388 1276 Scythas
1429 1235 1759 1266 commemorantur

1099 1284 1171 1330 lv,
1204 1286 1269 1324 66.
1301 1284 1410 1333 Apud
1431 1298 1524 1333 quos
1542 1286 1577 1322 in
1595 1298 1759 1335 unaqua-

1099 1353 1170 1389 que
1191 1341 1415 1389 praefectura
1436 1342 1510 1378 sive
1533 1354 1630 1391 pago
1647 1343 1758 1379 fuisse

1101 1397 1280 1434 existimes
1307 1402 1344 1434 et
1379 1392 1594 1447 άρχεῖον
1623 1403 1655 1435 et
1679 1411 1758 1434 sar-

1100 1456 1290 1489 mentorum
1306 1457 1431 1489 struem
1444 1452 1566 1490 ssIarti
1580 1467 1759 1491 consecra-

1102 1513 1186 1545 tam.
1216 1509 1340 1557 Atque
1359 1505 1530 1560 άρχεῖον,
1553 1511 1653 1559 quod
1671 1511 1759 1548 alias

1105 1566 1253 1611 curiam,
1280 1566 1318 1601 in
1340 1579 1410 1614 qua
1428 1570 1617 1604 senatores
1635 1580 1664 1604 s.
1682 1579 1761 1604 ma-

1105 1622 1278 1671 gistratus
1299 1623 1531 1669 conveniant,
1556 1623 1762 1673 significare

1107 1682 1250 1714 constat
1296 1679 1405 1725 (conf.
1442 1691 1536 1727 quae
1574 1681 1611 1717 in
1647 1680 1760 1718 Thes.

1106 1734 1233 1784 steph.
1253 1734 1311 1771 ed.
1323 1735 1430 1783 Angl.
1450 1735 1531 1771 Vol.
1552 1736 1584 1772 ΙΙ
1599 1749 1636 1786 p.
1650 1737 1761 1778 2288

1107 1794 1284 1839 congesta
1326 1793 1454 1839 sunt),
1502 1791 1559 1828 hic
1598 1793 1646 1830 de
1681 1792 1763 1829 loco

1107 1848 1266 1896 quodam
1303 1847 1466 1896 intelligo
1505 1852 1650 1898 aperto,
1693 1849 1762 1885 sub

1108 1904 1192 1949 (liu,
1231 1903 1293 1940 ubi
1329 1904 1507 1952 Sqthae,
1559 1905 1620 1953 qui
1657 1904 1762 1942 nullis

1106 1963 1295 1996 uterentur
1321 1961 1494 2007 aedibus,
1524 1961 1572 1997 ad
1603 1973 1661 1998 res
1689 1974 1762 2011 pu-

1107 2015 1218 2053 biicas
1250 2017 1460 2053 tractandas
1489 2029 1531 2054 ac
1555 2016 1762 2054 deliberan-

1108 2073 1173 2109 das
1209 2073 1484 2109 conveniebant.
1531 2072 1628 2110 Hine
1665 2079 1762 2111 recte

1107 2128 1236 2177 Lange
1252 2129 1393 2166 reddit:
1423 2128 1637 2178 Ratlcplatz.

1165 2180 1383 2235 φρυγάνων
1424 2181 1612 2235 φάκελοι]
1663 2185 1688 2222 i.
1730 2198 1763 2223 e.

1107 2242 1291 2288 virgarum
1318 2254 1346 2278 s.
1375 2246 1646 2289 sannentorum,
1684 2255 1764 2277 sur-

1108 2298 1262 2334 culorum
1277 2297 1410 2347 fascc’S.
1440 2298 1537 2334 Hinc
1558 2302 1656 2334 recte
1673 2296 1763 2334 Am-

1107 2354 1249 2389 monins
1276 2355 1323 2390 de
1355 2353 1472 2390 differ.
1499 2366 1597 2390 voce.
1625 2366 1661 2402 p.
1683 2354 1757 2394 141

1109 2404 1283 2456 φάκελος
1310 2409 1465 2458 explicat
1498 2409 1665 2460 φορτίον
1698 2405 1763 2456 ξύ-

1107 2467 1199 2503 λων.
1251 2465 1312 2501 Tu
1346 2466 1388 2501 cf.
1426 2465 1563 2502 Herod.
1602 2465 1670 2511 iV,
1708 2467 1761 2505 67

1108 2520 1270 2570 Euripid.
1291 2520 1439 2570 Cyclop.
1463 2522 1555 2561 241.
1592 2521 1650 2557 Ad
1671 2532 1763 2560 συν-

1109 2575 1287 2615 νενέαται
1312 2578 1407 2613 cons.
1441 2577 1574 2614 matth.
1601 2578 1665 2614 Gr.
1695 2577 1762 2614 Gr.

1106 2645 1191 2683 pag.
1216 2632 1311 2673 475.
1360 2633 1459 2669 Citat
1485 2634 1575 2671 haec
1600 2633 1760 2681 Etymol.

1106 2702 1227 2738 magn.
1254 2702 1337 2738 pag.
1358 2691 1461 2734 599,
1492 2691 1556 2731 53.
1594 2689 1761 2727 Eustath.

1105 2747 1155 2781 ad
1186 2746 1225 2782 ll.
1255 2745 1320 2781 ΠΙ
1346 2759 1381 2795 p.
1403 2747 1506 2792 566,
1539 2748 1589 2785 17
1615 2759 1643 2782 s.
1666 2746 1762 2792 689,

1108 2804 1173 2842 12.
1191 2822 1248 2831 -
1275 2800 1336 2839 Ad
1358 2797 1455 2841 ὅσον
1475 2815 1513 2841 τε
1536 2800 1674 2853 (ferme,
1693 2803 1761 2839 οἰτ-
