1863 3256
99 292 187 312 uum:
212 284 253 312 ibi
273 284 379 311 Exam-

102 327 177 354 paeo
198 318 226 344 fo
229 322 280 344 nte
301 318 380 345 inte-

102 356 166 379 ctus
205 351 244 378 tv
262 350 290 377 di
284 359 379 378 nerum

101 385 234 445 :pnngugi
237 393 359 445 ³:1¹8an
351 394 379 446 ¹'e

433 182 518 222 886

832 178 1301 218 HERODOTI

436 287 654 343 ποταμός,
686 287 773 344 ῥέει
802 288 872 332 ἐπὶ
901 289 980 344 μὲν
1001 287 1127 332 πέντε
1146 285 1345 343 ἡμερέων
1366 285 1504 328 πλόον
1531 285 1706 341 βραχύς,

434 360 509 402 καὶ
527 357 690 414 mvnvs

714 358 799 402 ε’·τι
849 358 933 402 ἀπὸ
959 359 1004 402 δὲ
1026 357 1207 409 τούτου,
1237 356 1346 410 πρὸς
1366 356 1591 412 θαλάσσης
1612 368 1707 400 τεσ-

102 452 138 478 d
131 453 179 479 ...fl
184 454 223 479 521
257 460 316 478 m...
300 453 378 480 ,sum
409 430 581 483 3σέρων
603 427 801 485 ἡμερέων
822 427 988 477 πλόον,
1017 427 1174 482 πικρός
1196 430 1339 478 αἰνῶς.
1378 427 1548 471 ἐκδιδοῖ
1561 429 1645 483 γάρ
1666 428 1707 477 ἐς

101 494 139 547 alp
131 486 182 514 »ud
199 486 345 513 Alazonan
331 494 381 513 aa

111 521 188 555 lyra
204 519 302 554 spatio
286 519 381 547 ndis-

103 564 152 582 ιιιιι
137 559 221 581 niet

439 499 577 543 αὐτον

382 674 566 724 Μαιῆτίς
585 688 624 712 τε
643 671 822 712 καλέεται
850 672 918 712 καὶ
945 669 1043 725 μή·

381 746 470 782 τηρ
495 731 583 768 τοῦ
618 726 839 777 Πόντου,
880 744 954 780 quo
981 744 1045 767 eo-

381 789 466 825 dem
497 786 609 823 modo
644 786 784 823 locutus
812 791 867 824 est
888 787 1043 836 Dionys.

382 844 526 891 Perieg.
563 842 642 883 165
675 842 752 879 coll.
783 842 875 879 Plin.
908 843 956 879 H.
995 842 1042 879 N.

382 899 452 944 VI,
485 901 523 938 7.
574 897 703 936 Avien.
737 898 918 949 Descript.
950 899 1043 935 Orb.

382 953 476 996 245.
512 955 576 991 Or.
609 955 729 992 marit.
753 956 848 996 393.
900 954 931 990 A
972 967 1045 1003 quo

382 1024 454 1048 non
475 1011 610 1058 differt,
628 1012 728 1061 quod
750 1015 846 1048 teste
863 1011 1046 1048 Strabone

381 1068 413 1103 V
440 1079 526 1118 pag.
550 1068 634 1108 214
663 1081 698 1118 p.
735 1068 813 1108 109
840 1067 1045 1104 Tzschuck.

381 1123 520 1160 Timavi
547 1123 692 1161 accolae
720 1136 821 1160 suam
856 1124 1045 1172 regionem

382 1177 519 1231 πηγήν
549 1179 615 1218 καὶ
649 1178 796 1230 μητέρα
835 1176 1045 1229 θαλάσσης

380 1237 653 1287 perhibuerunt.
685 1237 808 1285 Atque
829 1238 974 1287 saepius
995 1237 1044 1273 sie

380 1297 572 1330 occurrunt
588 1296 713 1344 pater,
743 1296 874 1339 mater,
901 1306 1042 1342 parens,

381 1354 424 1386 ut
443 1349 582 1386 monuit
605 1349 823 1387 Tzschucke
852 1350 898 1386 ad
922 1349 1044 1386 Melae

381 1405 404 1443 l.
423 1405 446 1444 l.
478 1418 565 1456 pag.
591 1408 644 1446 37
676 1411 770 1442 nott.
799 1419 928 1455 exegg.
960 1405 1043 1442 vol.

379 1461 432 1499 ΙΙΙ
455 1461 497 1498 P.
520 1462 577 1510 ll,
618 1461 779 1499 ,Maeotis
808 1468 929 1500 autem
951 1461 1043 1498 Ma-

381 1521 434 1555 ter
453 1516 564 1554 Ponti
591 1518 685 1555 hanc
705 1519 753 1555 ob
775 1531 920 1555 causam
944 1519 1044 1556 dice-

380 1575 506 1620 batur,
536 1575 638 1623 quod
661 1575 766 1611 huius
781 1574 840 1611 ille
861 1575 965 1624 quasi
988 1575 1044 1623 gi-

343 1659 345 1661 .
380 1630 505 1679 gnitur
523 1630 628 1679 aquis
653 1635 691 1668 et
709 1630 812 1667 alitur
830 1631 905 1668 sive
925 1631 1042 1668 incre-

380 1690 507 1724 menta
540 1687 647 1737 capit.
703 1687 838 1724 Ritter.
870 1686 1042 1725 Vorhalle

379 1755 467 1794 pag.
484 1742 538 1783 57
559 1756 637 1792 seq.
656 1743 736 1780 coll.
761 1743 840 1784 185
858 1743 1044 1781 huiusmo-

381 1800 418 1836 di
438 1798 700 1850 appellationes
721 1800 768 1836 ad
789 1800 941 1838 Veneris
966 1801 1043 1838 sive

379 1854 544 1905 Magnae
571 1857 732 1893 omnium
762 1856 798 1893 in
829 1861 958 1894 natura
982 1870 1041 1894 re-

379 1925 461 1949 rum
498 1911 632 1949 Matris
675 1913 808 1950 cultum
852 1914 901 1950 ad
933 1913 1040 1950 Ponti

380 1981 466 2005 oras
485 1981 529 2006 ex
540 1969 645 2005 India
663 1968 809 2006 allatum
832 1971 955 2007 refert.
984 1969 1042 2006 De

380 2037 454 2075 quo
478 2025 557 2075 ipse
577 2025 709 2062 viderit
726 2026 781 2063 vir
799 2026 1041 2063 doctissimus.

437 2080 503 2120 ἐπὶ
562 2078 634 2131 μὲν
693 2080 810 2121 πέντε
859 2080 1042 2133 ἡμερέων

378 2134 523 2187 πλόον]
558 2138 726 2182 Quatuor
742 2139 882 2176 dierum
899 2139 1043 2186 itInera,

378 2206 475 2243 quae
501 2207 584 2231 mox
605 2195 865 2245 proferuntur,
895 2195 925 2232 si
948 2196 1042 2233 adii-

380 2249 548 2297 ciuntur,
588 2263 718 2289 novem
748 2252 887 2289 dierum
917 2252 1043 2290 existit

380 2306 473 2352 iter,
511 2307 612 2355 quod
639 2321 717 2345 cum
747 2309 846 2345 fluvii
876 2308 1040 2358 longitu-

379 2362 484 2407 dine,
536 2375 633 2411 quae
656 2369 712 2401 est
743 2365 931 2414 octoginta
962 2365 1041 2401 mil-

377 2416 497 2463 liam,
546 2421 739 2457 convenire
775 2426 900 2458 monet
932 2420 1041 2458 Man-

377 2478 471 2512 nert.
495 2473 542 2510 1V
571 2487 654 2524 pag.
676 2477 743 2515 75.
772 2497 827 2503 —-
866 2477 906 2512 In
937 2490 1039 2525 seqq.

378 2530 505 2580 scripsi
534 2544 613 2567 cum
633 2531 838 2581 Schweigh.
864 2537 901 2569 et
922 2533 1039 2570 Gaiss.

380 2582 530 2637 βραχῦς
561 2586 630 2625 καὶ
668 2586 814 2638 γλυκύς
847 2587 938 2634 ἔτι,
980 2589 1039 2625 ubi

379 2655 446 2693 pro
467 2641 522 2681 ἔτι
541 2643 648 2692 vulgo
669 2643 769 2690 ἐστί,
795 2645 895 2693 quod
919 2645 1038 2694 ipsum

379 2699 525 2736 retinuit
545 2698 741 2737 Matthiae.
772 2700 880 2750 Apud
902 2700 1037 2738 Melam

376 2753 398 2792 l.
428 2754 450 2792 l.
478 2755 650 2803 legimus:
711 2784 736 2803 „
750 2757 959 2807 (Hypanis)
999 2761 1038 2794 et

376 2810 463 2857 diu,
501 2811 621 2860 qualis
647 2816 753 2849 natus
778 2818 856 2859 est,
895 2813 1037 2850 dessuit.

615 499 754 554 κρήνη
792 498 949 556 πικρὴ,
991 499 1108 543 οὕτω
1146 497 1199 553 δή
1237 515 1278 540 τι
1309 498 1444 542 ἐοῦσα
1472 514 1628 554 πικρη,
1678 499 1707 554 ἢ

1103 673 1273 711 Tandem
1303 686 1377 710 non
1405 674 1517 720 longe
1548 687 1570 711 a
1601 675 1692 711 mari
1718 687 1761 712 ex

1100 742 1214 780 parvo
1236 731 1358 777 sonte,
1392 733 1448 767 cui
1472 731 1682 780 Exampaeo
1701 744 1762 768 co-

1101 798 1261 833 gnomen
1282 791 1349 831 est,
1371 787 1464 824 adeo
1483 799 1625 824 amaras
1647 799 1762 836 aquas

1101 843 1229 891 accipit
1243 871 1253 887 ,
1283 848 1322 878 ut
1343 844 1421 891 ipse
1440 856 1587 892 quoque
1613 844 1683 880 iam
1705 845 1760 880 sui

1101 898 1283 934 dissimilis
1305 902 1341 934 et
1361 911 1434 934 ιιοιι
1461 899 1575 935 dulcis
1595 898 1678 936 hinc
1696 901 1762 937 de-

1102 955 1243 990 ssuat.“

1159 1005 1302 1060 πικρὸς
1322 1009 1458 1059 αἰνῶς]
1499 1009 1684 1060 Hesychio
1703 1009 1761 1046 in-

1102 1071 1263 1116 terprete
1284 1065 1298 1101 l
1319 1079 1402 1116 pag.
1428 1066 1506 1108 164
1525 1067 1648 1112 αἰνῶς
1667 1065 1762 1104 valet

1104 1123 1243 1168 δεινῶς
1266 1122 1331 1160 καὶ
1353 1125 1550 1172 χαλεπῶς,
1581 1122 1648 1161 καὶ
1671 1123 1762 1161 λίαν

1101 1175 1130 1228 ἢ
1149 1174 1326 1229 μάλιστα.
1359 1180 1416 1216 Cf.
1441 1179 1501 1226 lv,
1521 1182 1573 1221 61
1593 1179 1672 1217 coll.
1695 1181 1760 1219 76.

1101 1235 1269 1286 Apollon.
1287 1236 1408 1273 Rhod.
1433 1236 1496 1281 ΙΙΙ,
1522 1238 1587 1282 15,
1607 1235 1702 1278 480.

1160 1287 1264 1330 οὕτω
1293 1287 1343 1340 δή
1374 1307 1410 1330 τι
1434 1291 1554 1331 ἐοῦσα
1581 1307 1615 1330 κ.
1643 1307 1676 1330 τ.
1709 1291 1758 1343 λ.]

1100 1346 1159 1384 Ad
1183 1348 1248 1385 loci
1275 1352 1493 1385 structuram
1513 1350 1557 1388 cf.
1579 1348 1761 1387 Matthiae

1101 1404 1166 1441 Gr.
1187 1405 1252 1441 Gr.
1274 1403 1310 1455 ἓ.
1332 1405 1413 1445 479
1432 1412 1509 1441 not.
1533 1408 1553 1446 1
1576 1418 1661 1456 pag.
1677 1405 1760 1446 895

1101 1458 1138 1510 ἓ.
1159 1459 1256 1506 487,
1277 1463 1304 1502 4
1322 1474 1357 1510 p.
1382 1463 1475 1502 912.
1527 1462 1668 1505 Quibus
1693 1462 1758 1499 Cr.

1101 1517 1320 1567 adscripsit:
1386 1519 1532 1564 „Confi
1574 1518 1760 1555 Schaeseri

1099 1573 1242 1610 Melett.
1269 1587 1305 1623 p.
1325 1576 1389 1613 71.
1427 1574 1549 1611 Fluxit
1566 1579 1686 1612 autem
1704 1575 1762 1611 hic

1099 1642 1186 1666 usus
1224 1630 1462 1667 Herodoteus
1503 1643 1547 1668 ex
1582 1631 1759 1668 Homero.

1098 1686 1181 1722 vid.
1201 1686 1337 1736 Odyss.
1356 1686 1454 1734 XlV‚
1474 1685 1558 1728 402
1575 1709 1618 1714 —
1634 1687 1761 1728 404.“

1100 1741 1338 1780 Valckenaer.
1348 1743 1505 1781 afferens
1518 1745 1617 1781 locos
1630 1744 1656 1790 1,
1669 1745 1759 1785 163.

1100 1798 1164 1845 ΙΙΙ,
1187 1801 1277 1839 120.
1299 1799 1360 1844 lV,
1383 1801 1448 1840 28.
1474 1800 1566 1847 184,
1578 1800 1678 1850 fon-5,
1696 1801 1759 1846 ait,

1099 1855 1184 1892 adeo
1205 1859 1281 1892 erat
1296 1869 1452 1901 amarus,
1481 1860 1535 1904 ut,
1557 1869 1662 1907 quum
1685 1858 1760 1894 exi-

1097 1925 1193 1960 gnus
1211 1915 1318 1960 esset,
1356 1911 1534 1963 Hypanin
1557 1915 1696 1964 flumen
1720 1915 1760 1949 in

1094 1971 1224 2019 paucis
1251 1981 1418 2018 magnum
1445 1972 1590 2007 vitiaret
1625 1971 1760 2008 amari-

1099 2026 1258 2063 tudinem
1277 2038 1378 2062 suam
1394 2026 1579 2064 miscendo.
1636 2026 1760 2076 Atque

1098 2084 1218 2136 κιρνᾷ
1263 2083 1360 2120 idem
1407 2083 1484 2120 vult
1524 2096 1605 2122 esse
1647 2088 1761 2132 atque

1100 2136 1253 2178 ἄποτον
1273 2137 1418 2185 ποιέει,
1448 2145 1488 2177 ut
1508 2141 1602 2177 insta
1622 2139 1760 2178 Noster

1098 2194 1259 2245 loquitur
1288 2195 1357 2243 lV,
1394 2198 1472 2242 81,
1508 2197 1672 2234 eiusdem
1706 2195 1759 2232 rei

1098 2252 1320 2290 mentionem
1338 2253 1485 2290 faciens.
1516 2252 1635 2296 Quem
1653 2264 1760 2302 prae-

1098 2312 1155 2346 ter
1180 2308 1268 2346 Mel.
1301 2309 1323 2348 l.
1355 2308 1378 2345 l.
1408 2313 1647 2358 respexerunt
1684 2308 1760 2345 Eu-

1097 2365 1206 2401 statli.
1228 2365 1275 2401 ad
1294 2365 1448 2412 Dionys.
1470 2364 1612 2413 Perieg.
1637 2363 1757 2409 1143,

1097 2420 1220 2458 Athen
1256 2421 1288 2458 ΙΙ
1317 2434 1351 2470 p.
1373 2421 1425 2460 43
1447 2421 1488 2457 C.
1514 2420 1559 2458 D.
1599 2421 1758 2458 Pausan.

1098 2476 1160 2522 lv,
1173 2477 1241 2522 35,
1267 2476 1338 2512 alii.
1370 2476 1490 2526 lpsuin
1515 2478 1655 2514 sontem
1673 2490 1762 2528 pro-

1096 2546 1144 2583 pe
1166 2533 1290 2570 urbem
1309 2532 1487 2579 Braelow,
1518 2538 1558 2570 ut
1577 2546 1673 2571 nunc
1695 2547 1758 2569 vo-

1096 2594 1219 2636 catur,
1261 2591 1511 2637 quaerendum
1536 2603 1616 2628 esse
1636 2594 1759 2627 censet

1096 2645 1278 2682 Manuert.
1305 2645 1352 2681 lv
1379 2659 1415 2695 p.
1449 2646 1514 2687 94.
1558 2646 1753 2684 Reiehard.

1095 2714 1131 2750 p.
1155 2702 1207 2742 25
1235 2702 1364 2750 respici
1387 2707 1491 2752 putat
1508 2702 1624 2740 locum
1639 2715 1755 2752 quen-

1095 2758 1180 2794 dam
1212 2757 1408 2804 Podoliae‚
1447 2760 1595 2796 nomine
1623 2758 1754 2808 Lady-

1095 2814 1217 2860 schin,
1251 2814 1300 2850 ad
1325 2815 1596 2852 meridionalem
1624 2815 1756 2866 Hypa-
