1863 3256
469 132 554 173 320
867 131 1339 172 HERODOTI

135 242 414 304 pffffli’ssjmfflssssss-
472 240 519 284 δὲ
556 241 629 284 καὶ
659 243 735 296 τῆς
763 241 941 297 τρηχέης
976 245 1121 297 χῶρον
1154 240 1342 293 πολλὸν,
1390 239 1584 283 οἰκέουσι
1614 239 1733 284 ὑπώ-

134 310 333 378 ‘32220103235
350 310 414 338 ‘¹⁰‘
472 327 579 367 ρεαν
622 310 791 366 οὐρέων
842 313 1024 368 ὑψηλῶν
1069 313 1301 366 ἄνθρωποι
1345 308 1572 366 λεγόμενοι
1619 309 1789 354 εἶναι45

469 383 624 433 πάντες
655 383 895 438 φαλακροὶ,
925 382 972 425 ἐκ
998 385 1145 438 γενεῆς
1173 380 1423 438 γινόμενοι,
1457 381 1532 424 καὶ
1562 382 1734 435 ἔρσενες

416 574 533 611 Sedes
571 572 635 608 illis
672 583 844 616 nemora,
903 571 1073 608 alimenta
1129 584 1222 620 quos
1255 572 1438 608 Gatterer.
1466 572 1544 621 (ap.
1574 570 1790 608 Billerbeek.

416 630 569 673 baccae,
609 627 758 677 capillus
788 628 887 663 iuxta
908 628 1073 665 foeminis
1130 627 1248 664 Disfic.
1268 628 1328 663 As.
1348 641 1433 678 pag.
1460 630 1526 668 26.
1569 627 1791 665 Commentt.

415 686 573 733 virisque
602 683 638 718 in
660 683 795 733 probro
823 683 1073 720 existimatur:
1130 683 1265 720 Societ.
1303 683 1474 732 Gotting.
1508 683 1592 720 xlv
1627 697 1714 734 pag.
1753 685 1791 723 6.

2 344 5 419 ἐ

2 426 6 485 ἐ

2 499 10 593 ἱ
416 517 566 554 similem
613 515 864 565 Hyperboreis
909 519 1072 563 gentem.
1129 515 1320 563 gitandum
1347 527 1428 552 esse
1456 519 1631 552 statuunt.
1692 514 1790 552 Inter

3 698 12 753 ¹.

413 743 502 777 ritus
529 739 736 777 clementes.
794 740 922 788 Itaque
952 751 1073 776 sacros

413 796 536 834 haberi
593 800 744 832 narrant
807 795 1073 843 inviolatosque

411 865 494 889 esse
526 852 634 888 etiam
664 851 749 888 feris
782 851 983 887 accolarum
1008 864 1074 900 po-

411 908 525 959 pulis:
557 921 623 945 nec
641 908 741 957 ipsos
766 908 890 953 modo,
910 906 1073 944 sedilios

415 977 585 1014 quoque,
626 964 688 1012 qui
715 964 763 1000 ad
800 976 863 1000 eos
899 964 1075 1013 profuge·

414 1022 531 1058 rint.“
570 1021 677 1065 Quae
694 1020 775 1069 ipsa
792 1032 963 1068 magnam
987 1030 1073 1069 par-

415 1082 490 1115 tem
524 1090 566 1114 ex
588 1076 781 1113 Herodoto
804 1077 973 1113 videntur
994 1087 1075 1113 esse

416 1134 559 1171 hausta.
619 1133 777 1177 Quinam
813 1145 900 1169 vero
937 1132 972 1168 hi
1006 1132 1074 1182 ipsi

416 1191 488 1228 sint
508 1193 664 1235 montes,
696 1190 744 1226 ad
764 1201 916 1238 quorum
936 1188 1074 1225 radices

414 1246 578 1284 habitare
614 1246 755 1283 dicatur
787 1258 900 1293 gens,
941 1245 1075 1294 Argip-

412 1315 599 1354 paeorum,
657 1302 733 1339 sive
774 1301 1074 1351 Arympleaeotwu

413 1360 560 1397 nomine
577 1358 764 1407 insignita,
795 1359 825 1394 si
844 1371 1075 1407 quaeramu5‚

413 1415 472 1454 De
498 1416 664 1464 Guignes
696 1414 720 1451 l.
742 1414 764 1450 l.
798 1414 856 1450 hic
885 1415 945 1463 agi
972 1419 1076 1464 putat

414 1473 462 1510 de
481 1471 665 1508 montibus
686 1471 872 1507 altioribus
885 1499 895 1515 ‚
934 1472 996 1519 qui
1017 1471 1076 1506 Si-

417 1540 502 1566 nam
522 1541 545 1565 a
563 1527 810 1577 septentrione
826 1531 938 1576 atque
956 1527 1077 1563 orien-

375 1583 377 1586 ’
417 1589 454 1622 te
472 1585 639 1632 cingant,
669 1596 896 1632 quorumque
914 1583 962 1619 ad
979 1583 1078 1619 radi-

418 1653 478 1678 ces
490 1640 780 1690 Argippaeorum
805 1640 938 1677 fuerint
958 1639 1078 1686 sedes,

417 1697 511 1734 ultra
541 1698 687 1734 deserta
709 1695 862 1733 Chamo.
922 1696 970 1732 Et
994 1708 1078 1732 con-

418 1754 541 1791 venire
559 1765 639 1790 cum
658 1752 793 1803 populo
804 1753 915 1790 Sinae
928 1765 972 1789 ea
990 1752 1079 1788 sub-

420 1810 515 1856 iicit,
560 1822 655 1858 quae
681 1809 891 1846 Herodotus
911 1810 957 1846 de
976 1808 1078 1844 huius

421 1866 541 1915 gentis
565 1866 725 1902 moribus
752 1866 922 1914 victuque
942 1877 1080 1902 memo-

420 1923 496 1960 riae
517 1922 729 1972 prodiderit.
774 1920 907 1970 Neque
925 1934 1010 1958 vero
1032 1921 1078 1958 de

419 1979 532 2016 Sinae
550 1977 688 2029 popuio
710 1978 768 2015 hic
784 1978 937 2027 cogitari
957 1990 1078 2027 posse,

420 2039 520 2072 recte
559 2039 718 2072 statuere
750 2034 892 2071 videtur
919 2033 1077 2071 Danvill.

418 2093 441 2128 l.
459 2091 480 2127 l.
497 2105 532 2141 p.
557 2091 639 2132 588
662 2104 740 2140 sq.,
774 2091 834 2140 qui
849 2090 1079 2140 Argippaeos

419 2148 630 2185 societatem
665 2148 850 2196 quandam
878 2146 1079 2183 Brachma-

418 2216 504 2240 num
539 2217 566 2240 s.
598 2203 754 2248 Lamas,
807 2208 846 2240 ut
885 2208 1080 2250 vocantur,

418 2260 529 2296 fuisse
556 2261 769 2310 suspicatur.
831 2260 915 2303 Quo
948 2260 1079 2297 eodem

420 2317 498 2353 sere
521 2317 630 2352 modo
656 2322 780 2352 nostra
803 2320 924 2353 aetate
950 2316 1079 2353 Ritter.

421 2371 624 2408 Erdknnde
654 2372 684 2408 ll
712 2386 748 2421 p.
778 2374 856 2412 691
887 2372 964 2408 coll.
986 2370 1079 2412 765.

422 2429 504 2467 892
524 2427 753 2478 Argippaeos
772 2441 838 2477 pro
852 2428 976 2464 Serica
992 2440 1082 2476 qua-

423 2485 507 2521 dam
528 2485 676 2520 natione
698 2484 826 2529 habet,
867 2497 961 2532 quae
989 2496 1082 2521 mer-

425 2545 572 2578 caturae
610 2541 717 2576 fuerit
744 2541 893 2585 dedita,
934 2539 989 2576 vel
1014 2553 1081 2589 pro

426 2597 522 2633 tribu
544 2597 700 2646 quadam
724 2595 941 2633 sacerdotali
964 2596 1081 2632 omni-

426 2665 485 2689 um
516 2653 709 2689 iustissima
743 2653 971 2700 maximeque
1009 2653 1079 2702 pia.

428 2709 512 2752 Quo
553 2710 705 2758 rectius,
747 2709 899 2758 opinor,
940 2709 998 2744 alii
1035 2708 1081 2745 de

428 2765 645 2814 Calmuccz's,
674 2779 706 2804 s.
725 2763 910 2814 Mougolis
937 2765 992 2802 hic
1021 2777 1082 2802 co-

1130 737 1204 784 42)
1222 738 1466 789 Argippaeos,
1504 752 1596 788 quos
1621 753 1687 790 pro
1703 738 1791 776 Cal-

1130 794 1263 831 muccis
1277 795 1388 832 habet
1404 796 1672 844 maioribusque
1685 796 1789 833 Hun-

1131 863 1282 895 norum,
1315 851 1363 887 ad
1382 852 1516 888 montis
1539 851 1635 888 Imaz'
1650 852 1790 890 radices

1131 907 1420 956 septentrionem
1454 920 1580 944 versus
1618 908 1654 944 in
1692 913 1792 945 terra

1135 962 1341 1010 Soongaria
1381 963 1510 1011 (quam
1544 964 1655 1001 hodie
1685 976 1793 1001 occu-

1132 1021 1222 1069 pent
1259 1020 1460 1068 Soongari‚
1517 1019 1793 1057 Calmuccorum

1133 1087 1223 1124 gens
1237 1075 1269 1123 ‚)
1298 1076 1476 1113 insedisse
1494 1076 1632 1113 statuit.
1691 1077 1793 1114 Ren-

1132 1131 1201 1168 nel.
1219 1144 1303 1180 pag.
1327 1132 1409 1172 437
1433 1144 1532 1181 seq.‚
1561 1133 1669 1170 sedes
1691 1132 1793 1181 genti

1132 1188 1296 1236 assignat
1324 1188 1360 1224 in
1386 1193 1481 1225 terra
1499 1201 1633 1238 magna
1653 1189 1792 1226 bordae

1132 1244 1383 1293 Kirgisorum‚
1423 1245 1484 1281 ubi
1516 1245 1689 1282 montium
1717 1250 1793 1282 tra-

1133 1306 1233 1346 ctus,
1272 1301 1419 1338 nomine
1438 1301 1558 1349 Arga,
1595 1302 1631 1338 in
1659 1301 1794 1350 guber-

1133 1357 1192 1393 nio
1215 1357 1433 1405 Oremburg.
1483 1358 1564 1394 Nec
1590 1357 1692 1394 aliter
1717 1358 1793 1394 sere

1131 1413 1293 1450 Heeren.
1323 1414 1435 1450 Ideen
1470 1413 1510 1458 l,
1541 1416 1568 1453 2
1597 1426 1683 1464 pag.
1710 1415 1792 1455 282

1135 1469 1214 1506 coll.
1233 1470 1326 1510 299.
1348 1472 1451 1516 300,
1481 1474 1624 1507 montes
1649 1470 1694 1506 ab
1715 1469 1795 1507 He-

1134 1525 1266 1562 rodoto
1290 1530 1590 1562 commemoratos
1619 1526 1669 1562 ad
1690 1538 1794 1563 mon-

1135 1588 1207 1619 tem
1237 1581 1327 1618 Ural
1359 1586 1525 1631 spectare
1558 1586 1683 1629 ratus,
1723 1582 1794 1619 Ar-

1135 1640 1302 1687 gz'ppaeos
1338 1651 1406 1688 pro
1436 1637 1632 1675 Calmuccz's
1671 1639 1794 1683 habet,

1135 1695 1198 1744 qui
1219 1694 1267 1731 ad
1288 1694 1483 1743 Mongolos
1504 1696 1735 1745 pertineant,
1757 1699 1795 1733 et

1134 1750 1374 1801 probabiliter
1387 1751 1424 1787 in
1444 1752 1660 1789 occidentali
1684 1751 1795 1788 Mon-

1135 1806 1253 1855 goliae
1277 1811 1401 1857 parte,
1430 1808 1466 1844 in
1489 1820 1556 1854 ea,
1581 1820 1677 1857 quae
1698 1820 1794 1844 nunc

1135 1863 1367 1911 hirgisorum
1387 1868 1455 1910 est,
1473 1865 1636 1913 regione,
1653 1863 1795 1901 habita-

1134 1921 1218 1956 rint.
1266 1919 1364 1956 Nam
1395 1921 1517 1957 ineos
1548 1933 1641 1957 unos
1663 1932 1796 1958 conve-

1135 1976 1213 2013 nire
1242 1976 1368 2023 addit,
1408 1988 1503 2025 quae
1530 1976 1599 2013 h(c
1631 1976 1712 2013 loco
1748 1977 1796 2013 de

1134 2032 1427 2081 Argippaeorum
1469 2032 1628 2069 moribus
1660 2045 1703 2070 ac
1741 2033 1794 2070 vi-

1136 2089 1245 2126 vendi
1272 2101 1407 2137 genere
1432 2089 1635 2128 tradantur.
1687 2089 1795 2133 Quae

1137 2156 1218 2182 cum
1245 2145 1296 2181 ita
1325 2146 1421 2192 sint,
1457 2145 1609 2183 Bohlen.
1634 2146 1793 2193 (Indien.

1137 2201 1152 2238 l
1181 2214 1265 2251 pag.
1293 2203 1392 2249 100)
1417 2201 1450 2238 h.
1473 2201 1494 2238 l.
1526 2202 1562 2238 in
1590 2203 1794 2238 universum

1138 2257 1336 2306 Mongolos
1365 2258 1513 2295 indicari
1543 2257 1639 2294 haud
1664 2258 1795 2295 iniuria

1138 2319 1301 2351 statuere
1332 2315 1484 2351 videtur.
1543 2312 1599 2350 Ac
1638 2315 1795 2363 denique

1138 2370 1331 2407 Reichard.
1362 2370 1384 2406 Ι.
1417 2370 1439 2407 Ι.
1470 2381 1554 2419 pag.
1580 2370 1632 2409 35
1662 2371 1796 2421 Argip-

1138 2438 1310 2476 paeorum
1338 2427 1491 2474 vestigia
1518 2427 1716 2463 arbitratur
1735 2440 1797 2464 co-

1139 2483 1265 2529 gnosci
1316 2483 1350 2518 in
1394 2483 1502 2519 fluvio
1548 2482 1796 2533 Arche'powka‚

1139 2539 1239 2586 quod
1261 2538 1444 2575 brachium
1465 2552 1543 2576 esse
1567 2540 1678 2576 fertur
1697 2541 1795 2576 fluvii

1140 2594 1445 2644 'l'schussowajae
1513 2596 1550 2632 in
1617 2597 1796 2645 gubernio

1139 2650 1257 2687 Perm.

1195 2706 1415 2757 φαλακροὶ,
1455 2706 1496 2746 ἐκ
1522 2710 1660 2759 γενεῆς
1690 2703 1795 2760 γινό-

1140 2762 1267 2815 μενοι]
1319 2764 1459 2802 Eadem
1496 2765 1544 2803 de
1569 2765 1794 2816 Arimphaeis
