1863 3256
528 290 629 329 TH
659 290 691 325 Α
722 288 798 327 LI
832 288 873 326 Α.
935 289 997 327 lll.

96 406 116 440 3
127 401 274 456 θῆναι.

1312 299 1395 337 22ἴ

343 398 600 449 ἀποκτείνας
639 398 685 442 δέ
726 415 802 454 μιν
851 395 937 442 οὐκ
979 397 1108 451 ἀξίως
1157 397 1450 457 ἅπηγήσιος35

118 469 337 526 Ὀροίτης,
374 468 688 525 ἀνεσταύρωσε.
748 472 837 513 τῶν
876 469 922 513 δέ
966 470 1010 513 οἱ
1041 469 1267 525 ἑπομένων
1297 472 1395 517 ὅσοι

120 543 198 598 μὲν
237 536 349 598 ἦσαν
389 539 578 595 Σάμιοι,
631 539 791 597 α’πῆκε,
837 538 1030 585 κελεύων
1070 541 1207 598 σφέας
1248 542 1396 602 ἑωυτῷ

118 612 248 668 χάριν
293 609 475 659 εἰδέναι,
525 612 680 664 ἐόντας
724 612 1006 667 ἐλευθέρους·
1058 613 1158 657 ὅσοι
1199 614 1245 658 δὲ
1284 610 1397 670 ἦσαν

119 682 252 735 ξεῖνοί
279 697 322 724 τε
352 682 426 725 καὶ
456 684 610 726 δοῦλοι
639 687 727 727 τῶν
756 682 997 739 ἑπομένων,
1025 681 1072 725 ἐν
1102 681 1395 739 ἀνδραπόδων

87 751 231 808 4λόγῳ
269 751 529 809 ποιεύμενος
569 753 661 811 εἶχε,

736 753 1026 810 Πολυκράτης
1066 754 1111 798 δὲ
1152 754 1395 814 ἅνακρεμᾰ-

117 839 270 880 μενος,
334 825 521 870 ἐπετέλεε
568 830 712 870 πᾶσαν
759 827 840 884 τήν
885 826 991 875 ὄψιν
1037 830 1113 882 τῆς
1154 828 1452 885 θυγατρός·4ο

116 896 271 941 ἐλοῦτο
304 896 383 952 μὲν
411 897 495 954 γάρ
525 896 612 942 ὑπὸ
643 903 726 943 τοῦ
747 898 854 951 Διὸς
886 898 999 949 ὅκως
1027 897 1124 950 ὕοι,
1155 898 1317 955 ἐχρίετο
1348 901 1395 946 δὲ

60 1065 186 1116 Sylb.:
218 1059 532 1129 μεγαλοπρέπεια
555 1062 610 1113 δὲ,
636 1081 727 1117 αρε-

61 1138 110 1174 τη
150 1121 193 1162 ἐν
234 1118 495 1173 δαπανήμασι
533 1121 650 1174 μεγέυ
633 1127 730 1169 Λους

60 1177 272 1231 ποιητικὴ,
315 1179 562 1246 μικροψυχία
593 1177 634 1218 ὁὲ
661 1179 728 1219 καὶ

63 1235 349 1289 μικροπρὲπεια
372 1231 494 1274 τοῖναι
499 1236 571 1274 τία.
623 1237 729 1280 Quae

62 1305 134 1330 una
158 1307 235 1330 cum
255 1293 332 1330 aliis
352 1292 474 1329 attulit
486 1292 657 1329 Creuzer.
680 1294 727 1329 ad

61 1349 194 1387 Plotin.
215 1350 261 1387 de
277 1349 420 1400 pulerit.
445 1361 529 1399 pag.
549 1351 643 1390 239.
676 1350 729 1387 Ut

61 1406 174 1455 igitur
220 1404 507 1458 μικροπρεπεια
540 1406 729 1443 illiberale?-

62 1467 132 1510 tas,
164 1463 214 1499 ita
234 1460 548 1515 μεγαλοπρέπεια
568 1463 728 1499 liberali-

62 1524 119 1556 tas
150 1532 192 1557 ea
222 1525 302 1568 est,
335 1533 430 1570 quae
457 1519 495 1556 in
524 1521 728 1569 magnificis

61 1576 166 1614 factis
190 1576 344 1614 dictisve
373 1576 490 1614 elucet
511 1577 729 1627 magnisque

62 1633 100 1670 in
122 1633 428 1682 cogitationibus3
459 1634 590 1683 quibus
618 1647 726 1671 nemo

61 1689 290 1739 Polycratem
343 1691 564 1738 antecessit,
630 1695 727 1728 teste

62 1746 271 1793 Herodoto,
302 1747 401 1784 cuius
423 1747 593 1784 iudicium
616 1747 728 1784 veris-

63 1803 191 1839 simum
220 1816 301 1841 esse
329 1805 544 1854 pronuntiat
562 1804 728 1841 l’anoska

63 1860 237 1897 Samiorr.
267 1860 341 1897 Res
379 1873 464 1910 pag.
496 1858 563 1907 43,
596 1861 625 1897 εἰ
653 1860 728 1899 scil.

62 1917 218 1953 virtutes
242 1917 308 1953 viri
339 1917 555 1966 animusque
586 1921 624 1955 et
652 1919 727 1954 sor-

65 1973 224 2009 tissimus
248 1977 285 2010 et
310 1974 629 2023 prudentissimus,
665 1973 730 2010 ali-

62 2033 201 2079 quanto
222 2029 369 2078 quidem
396 2031 503 2068 etiam
525 2031 644 2067 minus
673 2030 728 2067 iu-

64 2090 154 2133 stus,
184 2087 250 2124 sed
275 2090 447 2124 constans
469 2087 506 2124 in
527 2087 727 2138 propositis

63 2142 266 2180 consiliisve
286 2144 568 2181 contendantur.

121 2194 197 2238 οὔκ
226 2194 347 2247 οἷξίως
378 2195 621 2253 οἷπηγήσιος]
654 2200 730 2238 Lo-

64 2257 248 2294 cutionem
284 2257 444 2294 imitatus
479 2262 534 2295 est
565 2258 727 2295 Pausan.

63 2312 127 2359 lll,
152 2314 200 2352 11
237 2311 274 2364 ὃ.
299 2315 333 2359 1,
365 2314 425 2350 ubi
455 2315 529 2352 vid.
562 2314 727 2352 Siebelis.

63 2369 203 2406 Auctor
228 2373 285 2407 est
312 2371 446 2407 Strabo
466 2371 565 2418 XIV,
592 2375 609 2411 1
642 2384 728 2422 pag.

66 2427 147 2466 638
169 2439 196 2462 s.
216 2424 299 2466 945
320 2428 362 2464 C.
396 2427 620 2477 Polycratem
643 2429 728 2465 dolo

66 2486 214 2533 captum
228 2483 455 2521 aPersarum
478 2488 626 2535 satrapa
649 2498 730 2522 sus-

66 2551 218 2587 pensum
246 2552 339 2577 esse.
398 2540 447 2578 At
463 2541 557 2578 cruci
582 2542 730 2579 affixum

69 2606 149 2632 esse
187 2591 625 2649 (ἀνασκολοπισθῆναι)
655 2598 730 2634 Ρο-

67 2649 241 2699 lycratem
261 2657 299 2690 et
319 2653 499 2691 Lucianus
520 2654 730 2705 Contempl.

69 2704 105 2756 ἓ
130 2706 180 2747 14
206 2721 241 2758 p
262 2709 311 2749 51
343 2710 392 2747 Τ.
414 2711 463 2747 III
491 2711 574 2761 Bip.
600 2716 636 2748 et
657 2711 730 2748 Dio

70 2762 320 2812 Οὴτ)5ο5ῐοιη.
356 2767 421 2804 Or.
447 2767 552 2804 XVII
584 2780 618 2817 p
647 2768 725 2807 251

68 2819 231 2856 tradunt.
321 2822 443 2871 Ipsum
504 2824 731 2874 supplicium,

71 2876 170 2924 quod
199 2876 412 2915 Herodotus
437 2879 553 2917 relatu
578 2881 731 2929 dignum

70 2935 198 2982 negat,
229 2933 380 2982 Insignis
404 2936 513 2974 fuisse
535 2937 732 2976 crudelita-

785 1067 851 1112 tis,
881 1066 938 1103 vix
966 1066 1078 1104 dubio
1106 1069 1216 1104 caret.
1278 1066 1450 1105 Excoria-

785 1124 921 1160 tionem
943 1124 1053 1160 fuisse
1071 1125 1275 1173 suspicatur
1294 1123 1449 1162 lVessel.

786 1193 865 1217 cum
889 1180 1096 1216 Casaubon.
1121 1180 1290 1217 Exci-citt.
1314 1182 1361 1218 ad
1374 1180 1452 1218 An-

786 1236 867 1273 nall.
900 1236 1035 1272 Baron.
1064 1237 1152 1273 XVI
1184 1249 1219 1285 p.
1247 1236 1348 1282 615·,
1379 1251 1451 1287 qua

786 1293 934 1342 quidem
964 1293 999 1328 in
1030 1292 1257 1342 Polycratem
1285 1294 1357 1330 sint
1387 1295 1451 1330 ab-

785 1350 865 1396 usi,
896 1350 1033 1400 quippe
1069 1363 1148 1386 cum
1188 1348 1324 1387 Persae
1356 1352 1451 1388 cruci

787 1407 1003 1454 suffigendis
1058 1407 1179 1456 capita
1238 1411 1451 1456 amputasse

785 1468 848 1499 aut
870 1462 999 1512 pellem
1023 1463 1223 1500 detraxisse
1248 1463 1450 1501 videantur.

786 1519 898 1563 Quod
919 1519 955 1556 in
980 1520 1175 1569 Bagapate
1200 1520 1335 1557 factum
1356 1534 1450 1569 esse,

787 1577 931 1613 Ctesias
956 1576 1042 1613 Exc.
1062 1577 1181 1613 Perss.
1204 1574 1241 1626 ᾗ.
1264 1576 1317 1616 59
1343 1590 1452 1615 enar-

786 1637 854 1670 rat.
914 1632 995 1670 Alia
1013 1633 1114 1670 dabit
1126 1634 1289 1670 Brisson.
1303 1634 1349 1672 ‹le
1369 1647 1449 1683 reg.

784 1690 888 1728 Pers.
907 1690 1062 1740 princip.
1082 1690 1127 1737 ll,
1153 1689 1247 1732 215.
1268 1692 1362 1732 217.
1393 1691 1451 1730 De

784 1751 974 1796 tempore,
1006 1759 1079 1795 quo
1110 1746 1320 1796 Polycrates
1348 1748 1450 1795 obiit,

786 1804 939 1840 diximus
961 1803 1009 1839 ad
1031 1803 1092 1851 III,
1118 1805 1208 1843 121.

842 1883 930 1926 ὅσοι
952 1883 1024 1937 μὲν
1043 1880 1146 1936 ἦσαν
1159 1881 1322 1938 Σάμιοι]
1345 1882 1451 1941 ἦσαν

786 1944 873 1995 (pro
898 1943 1010 1992 ἕσαν)
1030 1949 1066 1981 et
1088 1944 1122 1980 h.
1143 1943 1164 1980 l.
1189 1950 1224 1982 et
1246 1946 1450 1997 paulopost

786 2001 966 2051 rescripsi,
997 2001 1181 2037 codicibus
1212 2001 1261 2038 sic
1291 2003 1450 2040 iubenti-

787 2058 864 2094 bus.
924 2058 981 2095 De
1011 2070 1076 2094 usu
1106 2058 1289 2108 participii
1309 2060 1345 2096 in
1370 2073 1451 2098 ver-

786 2116 861 2152 bis:
894 2110 1031 2161 ἒόντας
1056 2112 1291 2165 ἐλευθέρους
1311 2117 1448 2155 consul.

787 2172 967 2209 Matthiae
989 2171 1054 2207 Gr.
1077 2171 1142 2207 Gr.
1165 2184 1250 2221 pag.
1267 2174 1450 2213 1088.—

787 2228 845 2265 Ad
863 2229 973 2266 verba
993 2226 1034 2266 ἐν
1057 2222 1323 2278 ἄνδραπὸδων
1344 2225 1449 2284 λόγῳ

786 2286 861 2322 VId.
883 2290 976 2322 nott.
997 2285 1045 2321 ad
1064 2285 1129 2329 III,
1160 2287 1246 2324 121.

845 2368 899 2408 ἐπ
913 2385 927 2408 ε
938 2385 957 2408 τ
969 2366 986 2407 ἑ
997 2371 1016 2407 λ
1029 2383 1045 2408 ε
1058 2367 1088 2419 ε]
1117 2370 1252 2416 „Confi
1265 2382 1373 2421 supra
1386 2368 1449 2416 III,

791 2426 890 2468 124:
912 2424 1086 2465 ἐπιτελέα
1098 2430 1136 2463 et
1155 2425 1265 2472 l‚43:
1292 2424 1451 2476 ἐξέπλη-

788 2496 830 2522 σε
849 2485 921 2522 τοῦ
940 2478 1099 2535 ὀνείρου
1118 2479 1191 2532 τήν
1212 2478 1367 2534 φήμην.
1392 2484 1450 2520 Cf.

786 2540 837 2577 Vl
852 2569 863 2586 ,
907 2540 987 2580 140
1028 2544 1063 2577 et
1100 2539 1233 2577 adhibe
1274 2539 1449 2577 Valcken.

787 2596 923 2634 scholia
950 2597 988 2633 in
1015 2596 1062 2634 N.
1086 2596 1132 2633 T.
1167 2593 1229 2647 (A.
1254 2595 1294 2634 Λ.
1321 2609 1399 2647 cap.
1428 2599 1446 2636 1

786 2667 837 2690 vs.
863 2654 913 2694 15
932 2666 1021 2703 pag.
1036 2653 1140 2699 321)
1161 2653 1283 2702 ibique
1306 2654 1353 2690 de
1370 2652 1451 2691 ἐπι·

787 2708 1002 2758 τελέεσθαι,
1022 2708 1130 2755 τέλος
1155 2723 1183 2746 5.
1202 2709 1326 2761 πέρας
1337 2708 1449 2759 ἔχειν,

788 2766 988 2815 ἐξελθεῖν,
1017 2762 1192 2816 ἐξήκειν,
1223 2765 1450 2813 ἐκπεραίνε-

789 2828 888 2863 σθαι
912 2829 950 2861 et
970 2825 1193 2874 πληρωθῆι
1200 2838 1249 2861 αι
1262 2824 1288 2842 “
1320 2821 1450 2858 Creu-

789 2894 877 2918 zer.
925 2880 983 2916 Ad
1008 2875 1154 2917 verba
1140 2875 1242 2925 ὅκως
1266 2873 1333 2915 ἱόι
1353 2876 1449 2914 conf.

788 2942 880 2974 nott.
906 2937 954 2974 ad
971 2936 999 2983 I,
1027 2938 1086 2977 ll.

1085 2990 1136 3030 15
1155 2988 1171 3006 *
