1863 3256
422 271 507 312 024

830 265 1297 309 HERODOTI

424 376 599 433 ἀγρίου·
637 379 798 435 ἔλαφος
828 379 873 421 δὲ
902 377 974 420 καὶ
1003 372 1055 426 ὗς
1079 375 1230 431 ἄγριος
1254 374 1302 418 ἐν
1321 374 1464 432 Λιβύῃ
1493 376 1670 432 πάμπαν
1682 384 1724 418 15

397 447 510 492 4οὕκ
539 449 637 492 ἔστι.
698 453 821 505 μυῶν
864 448 909 490 δὲ
948 447 1073 501 γένεα
1111 446 1233 500 τριξοὶ
1275 443 1431 489 αὐτόθι
1460 447 1568 490 ἐστί·
1627 449 1670 491 οἱ

423 519 522 575 μὲν,
556 522 726 569 δίποδες
753 517 993 561 καλέονται·
1039 519 1081 560 οἱ
1109 516 1178 570 δὲ,
1208 516 1405 573 ζεγέριες·
1443 516 1492 561 τὸ
1521 517 1567 562 δὲ
1596 517 1670 562 οὔ·

425 705 571 754 ἔλαφος
598 700 641 742 δὲ
660 699 726 740 καὶ
749 694 798 746 ’ὗς
822 696 958 754 ἄγριος·
979 699 1021 740 ἒν

369 758 506 813 Λιβύῃ
528 755 697 809 πάμπαν
717 753 791 796 οὐκ
805 756 898 807 ἔστι]
920 758 1021 794 Idem

369 819 484 856 tradit
502 814 689 852 Aristotel.
713 814 762 850 H.
782 811 827 850 A.
848 813 945 860 Vlll,
967 815 1021 852 28

368 888 403 924 p.
428 873 508 914 919
535 872 579 908 Β.
611 875 648 909 et
683 871 730 907 ad
760 882 884 906 cervos
922 869 1022 917 quod

368 930 502 966 attinet
522 927 656 964 Plinius
677 926 727 962 H.
748 925 796 962 N.
816 925 899 961 Vlll
916 924 1024 972 (51),

369 986 444 1030 33,
474 983 545 1020 alii.
574 981 783 1030 „Herodoti
808 993 910 1027 aevo,
937 981 1024 1016 scri-

369 1041 423 1077 bit
449 1039 623 1085 Wessel„
672 1039 764 1074 cervi
789 1041 827 1074 et
850 1039 931 1085 apri
959 1035 1024 1072 Li-

368 1097 463 1144 byae
503 1095 533 1131 si
573 1094 772 1139 defuerint,
830 1093 1022 1129 dicendum

370 1153 440 1190 erit
468 1150 615 1188 aliunde
645 1151 682 1186 in
704 1149 893 1197 regionem
915 1149 1025 1185 deve-

369 1208 488 1244 nisse:
527 1220 610 1244 nam
629 1206 787 1255 conspici
807 1205 887 1241 istic
907 1209 944 1241 et
962 1217 1024 1241 ve-

370 1268 461 1301 natu
495 1263 660 1312 intercipi
697 1262 818 1298 docuit
847 1260 1023 1297 Gataker.

370 1318 523 1357 Miscell.
542 1318 587 1367 II,
612 1320 637 1357 8
665 1323 703 1355 et
721 1318 839 1353 Shaw.
858 1317 980 1353 ltiner.
1007 1316 1024 1351 I

371 1389 410 1426 p.
434 1376 557 1415 323.“
588 1374 685 1418 Quin
700 1375 735 1410 in
753 1374 911 1422 picturis,
932 1384 1022 1421 quas

372 1431 545 1470 exhibent
583 1430 782 1478 Cyrenaica
821 1429 1024 1477 hypogaea,

304 1492 307 1497 “
374 1487 592 1536 conspicitur
621 1498 766 1530 cervus,
804 1488 895 1521 teste
912 1483 1022 1520 Pach.

373 1543 547 1591 (Voyage
570 1546 638 1579 etc.
661 1555 698 1591 p.
720 1542 800 1580 206
819 1553 919 1588 seq.‚
963 1539 1025 1587 qui

374 1611 398 1636 a
421 1598 569 1634 Graecis
596 1599 633 1633 in
653 1596 889 1645 Cyrenaicam
909 1595 1026 1631 addu-

374 1658 471 1691 ctum
492 1654 672 1690 existimat
691 1664 853 1699 cervum,
881 1651 1025 1688 Dianae

374 1722 399 1747 a
420 1709 617 1757 Cyrenaeis
635 1709 786 1745 maxime
807 1709 923 1745 cultae
942 1719 1027 1743 con-

375 1769 564 1803 secratum.
625 1765 667 1801 In
706 1764 876 1801 Arsinoes
918 1775 1027 1800 numo

375 1823 460 1858 item
495 1821 714 1871 conspicitur
745 1833 894 1864 cervus,
932 1823 1028 1857 teste

375 1876 524 1914 Eckhel.
543 1877 590 1914 D.
611 1876 660 1914 N.
685 1877 736 1913 lv
764 1889 801 1927 p.
825 1876 916 1915 127.
976 1874 1029 1912 Ae

377 1946 485 1979 sane,
543 1937 584 1969 ut
629 1936 751 1969 monet
788 1931 1027 1978 Leuckartus,

375 1989 591 2027 Bossmann.
636 1993 673 2025 et
705 1988 822 2024 Labat
859 1987 896 2023 in
932 1991 1030 2024 terra

379 2045 522 2082 Guinea
539 2044 687 2094 reperiri
707 2056 831 2081 cervos
850 2047 1028 2089 asserunt,

379 2113 472 2150 quos
494 2101 532 2136 iu
553 2102 649 2138 terra
667 2100 839 2136 Barbarei
865 2112 945 2136 esse
967 2099 1029 2135 di·-

377 2158 430 2194 xit
448 2157 576 2203 Shaw,
618 2160 653 2193 et
680 2157 716 2192 in
745 2155 936 2203 Abyssinia
953 2154 1031 2191 Lu-

378 2212 502 2263 dolph.
518 2216 613 2249 teste
629 2212 911 2249 Zimmermann.
930 2212 1031 2247 Geo-

379 2269 509 2318 graph.
528 2268 661 2305 Gesch.
682 2272 750 2305 etc.
778 2267 792 2303 Ι
820 2280 856 2317 p.
889 2268 970 2308 232
995 2270 1032 2303 et

378 2326 475 2364 233.
529 2323 745 2372 Intelligitur
770 2322 894 2373 procul
921 2322 1030 2359 dubio

382 2379 510 2416 Cervus
528 2380 647 2416 Dama
667 2379 775 2416 Linn.
799 2380 970 2428 frequens
993 2379 1031 2415 in

378 2434 580 2482 Abyssinia.
624 2434 676 2472 Ac
696 2436 877 2472 desectum
907 2447 1031 2472 cervo-

378 2503 457 2526 rum
478 2490 596 2526 multis
626 2492 867 2540 antiloparum
892 2491 1032 2540 specie-

380 2546 448 2582 bus
476 2546 563 2582 satis
592 2547 818 2595 compensari
842 2547 939 2582 idem
965 2546 1031 2582 ob-

379 2606 521 2647 servat3
560 2614 632 2649 quo
659 2602 786 2637 eodem
815 2602 1032 2638 observante

382 2669 443 2693 sus
461 2670 526 2707 per
546 2657 726 2706 Europam
748 2658 918 2704 frequens
938 2656 1032 2705 (Sus

384 2712 516 2762 Scrofa
536 2712 661 2760 Linn.)
692 2714 749 2748 vix
779 2713 925 2760 quidem
955 2713 1032 2748 sera

381 2770 561 2818 reperitur
578 2782 644 2819 per
663 2767 838 2814 Africam,
862 2767 920 2803 ubi
941 2767 1032 2805 aliae

382 2826 564 2873 quaedam
594 2828 733 2862 exstare
759 2825 926 2860 dicuntur
946 2835 1032 2872 spe-

384 2881 477 2928 cies,
506 2892 527 2919 e
546 2881 674 2931 quibus
693 2879 954 2918 Pleacoclwerus
970 2879 1033 2917 Fr.

1077 701 1164 739 Cuv.
1199 697 1577 750 (Warzensclm-ein);
1616 699 1727 737 Phae.

1077 755 1175 805 (sus)
1196 757 1416 806 aethiopicus
1437 762 1473 794 et
1498 757 1605 793 Phae.
1626 757 1727 804 (sus)

1076 812 1285 858 Africanus,
1329 814 1500 861 frequens
1521 813 1557 849 in
1577 813 1728 861 regione

1077 869 1270 905 Kordosan
1289 872 1326 905 et
1342 869 1534 916 Abyssiuia
1553 867 1729 914 orientali,

1083 924 1145 960 ubi
1164 924 1299 960 invenit
1326 923 1496 973 Riippell.
1526 924 1665 971 (Atlas.
1694 922 1728 960 H

1078 980 1152 1016 tab.
1175 979 1226 1019 25
1256 992 1293 1029 p.
1311 982 1360 1019 61
1386 980 1431 1026 f.)
1474 981 1530 1017 Cf.
1550 980 1611 1016 Fr.
1636 981 1729 1016 CuV.

1078 1034 1244 1071 Memoir.
1281 1035 1330 1071 du
1368 1036 1464 1073 Mus.
1494 1035 1602 1072 Tom.
1633 1034 1729 1072 Vffl.

1079 1090 1134 1127 Eo
1146 1091 1268 1137 igitur,
1280 1091 1402 1137 credo,
1413 1092 1479 1128 erit
1489 1091 1729 1137 referendum,

1079 1148 1178 1195 quod
1190 1147 1295 1183 Pach.
1309 1147 1479 1196 (voyage
1502 1159 1546 1184 en
1557 1146 1729 1185 Marmar.

1080 1208 1148 1240 etc.
1171 1201 1321 1252 p.5244)
1340 1205 1479 1249 asserit,
1501 1216 1599 1240 suem
1618 1204 1731 1240 feram

1078 1271 1146 1309 per
1172 1271 1314 1295 omnem
1342 1258 1482 1307 Libyae
1509 1260 1727 1309 septentrio-

1079 1313 1170 1351 nalis
1187 1319 1328 1364 partem
1349 1314 1550 1352 sabulosam
1567 1315 1728 1365 reperiri.

1134 1370 1293 1415 (δίποδες
1308 1368 1525 1419 καλέονται]
1556 1371 1727 1408 Comme-

1077 1431 1262 1462 morantur
1293 1427 1329 1462 hi
1357 1439 1475 1464 mures
1509 1440 1531 1464 a
1568 1426 1726 1476 pluribus

1079 1482 1313 1530 scriptoribus
1327 1510 1337 1528 ‚
1383 1496 1474 1530 quos
1493 1482 1636 1530 collegit
1653 1482 1729 1518 Bo-

1080 1538 1191 1574 chart.
1210 1537 1357 1574 Hieroz.
1377 1538 1425 1574 lll
1445 1552 1474 1574 c.
1493 1540 1546 1578 33
1567 1552 1603 1587 p.
1621 1540 1728 1578 1010

1081 1605 1157 1641 seq.
1169 1623 1180 1641 ‚
1208 1594 1355 1630 nomine
1372 1593 1544 1631 bestiolae
1564 1594 1647 1630 inde
1663 1594 1730 1631 du-

1082 1652 1162 1695 cto,
1218 1649 1316 1698 quod
1365 1651 1582 1699 posteriores
1617 1650 1731 1700 pedes

1081 1705 1259 1755 prioribus
1298 1705 1347 1741 illi
1384 1706 1519 1743 habent
1551 1705 1732 1755 longiores

1082 1762 1252 1809 adeoque
1269 1761 1364 1797 binis
1380 1762 1534 1811 pedibus
1555 1762 1629 1799 fere
1650 1774 1735 1811 gra-

1084 1817 1241 1854 diuntur.
1295 1817 1361 1853 Est
1382 1818 1476 1854 enim
1500 1819 1735 1867 cogitandum

1085 1873 1133 1910 de
1165 1885 1259 1909 mure
1283 1873 1408 1919 jaculo
1436 1887 1465 1910 s.
1492 1886 1585 1911 mure
1606 1871 1735 1920 jerboci.

1083 1928 1190 1966 Linn.
1208 1929 1366 1975 (Gallice
1385 1928 1555 1980 gerboz'se)
1567 1959 1578 1977 ,
1604 1934 1643 1966 ut
1658 1942 1737 1966 mo-

1083 1990 1148 2022 net
1171 1985 1312 2021 Cuvier.
1335 1986 1381 2022 ad
1404 1986 1495 2023 Plin.
1517 1987 1563 2022 H.
1581 1985 1629 2022 N.
1650 1984 1737 2022 vm

1084 2041 1201 2088 (55),
1231 2042 1296 2079 37.
1326 2041 1458 2077 Shawii
1479 2046 1517 2078 et
1538 2041 1657 2078 Brucii
1679 2046 1736 2078 te-

1084 2097 1286 2133 stimonium
1306 2098 1470 2134 excitavit
1491 2110 1634 2146 quoque
1644 2097 1738 2134 Lar-

1086 2153 1223 2190 cherus.
1252 2152 1433 2201 Equidem
1455 2153 1551 2190 addo
1572 2153 1738 2190 testimo-

1086 2210 1186 2246 nium
1219 2209 1454 2246 recentissimi
1486 2209 1737 2259 peregrinato-

1087 2267 1137 2302 ris
1150 2294 1160 2311 ‚
1190 2264 1299 2301 Pach.
1320 2264 1371 2312 (V
1374 2278 1492 2313 oyage
1509 2270 1576 2303 etc.
1594 2277 1629 2314 p.
1649 2265 1737 2311 62),

1087 2322 1147 2370 qui
1167 2321 1232 2357 hos
1251 2333 1369 2358 mures
1389 2321 1507 2357 adhuc
1525 2321 1736 2368 frequentes

1086 2390 1152 2428 per
1170 2376 1419 2413 Marmaricam
1447 2376 1595 2425 reperiri
1621 2387 1738 2423 aeque

1086 2446 1128 2470 ac
1159 2432 1283 2482 lupos,
1330 2432 1494 2469 chacalos
1507 2459 1518 2478 ,
1563 2431 1737 2480 hyaenaS,

1084 2489 1270 2537 hystrices.

1143 2539 1324 2594 ζεγέριες]
1364 2541 1580 2590 „Hesychio
1611 2540 1627 2579 1
1653 2553 1737 2591 pag.

1091 2601 1197 2640 1580
1219 2598 1381 2648 ζεγερίαι
1403 2599 1626 2649 explicantur
1647 2598 1739 2646 βου-

1087 2654 1165 2701 νοὶ,
1188 2655 1287 2691 colles
1309 2652 1361 2703 [ut
1379 2654 1440 2701 lV,
1466 2655 1556 2694 158.
1577 2651 1670 2703 199]
1691 2665 1737 2689 an

1088 2711 1188 2759 quod
1213 2711 1250 2747 in
1278 2710 1425 2747 collibus
1450 2710 1579 2747 cubilia
1605 2722 1739 2759 posue·

1089 2767 1192 2802 rint?
1233 2766 1341 2809 Quae
1363 2766 1509 2815 quidem
1531 2765 1738 2815 impeditior

1088 2824 1181 2859 soret
1203 2823 1366 2859 vocabuli
1387 2822 1577 2872 expositiO.
1594 2841 1649 2848 —
1663 2820 1739 2856 Bo-

1089 2879 1202 2916 cbart.
1223 2877 1304 2917 Col.
1323 2878 1460 2917 Phoen.
1481 2877 1624 2927 refingit
1645 2875 1737 2927 βου-

1828 1390 1836 1435 Δ,-

1846 797 1863 840 11
