1946 3272
433 243 489 284 34
827 240 1292 280 HERODOTI

435 350 516 407 μέν
544 367 629 395 νυν
663 351 710 395 ἐκ
739 354 821 395 τοῦ
849 349 1047 406 Ἀμάσιος
1076 348 1246 392 ἐντολαὶ
1287 342 1436 399 αὗται,
1475 347 1522 389 αἱ
1550 345 1593 397 ἐς
1621 346 1701 402 τὴν

433 422 579 478 ταφήν
606 438 649 465 τε
679 424 753 466 καὶ
782 422 858 464 τὸν
888 419 1131 474 ἄνθρωπον
1171 419 1368 474 ἔχουσαι,
1419 416 1476 461 οὔ
1512 435 1586 473 μοι
1624 420 1701 462 δο-

435 493 584 537 κέουσι
618 492 755 548 ἀρχὴν
783 490 1012 547 γενέσθαι,
1041 489 1137 533 ἀλλ’
1169 489 1307 539 ἄλλως
1336 487 1448 532 αὐτὰ
1468 488 1703 544 Αἰγύπτιοι

435 569 640 621 σεμνοῦν.

545 633 672 678 Μετὰ
712 633 758 676 δὲ
795 634 934 674 ταῦτα
976 627 1000 672 ὁ
1033 628 1273 686 Καμβύσης
1301 628 1589 684 ἐβουλεύσατο
1619 636 1760 685 τρι-25

434 707 596 761 φασίας
636 704 885 758 στρατηΐας,
926 700 994 742 ἐπί
1032 716 1076 743 τε
1117 703 1474 757 Καρχηδονίους,
1519 701 1593 744 καὶ
1636 701 1704 744 ἐπὶ

432 776 722 832 Ἀμμωνίους,
776 772 848 816 καὶ
889 771 958 814 ἐπὶ
998 771 1102 822 τούς
1141 775 1434 830 Μακροβίους
1473 773 1705 824 Αἰθίοπας,

310 633 373 677 17

102 698 221 727 Beuum
249 697 378 731 camby-

103 741 152 760 fles
185 732 286 759 facere
318 737 377 757 stn-

103 767 159 794 tuit
179 764 377 797 etcarthagi-

103 800 266 832 mensibus,
276 803 305 824 et
313 800 375 824 Λιιι-

104 834 229 866 moniis,
266 836 296 858 et
322 833 378 858 Ae-

104 866 263 902 thiopibus.

437 944 523 987 ἀλλ’
547 944 674 994 ἄλλως
701 941 801 984 αὐτοὶ
824 940 1042 997 Αἰγύπτιοι

380 1005 568 1055 σεμνοῦν]
584 1002 801 1040 Particulam
815 996 926 1048 ἀλλὰ,
948 1014 1043 1050 quae

382 1075 403 1099 a
424 1061 636 1099 Florentino
666 1065 701 1097 et
729 1063 887 1108 quatuor
909 1058 1042 1095 Parisi-

381 1120 438 1156 nis
473 1119 594 1163 abest,
626 1117 808 1154 eiecerunt
837 1115 1042 1164 Schweigh.

382 1181 418 1212 et
439 1175 578 1221 Gaisf.‚
607 1174 805 1209 scribentes
844 1169 968 1216 ἄλλως
1005 1166 1042 1208 ‹3'

383 1226 483 1269 αὐτοὶ
495 1233 542 1268 Α.
557 1241 590 1267 σ.
621 1229 701 1265 Nos
720 1241 805 1265 vero
816 1241 896 1264 cum
913 1222 1058 1264 Matth.'

380 1286 592 1338 particulam
615 1280 671 1332 δ’,
701 1297 796 1334 quae
819 1297 840 1321 a
861 1284 1043 1321 Sancrosti

381 1343 474 1381 libro
494 1347 529 1380 et
540 1341 820 1379 Vindobonensi
842 1342 958 1387 abest,
981 1340 1044 1376 eii-

381 1413 463 1438 cere
482 1398 683 1436 maluimus.
724 1397 821 1436 Nam
844 1396 1042 1435 wesselin-

383 1457 432 1505 gii
455 1456 584 1494 lectio:
617 1449 720 1493 ἄλλ’
745 1451 871 1500 ἄλλως
900 1448 942 1492 δ’
970 1447 1041 1493 av’-

382 1509 429 1551 τᾶ
457 1512 548 1563 At'y.
571 1524 604 1550 6.
633 1524 715 1548 meo
737 1511 886 1560 quidem
909 1510 1043 1547 iudicio

382 1569 518 1607 servari
538 1581 612 1605 non
634 1568 767 1617 potuit.
787 1588 843 1595 -
870 1568 1043 1618 σεμνοῦν

383 1626 513 1664 eodem
536 1624 739 1673 significatu
760 1624 790 1669 Ι,
815 1623 880 1663 95.

583 1681 614 1718 C
627 1693 696 1730 ap.
728 1679 843 1718 xvu.

417 1737 486 1776 καὶ
510 1736 573 1776 ἐπὶ
594 1733 687 1782 τούς
701 1736 967 1787 Μακροβίους
979 1735 1048 1774 Αἰ-

385 1794 547 1841 θίοπας,
563 1791 800 1844 οἰκημένους
823 1790 865 1832 δὲ
886 1788 1048 1843 Λιβύης

386 1850 449 1890 ἐπὶ
473 1853 522 1904 τῇ
543 1850 654 1904 νοτίῃ
675 1845 885 1903 θαλάσσῃ]
918 1849 1049 1886 Extre-

387 1920 446 1944 ma
475 1908 586 1943 verba
609 1908 659 1943 sic
682 1907 792 1943 vertit
821 1905 1047 1953 Schweigh.:

389 1963 437 2000 ad
465 1962 624 1999 australe
653 1961 792 2012 Libyae
823 1974 916 1998 mare
950 1961 1051 1997 habi-

391 2023 515 2056 tantes.
567 2018 618 2055 At
636 2018 823 2055 Letronne
843 2017 989 2067 (Journ.
1012 2017 1047 2053 d.

391 2076 532 2112 Savans
564 2077 669 2115 1817
694 2086 778 2123 pag.
798 2072 872 2123 97)
923 2073 1049 2110 Vallae

391 2132 553 2181 praefert
590 2130 944 2180 interpretationem:
989 2131 1051 2178 qui

390 2187 555 2237 Africam
585 2187 632 2223 ad
652 2186 808 2223 australe
836 2198 928 2221 mare
954 2188 1050 2221 inco-

389 2244 489 2287 lunt;
520 2244 569 2280 ita
605 2248 643 2280 ut
675 2243 856 2291 genitivus
886 2238 1048 2292 Λιβύης

390 2300 550 2350 pendeat
592 2300 638 2336 ab
674 2297 933 2348 οἰκημένους,
993 2299 1046 2334 cui

389 2356 500 2393 verbo
512 2356 700 2392 adficiatur
722 2356 901 2404 genitivus
918 2353 972 2391 vel
985 2354 1049 2390 ad-

393 2413 472 2449 dita
504 2411 562 2449 vel
601 2412 733 2448 omissa
768 2412 1048 2461 praepositione.

395 2468 507 2511 Quod
538 2468 622 2504 mihi
660 2469 805 2516 quidem
837 2467 934 2503 haud
967 2479 1050 2515 per-

393 2525 506 2561 suasit
535 2525 588 2559 vir
615 2524 768 2570 doctus,
806 2536 909 2568 cuni,
940 2536 1048 2571 quem

391 2580 512 2617 attulit
545 2580 711 2629 Procopii
738 2580 854 2616 locum
879 2579 936 2616 De
965 2579 1047 2617 bell.

392 2635 507 2673 Goth.
543 2648 627 2685 pag.
659 2638 740 2676 508
766 2636 830 2681 C.,
871 2648 951 2672 eum
981 2635 1048 2672 huc

390 2693 654 2742 pertinerenon
673 2692 830 2737 credam,
849 2704 916 2729 nec
934 2693 1048 2740 magis

393 2748 492 2786 locos
519 2760 540 2785 a
563 2749 702 2794 Bastia,
733 2761 839 2796 quem
868 2748 925 2785 ille
950 2748 1050 2794 citat,

393 2804 522 2842 allatos
540 2804 575 2841 in
598 2804 715 2854 Epist.
742 2805 854 2841 critic.
876 2816 959 2853 pag.
984 2803 1049 2843 74.

394 2859 453 2899 De
479 2873 588 2898 sensu
616 2860 799 2911 participii
832 2858 1047 2910 οἰκημέ·

1100 961 1156 985 νο
1172 961 1190 992 ς
1211 947 1306 983 conf.
1327 951 1419 983 nott.
1443 947 1490 983 ad
1518 946 1545 993 I,
1567 948 1631 987 27.
1662 943 1760 982 Add.

1099 1003 1253 1040 Siebelis
1283 1004 1330 1039 ad
1352 1003 1509 1039 l’ausan.
1532 1004 1559 1048 1,
1582 1004 1636 1043 33
1666 1000 1704 1052 ἓ.
1722 1001 1759 1041 4.

1100 1079 1156 1086 -—
1173 1057 1200 1108 ἦ
1218 1058 1329 1107 νοτίη
1348 1056 1534 1097 θάλασσα
1551 1058 1609 1095 hic
1631 1059 1679 1095 de
1698 1070 1762 1095 au-

1101 1114 1200 1152 strali
1220 1128 1357 1152 oceano
1376 1128 1404 1152 s.
1417 1115 1542 1153 Indico
1555 1113 1763 1163 intelligen-

1100 1172 1209 1218 dom,
1241 1177 1281 1208 ut
1302 1172 1348 1218 ΙΙ,
1386 1175 1445 1212 11.
1482 1173 1568 1215 158,
1597 1171 1661 1207 ubi
1688 1171 1761 1221 vid.

1101 1234 1192 1265 nott.
1215 1228 1323 1264 Conf.
1343 1227 1607 1265 Schlichthorst
1621 1227 1761 1276 Geogr.

1101 1284 1211 1322 Afric.
1235 1284 1375 1322 Herod.
1399 1297 1482 1334 pag.
1510 1286 1572 1324 18.
1604 1282 1760 1322 Rennel.

1101 1341 1122 1378 l.
1141 1341 1163 1378 l.
1193 1353 1278 1390 pag.
1299 1339 1393 1381 462.
1427 1342 1509 1382 572
1539 1344 1577 1377 et
1598 1340 1761 1378 Heeren.

1101 1398 1212 1435 ldeen
1241 1397 1296 1443 ΙΙ,
1321 1400 1340 1438 1
1363 1410 1448 1447 pag.
1472 1398 1554 1437 337
1580 1400 1670 1442 not.,
1698 1395 1763 1445 qui

1101 1454 1282 1491 Herodoti
1329 1454 1440 1490 verba
1486 1453 1537 1489 sic
1587 1453 1760 1502 exponit:

1098 1511 1270 1558 „jensez'ts
1289 1509 1568 1558 demEingange
1591 1509 1650 1546 cles
1669 1509 1763 1546 Ara-

1100 1567 1236 1604 biscken
1250 1565 1483 1612 Meerbusens,
1503 1579 1551 1604 an
1568 1566 1643 1603 dem
1662 1564 1764 1602 Indi-

1101 1624 1203 1661 schen
1230 1621 1404 1666 Meere“;
1439 1624 1550 1672 igitur
1582 1626 1686 1661 extra
1715 1622 1765 1658 si-

1103 1693 1187 1718 num
1210 1678 1405 1716 Arabicum
1427 1684 1465 1716 et
1492 1680 1625 1716 fretum
1646 1676 1764 1715 Babel

1104 1736 1281 1782 mandet),
1310 1736 1409 1784 quod
1429 1735 1538 1783 vulgo
1559 1736 1701 1780 dicitnr,
1726 1734 1763 1771 in

1104 1793 1248 1830 Africae
1267 1805 1331 1829 ora
1351 1791 1517 1830 orientali
1536 1793 1583 1829 ad
1603 1791 1764 1829 Indicum

1106 1862 1294 1886 oceanum.
1345 1849 1483 1886 Moneo
1502 1852 1654 1898 propter
1669 1846 1765 1885 Lar-

1104 1906 1270 1952 cherum,
1298 1905 1359 1953 qui
1379 1906 1415 1940 in
1434 1903 1469 1940 T
1472 1905 1529 1941 ab.
1560 1902 1765 1953 geograph.

1105 1974 1189 2011 pag.
1220 1964 1301 2001 210
1334 1961 1390 1996 hic
1416 1961 1463 1997 de
1490 1959 1647 1997 Arabico
1683 1961 1764 1996 sinu

1105 2018 1254 2065 cogitat.
1274 2017 1371 2060 Quin
1385 2029 1502 2067 nuper
1522 2017 1658 2054 exstitit
1668 2015 1765 2052 Mal-

1105 2074 1236 2110 tebrun
1263 2071 1327 2122 (in
1360 2072 1527 2110 Nouvell.
1556 2072 1697 2110 Annall.
1725 2072 1764 2111 d.

1104 2129 1297 2179 voyag'l'.
1310 2130 1355 2175 V,
1368 2129 1406 2166 P.
1418 2130 1465 2175 ΙΙ,
1480 2131 1599 2170 1820.
1612 2129 1714 2166 Paris
1726 2141 1765 2178 p.

1104 2188 1181 2227 361
1205 2199 1285 2234 sqq.
1300 2190 1453 2223 notante
1473 2185 1574 2234 Cr.)‚
1607 2186 1670 2235 qui
1683 2185 1765 2223 He·-

1104 2243 1234 2278 rodoto
1264 2247 1466 2279 accuratam
1503 2242 1601 2279 sinus
1620 2241 1765 2279 Arabici

1106 2299 1271 2335 notitiam
1297 2299 1410 2336 fuisse
1439 2298 1584 2335 omnino
1609 2309 1765 2347 neganS,

1107 2355 1243 2404 quippe
1280 2368 1387 2404 quem
1422 2354 1519 2391 haud
1548 2367 1631 2391 raro
1658 2354 1766 2391 maris

1106 2410 1274 2448 australis
1305 2411 1574 2458 significatione
1598 2422 1765 2459 compre-

1105 2467 1287 2511 henderit,
1306 2467 1526 2504 Heerenium
1550 2471 1586 2503 et
1606 2465 1767 2504 Larche-

1105 2536 1195 2568 rum,
1217 2524 1380 2572 quamvis
1402 2523 1543 2559 diverse
1564 2526 1767 2560 statuentes

1105 2579 1216 2615 falsos
1242 2592 1321 2616 esse
1346 2579 1561 2624 contendit,
1591 2579 1641 2615 ita
1670 2577 1765 2615 scili-

1106 2641 1162 2672 cet
1181 2635 1342 2672 iudicans
1367 2636 1413 2670 ob
1435 2647 1528 2681 eam,
1558 2647 1666 2683 quam
1687 2635 1767 2684 ipse

1106 2692 1171 2728 sibi
1206 2692 1372 2730 formavit
1408 2696 1530 2728 mente
1556 2690 1766 2740 opinionem

1106 2748 1153 2784 de
1184 2746 1443 2784 Macrobiorum
1477 2748 1635 2785 sedibus,
1713 2745 1766 2784 Ac

1106 2804 1154 2841 de
1188 2804 1255 2841 hac
1285 2808 1395 2852 gente
1428 2805 1580 2852 eiusque
1616 2802 1765 2840 sedibus

1106 2860 1291 2909 disputare
1308 2859 1468 2908 longum,
1490 2859 1652 2909 certique
1676 2858 1766 2909 quid
