1863 3256
26 765 35 905 ¹

36 1490 49 1837 ξ

467 231 1037 272 MELPOMENE.

1098 232 1156 270 IV.
1362 239 1442 278 591

141 345 304 399 ὃνῆσος
342 343 425 392 ἔνι,
462 347 517 400 τῇ
556 343 728 399 οὔνομα
761 340 868 386 Φλά.
927 340 1093 396 ταύτην
1124 341 1169 383 δὲ
1201 342 1281 397 τὴν
1310 348 1445 399 νῆσον

30 419 123 469 179
175 417 560 470 Λακεδαιμονίοισί
608 426 718 471 φασι
769 413 922 469 λόγιον
964 410 1076 456 εἶναι
1115 413 1271 456 κτίσαι.

173 485 218 528 δὲ
257 486 330 528 καὶ
368 485 443 530 ὅδε
482 486 611 541 λόγος
650 486 905 543 λεγόμενος·

1323 413 1447 459 ’Ἐστι

959 481 1154 538 Ἰήσονα,
1196 483 1288 527 ἐπεί
1325 484 1369 527 τὲ
1405 488 1449 528 οἱ

170 556 413 613 ἐξεργάσθη
455 556 544 601 ’ὑπό
581 563 642 615 τῷ
688 560 839 614 Πηλίῳ
877 557 904 612 ἡ
930 554 1097 611 Ἀργώ,
1140 555 1377 612 ἐσθέμενον
1405 555 1448 606 ἐς

174 627 312 683 αὐτὴν
352 626 488 684 α’λλην
528 645 572 672 τε
614 629 883 685 ἑκατόμβην,

937 627 1011 670 καὶ
1051 627 1104 683 δὴ
1145 627 1220 670 καὶ
1259 629 1448 682 τρίποδα

1507 419 1571 445 heo
1556 428 1593 446 on
1625 425 1696 448 ante
1723 421 1781 449 iter

1506 453 1607 479 (Joiilcl
1589 462 1644 480 ιιοιι
1638 463 1675 493 ¹¹¹!
1714 456 1755 481 ne
1759 456 1781 482 1

1521 486 1551 544 pl
1553 495 1672 513 11111111
1667 489 1704 522 ‘ga
1706 497 1764 522 ιιιιι

1521 528 1578 552 aqu
1562 520 1619 579 uiltin
1605 529 1659 579 οιηε
1679 523 1732 548 abr

1507 556 1574 610 p'tus
1628 554 1690 580 :Li
1685 556 1762 589 naly1

1505 564 1783 648 i¹brea1alutli¹s

1518 593 1564 644 ἸΙι-
1568 619 1608 645 iot
1621 619 1689 647 riids

1506 660 1574 711 ῗΙιιιιι
1556 652 1596 711 ulli
1597 656 1742 714 mlii-ro
1696 664 1782 681 onem

169 698 373 754 χάλκεον,
404 700 666 754 περιπλώειν
701 697 1066 754 Πελοπόννησον,
1100 697 1376 756 βουλόμενον
1404 699 1475 750 ἐςΙ
1506 685 1555 754 (Ἧι
1544 688 1677 746 ξιῗῑοιη
1655 721 1716 755 riop
1702 697 1765 748 35¹¹

174 849 225 902 τῇ
247 843 404 898 οὕνομα
429 843 542 897 Φλά]
581 847 703 892 Quam
731 848 786 884 in-

118 903 233 941 sulam
290 914 487 956 perperam
545 906 787 942 confuderunt

118 974 199 998 cum
222 973 289 1007 ea,
332 974 429 1011 quae
452 961 488 997 in
511 960 675 1012 Aegypti
703 962 787 998 fini-

119 1018 186 1055 bus
223 1018 295 1054 sita
334 1018 514 1068 reperitur
544 1018 619 1056 Nili
654 1018 784 1065 insula,

122 1073 224 1111 ΡΙιιίο
256 1074 324 1121 (de
347 1088 422 1124 qua
452 1075 524 1112 vid.
556 1087 666 1125 supra
692 1079 783 1111 nott.

119 1131 169 1168 ad
193 1131 245 1175 ΙΙ,
274 1133 349 1180 28)
382 1131 543 1180 indeque
571 1131 629 1168 hic
656 1132 787 1181 corrigi

120 1187 312 1225 voluerunt
348 1188 463 1226 Φίλα.
518 1187 567 1225 At
600 1189 673 1225 vid.
697 1189 788 1226 Par-

120 1244 218 1293 they.
259 1244 318 1282 De
338 1244 451 1281 Philis
480 1244 588 1281 insul.
610 1258 696 1295 pag.
720 1247 786 1284 70.

121 1303 196 1347 71,
227 1313 335 1350 quem
355 1301 484 1338 librum
505 1314 589 1338 cum
615 1302 674 1338 illa
701 1302 785 1338 scri-

121 1358 245 1395 berem
264 1357 365 1406 (Vol.
386 1358 401 1394 I
433 1371 470 1408 p.
493 1357 596 1406 534)
624 1357 711 1395 mihi
739 1358 786 1395 ad

121 1427 251 1452 manus
273 1414 437 1452 nondum
458 1415 571 1452 fuisse
590 1414 712 1452 doleo.

275 1471 390 1522 Cap.
432 1471 636 1508 CLXXlX.

161 1523 277 1566 ’Ἐστι
304 1525 347 1566 δὲ
371 1526 439 1566 καὶ
456 1524 523 1567 ὅδε
544 1524 658 1579 λόγος
678 1524 786 1579 λεγό-

122 1582 256 1635 μενος]
298 1585 405 1629 Quae
422 1585 536 1623 verba
560 1584 660 1621 haud
680 1597 788 1635 prae-

121 1641 361 1679 termittenda
377 1642 546 1679 videntur
560 1641 787 1692 respicienti,

122 1701 301 1747 quantum
333 1698 445 1735 studii
473 1711 681 1748 operaeque
707 1698 789 1736 No-

123 1758 198 1791 ster
227 1754 266 1790 in
299 1767 343 1792 eo
372 1756 556 1805 posuerit,
596 1759 658 1802 ut,
692 1767 789 1804 quae

123 1811 222 1848 sama
242 1812 448 1858 ferrentur,
477 1816 538 1848 aut
553 1825 574 1849 a
595 1813 715 1862 poetis
738 1813 789 1848 sic

122 1868 262 1905 tradita
309 1871 496 1906 exstarent
543 1868 607 1917 (in
655 1869 787 1918 quibus

123 1925 337 1962 enarrandis
374 1925 636 1974 acquieverunt
679 1925 788 1973 logo-

123 1981 299 2031 graphi)‚
337 1982 383 2019 ab
410 1983 474 2030 iis,
516 1994 611 2031 quae
632 1983 711 2033 ipse
733 1983 788 2019 in-

123 2038 339 2087 vestigando
366 2051 452 2076 vera
481 2042 652 2088 expertus
676 2044 786 2086 esset,

124 2094 344 2143 seiungeret.
391 2094 450 2133 De
474 2108 547 2144 quo
577 2097 672 2133 conf.
693 2100 787 2133 nott.

106 2151 174 2193 ,ad
197 2150 260 2197 1V,
285 2154 376 2193 173.
408 2151 449 2188 ln
468 2152 548 2202 ipso
568 2151 710 2190 fabulae
728 2165 788 2189 ar-

125 2212 299 2256 gumento
339 2221 456 2258 nuper
489 2209 637 2245 sudavit
665 2210 709 2246 C.
738 2210 785 2246 O.

126 2263 271 2301 Miiller.
309 2265 531 2303 Orchomen.
570 2277 655 2315 pag.
691 2268 787 2312 353,

125 2333 366 2370 quaecunque
395 2322 452 2358 hic
480 2326 694 2359 enarrentur
722 2322 788 2358 Li-

125 2378 240 2425 byca,
282 2390 327 2415 ea
357 2379 479 2415 omnia
516 2392 536 2416 e
565 2377 722 2416 Boeotia
750 2378 787 2416 in

125 2432 280 2482 Libyam
297 2436 465 2472 traducta
484 2440 649 2472 statuens
677 2437 723 2473 ab
744 2436 786 2472 il-

124 2489 168 2525 lis
190 2488 346 2540 Minyis,
389 2492 452 2540 qui
483 2505 549 2542 per
580 2493 705 2530 varias
729 2504 787 2530 re-

123 2558 202 2582 rum
247 2547 511 2586 vicissitudines
556 2548 592 2586 in
631 2548 786 2598 Libyam

125 2601 276 2639 tandem
298 2603 513 2642 devenerint
538 2617 655 2655 eaque
681 2618 783 2656 spar-

125 2659 252 2704 serint,
266 2659 396 2708 quibus
414 2662 600 2709 regionem
614 2663 785 2700 divinitus

126 2714 231 2764 quasi
249 2715 286 2752 in
297 2718 564 2765 possessionem
576 2732 788 2757 concessam

126 2775 471 2818 commonstrarent,
491 2778 527 2811 et
542 2788 624 2812 cum
640 2775 787 2825 Libycis

129 2827 226 2865 hisce
246 2828 379 2865 sabulis
392 2827 684 2878 Argonautarum
696 2845 789 2881 quo-

129 2896 201 2933 que
220 2885 505 2935 expeditionem,
536 2886 574 2923 in
590 2899 663 2937 qua
679 2901 788 2939 prae-

844 847 950 897 cipua
972 846 1136 897 Minyum
1158 860 1265 898 pars,
1303 848 1505 886 coniunxe-

844 905 929 940 rint.
981 904 1060 941 Nec
1082 905 1187 941 aliter
1207 906 1282 942 sere
1302 905 1410 942 Italus
1427 905 1505 942 He-

842 960 963 997 rodoti
1000 962 1179 1011 interpres
1218 961 1308 999 haec
1343 976 1364 999 a
1391 962 1506 1010 Cyre-

843 1017 943 1054 naeis
965 1018 1121 1055 conficta
1142 1017 1228 1064 vult,
1247 1019 1378 1067 quibus
1399 1032 1503 1054 suum

842 1075 880 1110 in
906 1073 1064 1122 Libycas
1106 1075 1276 1123 regiones
1315 1075 1505 1125 imperium

845 1131 967 1167 divina
989 1131 1093 1180 quasi
1117 1132 1333 1169 auctoritate
1358 1145 1507 1169 conces-

845 1200 925 1224 sum
964 1188 1078 1237 magis
1119 1187 1332 1225 stabilirent.
1399 1189 1505 1232 Quae

844 1257 925 1281 cuin
947 1244 1130 1281 Herodoti
1159 1245 1367 1282 testimonio
1388 1245 1507 1282 haud-

844 1313 1030 1349 quaquam
1049 1301 1270 1348 innitantur,
1300 1315 1441 1348 vereor,
1465 1306 1507 1338 ut

845 1362 943 1393 stare
967 1357 1122 1407 possint.
1153 1358 1229 1395 Sed
1250 1358 1341 1396 haec
1361 1359 1506 1395 uberius

844 1426 1029 1463 exponere
1046 1413 1151 1450 huius
1168 1413 1237 1451 loci
1256 1427 1329 1451 non
1350 1419 1416 1453 est.
1449 1415 1506 1451 Tu

843 1483 925 1508 cum
956 1470 1179 1508 Herodoteis
1208 1472 1302 1508 conf.
1334 1470 1506 1523 Apollon.

843 1526 966 1564 Rhod.
988 1526 1049 1574 lV,
1073 1527 1176 1568 1551
1192 1549 1247 1555 -
1262 1531 1383 1575 1617,
1414 1529 1506 1566 haec

845 1584 974 1621 eadem
999 1584 1180 1633 copiosius
1211 1591 1441 1622 enarrantem
1469 1590 1506 1622 et

845 1642 883 1677 in
905 1640 1090 1676 nonnullis
1110 1641 1156 1678 ab
1177 1641 1372 1679 Herodoto
1390 1642 1507 1679 disce-

846 1698 1005 1734 dentem.
1045 1697 1168 1734 Delati
1186 1702 1308 1735 autem
1328 1703 1414 1735 sunt
1435 1698 1506 1735 Ar-

845 1758 1029 1802 gonautae
1066 1754 1103 1790 in
1139 1753 1317 1803 Libyam,
1376 1756 1505 1793 eodem

845 1814 937 1847 teste
960 1808 1157 1861 Apollonio
1186 1811 1257 1858 lv,
1293 1813 1401 1852 1232
1424 1825 1506 1849 cum

845 1880 867 1904 a
888 1866 1022 1904 vellere
1040 1880 1150 1905 aureo
1171 1868 1354 1917 acquisito
1377 1870 1414 1905 in
1437 1880 1504 1919 pa-

845 1924 951 1961 triam
968 1925 1260 1972 regrederentur.
1291 1926 1507 1976 Suspicatur

844 1984 966 2018 autem
982 1981 1093 2018 Pach.
1124 1982 1298 2030 (Voyage
1329 1987 1397 2019 etc.
1418 1995 1504 2032 pag.

847 2039 948 2085 173)
979 2038 1015 2074 in
1038 2038 1259 2075 Phoenicum
1282 2044 1429 2089 portum
1457 2039 1506 2075 ad

845 2094 1041 2142 Phycuntis
1080 2097 1370 2146 promontorium
1412 2095 1505 2144 (ubi

844 2150 1093 2201 Hesperidum
1123 2165 1272 2201 quoque
1300 2153 1423 2190 hortos
1450 2153 1507 2188 fu-

844 2208 917 2244 isse
938 2209 1032 2256 vult)
1053 2208 1238 2259 appulisse
1255 2207 1505 2259 Argonautas,

845 2268 956 2301 vento
995 2265 1032 2302 in
1069 2265 1223 2314 Libyam
1268 2266 1422 2303 delatos.
1449 2287 1505 2292 ——

845 2318 927 2360 ὑπὸ
945 2323 1002 2372 τῷ
1023 2322 1178 2375 Πηλίῳ,
1198 2323 1262 2359 snb
1283 2322 1403 2369 Pelio,
1429 2323 1451 2359 i.
1473 2335 1504 2360 e.

846 2377 895 2414 acl
916 2377 1013 2414 Pelia·
1031 2380 1178 2416 radices,
1221 2380 1260 2416 ln
1283 2380 1401 2418 verbis
1422 2392 1505 2428 sqq.

845 2432 1066 2484 ἐσθέμενον
1102 2435 1142 2482 ἐς
1178 2430 1306 2487 αὐτὴν
1344 2434 1468 2486 ἄλλη
1483 2451 1505 2474 ν

845 2505 885 2530 τε
925 2487 1145 2544 ἑκατόμβην
1191 2495 1344 2532 attende
1378 2505 1504 2531 vocem

844 2544 983 2594 ἄλλος-ς
1004 2550 1051 2587 de
1061 2551 1160 2587 cuius
1173 2563 1240 2587 usu
1251 2549 1332 2587 Ast.
1350 2551 1397 2588 ad
1412 2549 1504 2586 Plat.

842 2604 1001 2643 Phaedr.
1022 2619 1106 2656 pag.
1125 2606 1202 2647 241
1227 2620 1304 2656 seq.
1325 2608 1370 2643 ad
1394 2605 1501 2644 Polit.

840 2675 928 2712 pag·
942 2662 1036 2703 415.
1056 2664 1149 2705 521.
1170 2662 1251 2705 641
1274 2662 1389 2701 multa
1409 2661 1504 2699 exci-

843 2719 945 2756 tavit.

901 2773 968 2813 καὶ
982 2771 1033 2824 δή
1046 2773 1113 2813 καὶ
1131 2774 1302 2825 τρίποδα
1320 2768 1502 2823 χάλκεον]

849 2831 1037 2881 Tripodem
1054 2832 1100 2867 ad
1119 2829 1298 2880 Apollinis
1316 2842 1419 2866 sacra
1438 2841 1505 2879 po·

845 2889 1021 2925 tissimum
1082 2886 1304 2936 pertinuisse
1348 2886 1507 2934 indeque
