1863 3256
441 172 525 214 852

831 170 1304 211 HERODOTI

436 278 543 336 ἤδη,
589 280 664 322 καὶ
702 278 866 323 ου’δὲνα
903 278 1012 323 νόον
1050 279 1227 336 ἔχοντας
1265 275 1607 333 ἐξηγησάμενον·
1664 282 1708 322 οἳ

435 348 650 394 Ὠκεανόν
678 366 722 393 τε
754 351 909 405 ῥέοντα
939 348 1164 405 γράφουσι
1193 350 1315 404 πέριξ
1345 347 1425 404 τὴν
1453 351 1556 405 γῆν,
1605 348 1706 393 ἐοῦ-

439 433 522 466 σαν
551 421 816 474 κυκλοτερέα
847 420 905 470 ὠς
936 418 1022 462 ἀπὸ
1052 420 1235 474 τόρνου,
1270 420 1343 463 καὶ
1372 418 1452 475 τήν
1476 417 1622 474 Ἀσίην
1653 421 1707 474 τῇ

409 490 641 547 4Εύρώπῃ
669 490 913 533 ποιεύντων
941 492 1053 547 ἰ’σην.

380 654 429 691 ad
456 652 646 689 veritatem
676 651 843 688 omnibus
870 652 906 689 in
935 652 1041 689 rebus

382 707 632 756 indagandam
651 712 856 756 spectante,
882 707 1043 758 pluribus

387 765 493 801 locis
486 775 555 800 iam
567 764 781 801 monuimus.
798 787 848 792 —
865 764 971 801 Pro
949 778 971 814 γ
975 778 1046 813 ρα-

387 830 545 870 ψαντας
561 817 760 865 πολλους
752 832 790 856 in
808 819 907 856 Edit.
929 820 1047 856 Gaisf.

387 880 505 914 exstat
529 870 754 926 γράψαντα,
776 888 981 926 operarum,
1009 880 1049 913 ut

385 932 542 978 videtur,
561 932 659 968 vitio.
698 931 858 969 Verbum
878 927 1048 984 γράφειν

386 1002 461 1027 non
480 993 556 1025 tam
575 989 621 1026 de
638 988 839 1035 scribendo,
870 1001 980 1037 quam
1001 988 1048 1025 de

381 1045 692 1098 pingendojaccipi
703 1044 816 1082 voluit
825 1045 1048 1091 Gronovius,

387 1115 497 1151 quem
542 1114 677 1150 sequor
725 1113 798 1138 una
837 1114 918 1139 cum
954 1102 1047 1139 Bre-

386 1158 508 1196 dowio
539 1157 562 1195 l.
581 1157 602 1194 l.
620 1170 707 1209 pag.
723 1157 823 1195 XVI.
861 1158 1048 1206 Schweig-

386 1214 582 1253 haeuserus
621 1220 812 1263 utramque
848 1214 954 1251 simul
992 1214 1048 1251 hic

385 1270 507 1309 valere
529 1271 716 1308 notionem
738 1271 933 1317 existimat,
953 1283 1048 1320 quae

388 1326 612 1365 describendi
629 1327 741 1365 verbo
761 1327 1049 1377 comprehenda-

386 1388 456 1423 tur.
470 1404 524 1411 —
543 1383 665 1421 Verba
681 1396 784 1432 seqq.
817 1382 883 1422 καὶ
903 1378 1049 1422 οὐδένα

387 1436 482 1479 νόον
504 1438 664 1490 ἔχοντας
683 1435 980 1490 ἐξηγησάμενον
998 1441 1049 1477 sic

388 1495 569 1545 intelligo:
613 1509 745 1546 „quum
784 1496 911 1533 multos
949 1496 1049 1533 video

389 1575 445 1581 -—
468 1552 605 1589 nullam
634 1553 692 1599 (in
717 1552 784 1589 hac
803 1565 852 1590 sc.
871 1558 1049 1590 terrarum

390 1609 488 1646 orbis
509 1609 772 1659 descriptione)
795 1611 966 1646 rationem
983 1609 1050 1646 ‹111-

341 1664 344 1668 ’
390 1665 545 1702 hibentes
554 1693 581 1715 ³⁷
611 1678 701 1715 quae
739 1666 831 1715 ipsos
871 1666 982 1702 ducat
1021 1678 1048 1702 s.

391 1734 497 1772 quam
525 1725 719 1771 sequantur
745 1721 886 1770 (lucem,
915 1726 1052 1760 temere

391 1779 503 1828 igitur
531 1791 599 1816 nec
623 1778 694 1815 ulla
721 1779 887 1816 adhibita
910 1780 1053 1816 ratione

390 1839 556 1884 agentes.
612 1834 824 1872 Dobraeum
874 1836 924 1872 ad
971 1835 1054 1872 Ari-

391 1891 511 1942 stoph.
560 1891 646 1928 Pac.
676 1892 759 1932 732
799 1904 867 1942 pro
894 1890 1053 1941 ἔχοντας

391 1948 540 1985 rescribi
557 1947 712 1986 voluisse
731 1944 918 1998 ἐχόντως,
943 1948 1053 1985 Gais-

389 2004 485 2043 sord.
509 2008 624 2041 notat.

449 2060 489 2099 οἱ
513 2055 703 2101 Ὠκεανόν
729 2075 769 2099 τε
793 2058 933 2112 ρέοντα
955 2075 1052 2119 γρα-

392 2128 517 2165 φονσι
545 2132 580 2156 κ.
608 2132 640 2157 τ.
673 2120 730 2163 λ]
766 2117 807 2154 ln
841 2117 910 2154 loci
938 2110 1050 2154 inter-

389 2174 587 2224 punctione
635 2174 885 2211 Gaissordium
938 2174 1052 2211 secuti

393 2242 542 2277 sumus,
579 2231 630 2267 ita
663 2235 702 2267 ut
733 2230 844 2268 verba
870 2244 944 2281 την
975 2231 1052 2281 γῆν

391 2285 508 2334 (inter
527 2299 622 2335 quae
637 2287 748 2336 vulgo
767 2286 860 2324 male
878 2287 1052 2323 inseritur

391 2339 466 2390 τε)
499 2355 579 2379 cun}
602 2343 729 2380 vocula
749 2342 860 2395 πέριξ
880 2344 954 2380 sint
973 2343 1055 2380 iun-

392 2398 527 2448 genda.
559 2399 617 2435 Cf.
635 2399 708 2446 lv,
742 2399 791 2439 15
820 2399 906 2448 ibiq.
930 2403 1023 2435 nott.

449 2453 598 2493 ἐοῦσαν
631 2453 866 2504 κυκλοτερέα
898 2453 951 2501 ὥς
977 2450 1055 2494 α’πὸ

391 2505 559 2562 τόρνου]
593 2512 616 2548 i.
645 2525 676 2550 e.
700 2512 932 2548 orbiculatam
957 2511 1051 2547 velut

392 2579 436 2604 ex
466 2570 586 2614 torno,
619 2581 698 2604 cum
729 2580 798 2604 vox
818 2566 1052 2617 κυκλοτερέα

392 2635 468 2660 non
492 2624 540 2660 ad
566 2624 666 2672 globi
679 2629 822 2674 spectet
842 2625 1051 2661 rotundita-

391 2683 464 2718 tem
478 2709 489 2727 ,
519 2681 586 2718 sed
614 2681 706 2717 orbis
725 2681 979 2717 rotunditatem
996 2681 1052 2716 in—

393 2736 508 2783 dicet3
543 2750 652 2786 quam
678 2738 739 2786 qui
765 2743 884 2774 terrae
916 2738 1053 2774 tribue-

394 2797 474 2831 rent
502 2793 662 2843 indeque
692 2799 826 2832 terram
858 2794 895 2831 in
921 2793 1051 2831 tabulis

1111 491 1158 535 ἐν
1189 489 1375 546 ὀλίγοισι
1403 488 1488 545 γάρ
1519 487 1603 544 ἐγώ
1635 490 1706 544 δη-

1100 657 1139 690 ut
1161 653 1295 689 ‹lescum
1314 651 1534 688 detornatam
1552 651 1764 688 exhiberent

1099 710 1255 760 pictam,
1296 709 1493 757 Asiamque
1528 708 1613 745 hinc
1652 705 1694 756 (i
1731 719 1764 743 e.

1102 765 1290 802 dimidium
1307 769 1426 802 terrae
1440 764 1619 812 australe)
1643 762 1763 800 Euro-

1103 834 1174 871 pae
1205 821 1249 868 (i.
1279 834 1310 857 e.
1341 821 1492 857 dimidio
1513 819 1670 867 boreali)
1695 831 1764 870 pa-

1105 889 1181 914 rem
1213 878 1398 922 facerent,
1442 889 1506 913 eos
1535 881 1675 913 tantum
1706 875 1764 911 hic

1107 933 1264 969 derideri
1284 945 1305 968 a
1324 936 1428 982 patre
1445 932 1616 969 historiae
1633 932 1763 968 statui-

1104 1001 1184 1026 mus
1203 1001 1284 1025 cum
1302 988 1470 1025 Bredow.
1491 988 1513 1025 l.
1533 987 1555 1025 l.
1576 1000 1660 1038 pag.
1682 986 1763 1023 XX.

1104 1045 1167 1082 Ill.
1203 1044 1283 1083 coll.
1324 1044 1480 1082 Rennel.
1514 1058 1550 1095 p.
1582 1045 1677 1084 383.
1713 1064 1763 1070 —-

1104 1101 1282 1150 Respexit
1331 1101 1547 1139 Herodotea
1594 1099 1762 1137 Eustath.

1103 1158 1151 1195 ad
1183 1157 1337 1206 Dionys.
1369 1156 1511 1207 Perieg.
1546 1160 1565 1196 1
1600 1157 1764 1206 itemque

1104 1214 1228 1250 Strab.
1258 1214 1274 1250 1
1302 1226 1386 1264 pag.
1407 1214 1460 1254 48
1489 1227 1518 1251 s.
1537 1215 1590 1254 83
1614 1213 1657 1249 C.
1704 1212 1764 1250 De

1106 1284 1170 1307 usu
1225 1271 1506 1320 praepositionis
1564 1265 1646 1309 dno*
1689 1269 1762 1305 vid.

1104 1326 1238 1364 Efflatth
1260 1327 1326 1363 Gr.
1349 1327 1413 1363 Gr.
1438 1339 1522 1377 pag.
1548 1328 1666 1367 1130-

1161 1382 1228 1421 καὶ
1255 1398 1329 1433 την
1352 1379 1486 1432 Ἀσίην
1512 1399 1559 1437 τη
1584 1377 1763 1435 Εὐρώπῃ

1105 1435 1331 1478 ποιεύντων
1364 1439 1469 1489 ἴσην]
1502 1440 1606 1477 Haec
1619 1445 1765 1476 antece·

1106 1497 1275 1533 dentibus
1295 1496 1447 1546 simplici
1465 1501 1664 1543 commate,
1690 1507 1766 1532 non

1105 1557 1265 1602 puncto,
1300 1557 1338 1589 ut
1365 1553 1450 1589 fecit
1478 1553 1620 1598 Gaisf.‚
1650 1564 1766 1589 anne-

1106 1609 1248 1645 ctenda.
1303 1604 1527 1647 ποιεύντων
1557 1608 1764 1645 Gronovius

1106 1678 1173 1715 pro
1216 1665 1431 1715 imperativo
1482 1665 1596 1715 accipi
1637 1664 1765 1710 voluit,

1108 1726 1146 1758 ut
1178 1722 1272 1758 idem
1304 1723 1350 1759 sit
1375 1727 1488 1772 atque
1515 1721 1767 1766 ποιείτωσαν,

1108 1778 1414 1827 quemadmodum
1463 1773 1655 1830 λεγόντων
1699 1790 1766 1828 pro

1109 1833 1337 1885 λεγέτωσαν,
1359 1834 1429 1871 alia
1448 1836 1484 1871 id
1505 1846 1641 1884 genus3
1664 1833 1766 1884 quod

1108 1891 1268 1941 probans
1297 1891 1514 1940 Wesseling.
1556 1891 1676 1928 locum
1717 1890 1768 1927 sic

1108 1948 1389 1998 interpretatur:
1443 1949 1592 1994 „Asiam
1636 1959 1768 1997 quoque

1101 2003 1248 2054 faciant
1273 2004 1442 2054 Europae
1464 2005 1624 2055 parem.“
1653 2003 1769 2052 Equi-

1109 2061 1191 2098 dem
1238 2074 1318 2098 cum
1357 2061 1560 2110 Schweig'i.
1603 2057 1770 2100 ποιεύν-

1108 2131 1187 2155 των
1203 2118 1341 2167 accipio
1361 2130 1428 2168 pro
1447 2118 1606 2167 genitivo
1625 2117 1769 2168 partici-

1108 2174 1159 2225 pii
1190 2174 1358 2212 absolute
1384 2175 1495 2224 positi
1523 2179 1559 2212 et
1585 2176 1633 2211 ad
1662 2187 1769 2224 supe-

1110 2231 1183 2267 rius
1213 2233 1313 2281 γελῶ
1344 2235 1555 2281 spectante,
1587 2243 1667 2267 eum
1692 2232 1769 2267 fere

1110 2287 1146 2323 in
1175 2288 1344 2324 modum:
1391 2287 1538 2333 ‚,ricleo,
1575 2299 1680 2335 quum
1708 2287 1771 2322 isti

1109 2343 1232 2380 Asiam
1283 2343 1462 2392 aequalem
1499 2342 1667 2392 Europae
1702 2341 1769 2392 fa-

1110 2401 1246 2436 ciant.‘⁵
1292 2400 1402 2443 Quod
1433 2399 1578 2448 Steger.
1610 2399 1770 2436 Praefat.

1109 2468 1195 2506 pag.
1219 2455 1305 2491 X1v
1328 2456 1535 2505 suspicatur
1557 2458 1770 2501 ποιεῦντας

1111 2506 1190 2558 ὦν,
1227 2513 1356 2548 merito
1387 2512 1510 2549 reiecit
1536 2513 1678 2550 Censor
1706 2512 1770 2549 Li-

1108 2568 1263 2618 psiensis
1288 2570 1393 2609 1829
1412 2580 1466 2604 nr.
1493 2570 1570 2609 136
1592 2583 1627 2620 p.
1651 2570 1768 2610 1087.

1109 2645 1164 2651 ——
1193 2624 1232 2659 ln
1266 2624 1338 2661 fine
1361 2637 1442 2674 cap.
1465 2638 1545 2662 cum
1564 2624 1768 2673 Schweigh.

1110 2684 1146 2718 et
1185 2680 1303 2719 Gaisf.
1338 2681 1423 2717 dedi
1464 2680 1530 2732 οἴη
1567 2694 1634 2732 pro
1668 2681 1771 2730 vulg.

1110 2732 1209 2786 ὅση,
1242 2738 1341 2786 quod
1372 2737 1523 2776 retinuit
1547 2737 1679 2776 Matth.
1708 2737 1771 2775 Tu

1110 2793 1154 2831 ct.
1178 2793 1246 2840 lv,
1278 2793 1344 2834 40.
