1863 3256
2 761 64 806 17
123 773 205 800 ται.

126 827 210 885 γὰρ
231 831 319 871 τῶν
344 828 724 882 παραθαλασσίων
746 826 1008 882 μεσαίτατόν
1034 829 1122 875 ἐστι
1150 827 1294 884 πάσης
1322 832 1400 885 τῆς
1459 866 1471 892 Ι

126 901 347 956 Σκυθίης,
381 897 466 943 ἀπὸ
497 898 662 942 τούτου
691 903 861 955 πρῶτοι
892 901 1156 944 Καλλιπίδαι
1177 899 1400 956 νέμονται,

417 145 986 189 MELPOMENE.

132 259 324 316 δύναμαι
349 257 571 302 πυθέσθαι
586 270 596 280 ·

1045 148 1107 186 IV.
1316 154 1400 192 305

659 255 762 300 οὐδὲ
790 255 875 311 γάρ
906 253 1010 299 οὐδὲ
1034 255 1274 313 Ἀριστέης,
1304 263 1400 303 τοῦ-
1414 268 1456 301 65

130 348 210 386 περ
262 330 393 387 ὀλίγῳ
439 326 660 383 πρότερον
711 326 883 371 τούτων
926 325 1102 384 μνήμην
1149 327 1401 385 ἐποιεύμην,

132 401 237 446 οὐδὲ
267 397 395 452 οὗτος
423 398 689 454 προσωτέρω
716 397 997 455 Ἰσσηδόνων,
1028 399 1077 442 ἐν
1096 396 1269 443 αὐτοῖσι
1291 405 1405 443 τοῖσι

131 474 249 518 ἔπεσι
268 471 455 523 ποιέων,
485 470 618 526 ἔφησε
639 467 895 514 ἀπικέσθαι·
938 468 1046 515 ἀλλά
1077 471 1131 515 τὰ
1159 470 1403 525 κατύπερθε

130 545 243 600 ἔλεγε
274 543 407 600 ἀκοῇ,
440 542 526 598 φὰς
552 539 805 598 Ἰσσηδόνας
831 539 944 585 εἶναι
971 541 1078 594 τούς
1097 547 1235 587 ταῦτα
1254 542 1402 600 λέγον-

100 623 220 666 3τας.
274 612 393 657 Ἀλλ’
427 614 535 657 ὅσον
571 612 650 668 μὲν
687 611 813 669 ἡμεῖς
842 610 1056 668 ἀτρεκέως
1087 615 1156 658 ἐπὶ
1186 612 1458 669 μακρότα-7ο

128 702 208 729 τον
238 683 325 729 οἷοί
353 685 398 728 τ’
428 683 669 741 ἐγενόμεθα
704 682 815 741 ἀκοῇ
846 683 1083 737 ἐξικέσθαι,
1116 690 1207 729 πᾶν
1238 685 1399 742 εἰρήσε-

73 1042 243 1080 observat
262 1040 481 1079 Dahlmann.
506 1040 528 1077 l.
549 1041 570 1077 l.
589 1054 625 1091 p.
648 1041 739 1080 104.

71 1099 169 1136 Hinc
193 1099 280 1135 satis
303 1102 428 1148 patet,
469 1098 558 1146 quid
584 1098 631 1135 de
661 1096 738 1133 lau-

71 1155 179 1192 dibus
201 1155 433 1203 cogitandum
457 1155 515 1199 sit,
544 1166 635 1202 quas
656 1153 737 1189 Ari-

71 1216 196 1258 steae,
236 1210 438 1248 enarratori
481 1222 620 1246 summa
662 1209 736 1246 fide

71 1269 184 1317 digno
205 1267 454 1318 prudentique
481 1279 601 1303 rerum
626 1266 733 1303 inda-

70 1325 211 1374 gatori,
251 1324 423 1362 tribuerit
445 1323 640 1361 Reichard.
669 1322 691 1359 l.
713 1321 735 1359 l.

69 1394 156 1432 pag.
180 1380 243 1422 15.

129 1444 225 1488 οὐδὲ
269 1444 346 1500 γάρ
390 1442 484 1488 ου’ὃὲ
521 1443 733 1500 Ἀριστέης]

72 1506 180 1551 Quae
206 1518 291 1543 mox
311 1506 540 1556 excipiuntur
566 1510 603 1543 et
628 1519 735 1555 repe—

72 1568 199 1600 tuntur
240 1563 359 1600 verbis
401 1557 539 1601 0156&
568 1556 737 1610 οὗτος,

72 1621 110 1656 in
151 1619 279 1668 quibus
313 1618 411 1656 nulla
443 1631 531 1656 sane
570 1620 738 1656 offensio.

72 1675 132 1713 De
154 1675 338 1726 particulis
358 1671 451 1714 ου’ὄὲ
473 1672 546 1726 γάρ
577 1671 669 1714 ου’δὲ
688 1675 738 1712 sic

74 1733 207 1769 iunctis
255 1733 349 1769 conf.
392 1732 646 1769 Hemsterhus.
689 1733 738 1769 ad

73 1788 223 1826 Lucian.
244 1788 388 1838 Nigrin.
418 1791 442 1829 6
473 1788 519 1826 T.
540 1789 553 1825 l
583 1804 620 1841 p.
642 1788 736 1830 235.

74 1846 156 1887 236
177 1845 260 1896 Bip.
294 1847 352 1884 ed.
383 1850 420 1883 et
450 1858 546 1894 quae
579 1846 650 1883 alia
683 1845 738 1882 his

73 1902 219 1939 addidit
259 1902 303 1939 C.
346 1902 408 1939 Fr.
443 1902 646 1939 Hermann.
690 1903 738 1939 ad

72 1957 223 1997 Lucian.
273 1958 331 1997 De
383 1959 563 1996 conscrib.
610 1959 737 1996 histor.

72 2027 158 2067 pag.
185 2017 283 2057 309.

129 2097 278 2147 τοῦπερ
350 2091 465 2150 ὀλίγῳ
541 2090 737 2146 πρότερον

73 2147 228 2191 τούτων
281 2148 446 2203 μνήμην
498 2147 734 2203 ἐποιεύμην]

74 2208 157 2246 Vid.
179 2221 290 2259 supra
309 2209 372 2256 lv,
394 2212 455 2249 13.
479 2230 531 2237 —
553 2208 625 2245 Pro
646 2211 737 2248 τοῦ·

74 2279 147 2316 περ
179 2266 252 2303 duo
282 2265 362 2303 libri
390 2268 462 2304 τοῦ
494 2264 584 2315 πέρι
610 2271 647 2302 et
670 2279 737 2315 pro

77 2317 196 2376 ὀλίγῳ
226 2336 318 2359 unus
338 2323 524 2359 Sancrofti
546 2323 639 2360 liber
659 2319 738 2361 ὀλί-

76 2392 170 2428 γον,
205 2379 305 2427 quod
334 2379 430 2416 idem
451 2379 516 2427 111,
548 2382 627 2420 106
658 2393 736 2417 me-

78 2434 183 2472 liores
202 2434 282 2472 libri
303 2436 474 2474 afferunt.
496 2458 541 2463 —·
569 2433 629 2472 Ad
649 2451 736 2474 ποι-

79 2488 155 2528 έων
189 2493 283 2528 conf.
314 2497 409 2530 nott.
442 2494 488 2530 ad
520 2493 582 2538 lV,
618 2495 668 2532 13
700 2497 739 2530 et

79 2546 127 2582 ad
178 2542 280 2600 ἀκοῇ
333 2550 423 2595 (von
474 2549 736 2598 Hiirensagen)

79 2601 215 2639 Matth.
244 2604 309 2640 Gr.
330 2605 395 2642 Gr.
426 2619 512 2656 pag.
533 2607 627 2647 731.
657 2607 738 2643 He-

80 2659 158 2695 rod.
179 2659 209 2705 I,
232 2661 322 2700 171.
355 2661 400 2708 ll,
422 2665 487 2702 29.

121 2735 185 2776 ἐπὶ
207 2733 457 2788 μακρότατον
467 2763 513 2769 -
525 2739 738 2792 ἐξικέσθαι]

81 2793 191 2830 Conf.
227 2793 281 2841 11,
315 2796 368 2834 29
405 2797 530 2847 ibique
564 2802 656 2835 nott.
688 2822 738 2827 —-

136 2850 347 2888 Hznonorr.
386 2852 432 2890 11.

801 1035 1001 1091 εἰρήσεται
1040 1040 1150 1092 plane
1192 1040 1243 1077 sic
1287 1040 1467 1077 invenitur

798 1097 862 1143 IV,
889 1097 955 1136 82.

993 1153 1024 1189 C
1037 1165 1058 1189 a
1071 1166 1107 1203 p.
1136 1152 1254 1189 XVII.

825 1204 922 1248 'Ano‘
939 1207 1378 1276 vofilzopvofieveiltffcov
1398 1208 1466 1260 ἐμ-

792 1265 938 1318 πορίου
963 1288 1008 1294 -
1032 1263 1111 1305 απὸ
1133 1260 1278 1305 τούτου
1304 1269 1458 1319 πρῶτοι

793 1322 1039 1361 Καλλιπίδαι
1084 1320 1298 1372 νέμονται]
1366 1322 1458 1361 Loci

792 1380 977 1417 sententia
1010 1379 1122 1417 haec:
1168 1393 1190 1416 a
1223 1379 1459 1430 Borystheni-

792 1440 911 1473 tarum
942 1438 1090 1487 emporio
1119 1437 1240 1487 (quod
1269 1438 1306 1474 in
1335 1437 1458 1475 medio

795 1494 871 1531 sere
903 1494 1096 1531 universae
1133 1506 1220 1532 orae
1256 1495 1459 1532 maritimae

796 1550 974 1599 Scythiae
992 1551 1102 1587 situm
1125 1551 1212 1599 est),
1243 1551 1288 1587 ab
1307 1551 1370 1587 hoc
1388 1552 1462 1600 igi-

796 1611 855 1643 tur
871 1608 1020 1657 emporio
1039 1607 1088 1654 (si
1111 1608 1160 1643 ad
1184 1608 1360 1645 interiora
1378 1611 1461 1645 ten-

796 1664 883 1712 das)
896 1694 906 1711 ‚
933 1665 1046 1714 primi
1062 1663 1228 1700 habitant
1244 1664 1462 1713 Οαίῖίρίάαε,

797 1733 825 1757 s.
867 1722 1000 1770 primos
1047 1721 1202 1769 offendes
1243 1720 1460 1771 Callipz'daS.

795 1777 933 1815 Moneo
955 1778 1002 1815 ob
1025 1776 1290 1824 Reichardum,
1323 1777 1420 1827 quil.
1437 1777 1460 1814 l.

795 1847 881 1884 pag.
905 1834 959 1875 24
987 1834 1268 1885 praepositionis
1289 1829 1369 1873 ἀπὸ
1390 1834 1461 1871 vim

795 1890 905 1941 plane
927 1891 1124 1939 ignorans,
1158 1890 1278 1928 locum
1305 1892 1357 1928 sic
1378 1891 1463 1928 red-

797 1948 914 1984 didit:
951 1948 1020 1984 l'or
1038 1947 1377 1984 derHcmdelsstadt
1400 1948 1461 1984 der

795 2003 831 2041 B
834 2005 1069 2054 orystkem'ten
1078 2027 1132 2031 —
1143 2005 1290 2042 wolmeri
1308 2005 1365 2041 die
1375 2004 1459 2042 Cal-

797 2062 1006 2110 lv'pz'den.—
1029 2060 1089 2098 Ad
1109 2062 1345 2112 μεσαίτατον
1361 2062 1455 2098 conf.

795 2117 928 2155 Matth.
950 2116 986 2169 ἓ.
1012 2120 1102 2159 127.
1126 2120 1203 2158 133
1223 2122 1349 2159 not.2.
1377 2117 1456 2158 134

796 2180 871 2211 not.
897 2199 946 2203 -—
964 2175 1309 2224 Borysthenitarum
1334 2187 1460 2225 empo-

795 2232 885 2268 rium
908 2232 1006 2268 haud
1026 2231 1152 2282 procul
1174 2232 1220 2270 ab
1244 2232 1324 2283 ipsa
1336 2232 1459 2277 Olbia,

796 2301 889 2337 quae
910 2287 1253 2338 Borysthenitarum
1275 2289 1342 2326 fuit
1361 2288 1462 2334 urbs,

797 2345 903 2382 situm
932 2359 976 2382 eo
1005 2345 1084 2382 loco
1111 2345 1352 2392 crediderim,
1385 2357 1458 2394 quo

797 2401 965 2452 Hypanis
983 2406 1093 2451 atque
1103 2402 1354 2451 Borysthenes
1374 2414 1461 2438 con-

797 2458 906 2496 iuncti
935 2459 1056 2496 Ponto
1090 2459 1308 2506 miscentur,
1350 2458 1462 2495 illius-

796 2528 868 2564 que
910 2516 1007 2552 urbis
1050 2520 1252 2553 mercatura
1296 2515 1460 2552 florentis

796 2576 944 2622 portum
964 2573 1086 2610 fuisse.
1126 2572 1188 2609 Tu
1205 2573 1302 2609 conf.
1322 2572 1384 2618 lv,
1405 2570 1459 2610 24-

798 2632 834 2666 et
854 2628 1004 2666 Excurs.
1028 2629 1077 2666 ad
1096 2629 1158 2676 lV,
1182 2630 1244 2668 18.

857 2685 1098 2724 Καλλιπίδαι
1111 2706 1160 2712 -
1176 2679 1459 2731 ἐόι’τες”Έλλη-

799 2756 864 2788 νες
888 2739 1070 2792 Σκύθαι]
1112 2742 1142 2779 C
1148 2755 1175 2777 r.
1207 2739 1361 2778 conferri
1385 2738 1459 2775 vult

799 2798 992 2848 Sprengel.
1022 2798 1180 2848 Apolog.
1216 2797 1251 2833 d.
1281 2796 1457 2846 Hippocr.

271 755 377 800 Ἀπὸ
417 759 499 800 τοῦ
543 756 930 810 Βορυσθενεϊτέων
970 755 1210 812 ἐμπορίου,
1263 761 1397 801 τοῦτο
1455 764 1553 797 Supra
1570 765 1735 800 emporium

1484 798 1711 833 Borysthenita-

1474 840 1538 859 rum
1559 833 1660 859 colunt
1681 833 1719 860 ad

1474 866 1599 900 {ypanin
1612 866 1735 902 callipi-

1458 900 1534 933 dae,
1579 900 1735 934 Alazones,

1460 934 1500 968 [c.
1517 934 1575 969 49]
1603 934 1736 969 Scythae
