<?xml version="1.0" encoding="UTF-8"?>
<!DOCTYPE html PUBLIC "-//W3C//DTD XHTML 1.0 Transitional//EN"
    "http://www.w3.org/TR/xhtml1/DTD/xhtml1-transitional.dtd">
<html xmlns="http://www.w3.org/1999/xhtml" xml:lang="en" lang="en">
 <head>
  <title>
</title>
<meta http-equiv="Content-Type" content="text/html;charset=utf-8" />
  <meta name='ocr-system' content='tesseract 3.04.00' />
  <meta name='ocr-capabilities' content='ocr_page ocr_carea ocr_par ocr_line ocrx_word'/>
</head>
<body>
  <div class='ocr_page' id='page_1' title='image "./musaeher02hero/musaeher02hero_0288.png"; bbox 0 0 1863 3256; ppageno 0'>
   <div class='ocr_carea' id='block_1_1' title="bbox 375 296 459 336">
    <p class='ocr_par' dir='ltr' id='par_1_1' title="bbox 375 296 459 336">
     <span class='ocr_line' id='line_1_1' title="bbox 375 296 459 336; baseline 0 0"><span class='ocrx_word' id='word_1_1' title='bbox 375 296 459 336; x_wconf 74' lang='lat'>276</span> 
     </span>
    </p>
   </div>
   <div class='ocr_carea' id='block_1_2' title="bbox 778 292 1258 332">
    <p class='ocr_par' dir='ltr' id='par_1_2' title="bbox 778 292 1258 332">
     <span class='ocr_line' id='line_1_2' title="bbox 778 292 1258 332; baseline -0.004 -1"><span class='ocrx_word' id='word_1_2' title='bbox 778 292 1258 332; x_wconf 83' lang='lat' dir='ltr'><strong>HERODOTI</strong></span> 
     </span>
    </p>
   </div>
   <div class='ocr_carea' id='block_1_3' title="bbox 346 399 1703 671">
    <p class='ocr_par' dir='ltr' id='par_1_3' title="bbox 346 399 1703 671">
     <span class='ocr_line' id='line_1_3' title="bbox 375 399 1647 457; baseline -0.003 -10"><span class='ocrx_word' id='word_1_3' title='bbox 375 420 424 449; x_wconf 88' lang='grc' dir='ltr'><em>το</em></span> <span class='ocrx_word' id='word_1_4' title='bbox 453 403 635 448; x_wconf 83' lang='grc' dir='ltr'><em>ποιέειν·</em></span> <span class='ocrx_word' id='word_1_5' title='bbox 675 402 750 455; x_wconf 78' lang='grc' dir='ltr'><em>τοὶς</em></span> <span class='ocrx_word' id='word_1_6' title='bbox 779 402 942 457; x_wconf 78' lang='grc' dir='ltr'><em>φλέβας</em></span> <span class='ocrx_word' id='word_1_7' title='bbox 970 417 1015 445; x_wconf 83' lang='grc' dir='ltr'><em>τε</em></span> <span class='ocrx_word' id='word_1_8' title='bbox 1052 402 1328 456; x_wconf 78' lang='grc' dir='ltr'><em>πίμπλασθαι</em></span> <span class='ocrx_word' id='word_1_9' title='bbox 1364 399 1647 456; x_wconf 85' lang='grc' dir='ltr'><em>φυσεωμένας</em></span> 
     </span>
     <span class='ocr_line' id='line_1_4' title="bbox 346 468 1645 531; baseline -0.002 -15"><span class='ocrx_word' id='word_1_10' title='bbox 346 479 456 531; x_wconf 84' lang='grc' dir='ltr'><em>3τῆς</em></span> <span class='ocrx_word' id='word_1_11' title='bbox 501 477 662 525; x_wconf 76' lang='grc' dir='ltr'><em>ἵππου,</em></span> <span class='ocrx_word' id='word_1_12' title='bbox 717 473 791 517; x_wconf 83' lang='grc' dir='ltr'><em>καὶ</em></span> <span class='ocrx_word' id='word_1_13' title='bbox 837 472 885 516; x_wconf 85' lang='grc' dir='ltr'>τὸ</span> <span class='ocrx_word' id='word_1_14' title='bbox 933 468 1079 527; x_wconf 80' lang='grc' dir='ltr'><em>οὖθαρ</em></span> <span class='ocrx_word' id='word_1_15' title='bbox 1128 473 1368 515; x_wconf 82' lang='grc' dir='ltr'><em>κατίεσθαι.</em></span> <span class='ocrx_word' id='word_1_16' title='bbox 1425 470 1556 514; x_wconf 77' lang='grc' dir='ltr'><em>ἐπεάν</em></span> <span class='ocrx_word' id='word_1_17' title='bbox 1597 470 1645 515; x_wconf 82' lang='grc' dir='ltr'>δὲ</span> 
     </span>
     <span class='ocr_line' id='line_1_5' title="bbox 375 539 1642 601; baseline -0.004 -12"><span class='ocrx_word' id='word_1_18' title='bbox 375 545 588 601; x_wconf 75' lang='grc' dir='ltr'><em>ἀμέλξωσι</em></span> <span class='ocrx_word' id='word_1_19' title='bbox 610 544 657 588; x_wconf 85' lang='grc' dir='ltr'><em>τό</em></span> <span class='ocrx_word' id='word_1_20' title='bbox 678 543 811 599; x_wconf 77' lang='grc' dir='ltr'><em>γάλα,</em></span> <span class='ocrx_word' id='word_1_21' title='bbox 842 542 1060 599; x_wconf 78' lang='grc' dir='ltr'><em>ἐσχέαντες</em></span> <span class='ocrx_word' id='word_1_22' title='bbox 1083 543 1124 593; x_wconf 80' lang='grc' dir='ltr'>ἐς</span> <span class='ocrx_word' id='word_1_23' title='bbox 1148 541 1297 594; x_wconf 84' lang='grc' dir='ltr'><em>ξύλινα</em></span> <span class='ocrx_word' id='word_1_24' title='bbox 1320 539 1478 597; x_wconf 82' lang='grc' dir='ltr'><em>ἆγγήϊα</em></span> <span class='ocrx_word' id='word_1_25' title='bbox 1501 546 1642 595; x_wconf 77' lang='grc' dir='ltr'><em>κοῖλα,</em></span> 
     </span>
     <span class='ocr_line' id='line_1_6' title="bbox 374 611 1703 671; baseline -0.003 -12"><span class='ocrx_word' id='word_1_26' title='bbox 374 617 447 660; x_wconf 83' lang='grc' dir='ltr'><em>καὶ</em></span> <span class='ocrx_word' id='word_1_27' title='bbox 485 616 802 671; x_wconf 78' lang='grc' dir='ltr'><em>περιστίξαντες</em></span> <span class='ocrx_word' id='word_1_28' title='bbox 846 613 954 657; x_wconf 80' lang='grc' dir='ltr'><em>κατὰ</em></span> <span class='ocrx_word' id='word_1_29' title='bbox 997 613 1050 657; x_wconf 85' lang='grc' dir='ltr'><em>τὰ</em></span> <span class='ocrx_word' id='word_1_30' title='bbox 1095 611 1253 670; x_wconf 79' lang='grc' dir='ltr'><em>α’γγήϊα</em></span> <span class='ocrx_word' id='word_1_31' title='bbox 1292 613 1396 664; x_wconf 77' lang='grc' dir='ltr'>τούς</span> <span class='ocrx_word' id='word_1_32' title='bbox 1433 612 1643 669; x_wconf 75' lang='grc' dir='ltr'><em>τυφλούς,</em></span> <span class='ocrx_word' id='word_1_33' title='bbox 1657 619 1703 653; x_wconf 87' lang='grc'>30</span> 
     </span>
    </p>
   </div>
   <div class='ocr_carea' id='block_1_4' title="bbox 347 684 815 742">
    <p class='ocr_par' dir='ltr' id='par_1_4' title="bbox 347 684 815 742">
     <span class='ocr_line' id='line_1_7' title="bbox 347 684 815 742; baseline -0.009 -11"><span class='ocrx_word' id='word_1_34' title='bbox 347 687 585 731; x_wconf 83' lang='grc' dir='ltr'><em>4δονέουσι</em></span> <span class='ocrx_word' id='word_1_35' title='bbox 612 685 661 729; x_wconf 88' lang='grc' dir='ltr'><em>τὸ</em></span> <span class='ocrx_word' id='word_1_36' title='bbox 690 684 815 742; x_wconf 76' lang='grc' dir='ltr'><em>γάλα.</em></span> 
     </span>
    </p>
   </div>
   <div class='ocr_carea' id='block_1_5' title="bbox 318 900 983 2978">
    <p class='ocr_par' dir='ltr' id='par_1_5' title="bbox 318 900 983 2978">
     <span class='ocr_line' id='line_1_8' title="bbox 377 900 978 956; baseline 0 -14"><span class='ocrx_word' id='word_1_37' title='bbox 377 900 447 950; x_wconf 72' lang='grc' dir='ltr'><em>τοὶς</em></span> <span class='ocrx_word' id='word_1_38' title='bbox 477 901 627 954; x_wconf 80' lang='grc' dir='ltr'><em>φλέβας</em></span> <span class='ocrx_word' id='word_1_39' title='bbox 653 919 695 944; x_wconf 87' lang='grc' dir='ltr'><em>τε</em></span> <span class='ocrx_word' id='word_1_40' title='bbox 719 903 978 956; x_wconf 83' lang='grc' dir='ltr'><em>πίμπλασθαι</em></span> 
     </span>
     <span class='ocr_line' id='line_1_9' title="bbox 323 958 980 1012; baseline 0 -14"><span class='ocrx_word' id='word_1_41' title='bbox 323 958 583 1010; x_wconf 81' lang='grc' dir='ltr'><em>φυσεωμένας</em></span> <span class='ocrx_word' id='word_1_42' title='bbox 615 964 686 1012; x_wconf 79' lang='grc' dir='ltr'><em>τῆς</em></span> <span class='ocrx_word' id='word_1_43' title='bbox 721 961 870 1008; x_wconf 80' lang='grc' dir='ltr'><em>ἵππου,</em></span> <span class='ocrx_word' id='word_1_44' title='bbox 911 958 980 998; x_wconf 82' lang='grc' dir='ltr'><em>καὶ</em></span> 
     </span>
     <span class='ocr_line' id='line_1_10' title="bbox 320 1010 980 1068; baseline -0.002 -13"><span class='ocrx_word' id='word_1_45' title='bbox 320 1013 364 1055; x_wconf 78' lang='grc' dir='ltr'><em>τό</em></span> <span class='ocrx_word' id='word_1_46' title='bbox 398 1010 531 1066; x_wconf 71' lang='grc' dir='ltr'><em>οὖθαρ</em></span> <span class='ocrx_word' id='word_1_47' title='bbox 559 1016 783 1068; x_wconf 75' lang='grc' dir='ltr'><em>κατίεσθαι]</em></span> <span class='ocrx_word' id='word_1_48' title='bbox 825 1017 980 1054; x_wconf 80' lang='lat' dir='ltr'>Valcke-</span> 
     </span>
     <span class='ocr_line' id='line_1_11' title="bbox 320 1072 981 1124; baseline 0.003 -14"><span class='ocrx_word' id='word_1_49' title='bbox 320 1086 419 1110; x_wconf 87' lang='lat' dir='ltr'>naer.</span> <span class='ocrx_word' id='word_1_50' title='bbox 442 1073 548 1110; x_wconf 81' lang='lat' dir='ltr'>scribi</span> <span class='ocrx_word' id='word_1_51' title='bbox 567 1074 701 1112; x_wconf 86' lang='lat' dir='ltr'>mavult</span> <span class='ocrx_word' id='word_1_52' title='bbox 721 1072 981 1124; x_wconf 82' lang='grc' dir='ltr'><em>φυσεωμένης</em></span> 
     </span>
     <span class='ocr_line' id='line_1_12' title="bbox 320 1129 981 1179; baseline 0 -12"><span class='ocrx_word' id='word_1_53' title='bbox 320 1132 391 1179; x_wconf 81' lang='grc' dir='ltr'><em>τῆς</em></span> <span class='ocrx_word' id='word_1_54' title='bbox 409 1129 534 1168; x_wconf 75' lang='grc' dir='ltr'><em>ἵππου</em></span> <span class='ocrx_word' id='word_1_55' title='bbox 555 1144 598 1169; x_wconf 89' lang='lat' dir='ltr'>ex</span> <span class='ocrx_word' id='word_1_56' title='bbox 617 1132 820 1177; x_wconf 80' lang='lat' dir='ltr'>Athenaeo,</span> <span class='ocrx_word' id='word_1_57' title='bbox 852 1131 912 1179; x_wconf 88' lang='lat' dir='ltr'>qui</span> <span class='ocrx_word' id='word_1_58' title='bbox 933 1131 981 1166; x_wconf 84' lang='lat' dir='ltr'>ob</span> 
     </span>
     <span class='ocr_line' id='line_1_13' title="bbox 322 1180 980 1238; baseline 0.006 -16"><span class='ocrx_word' id='word_1_59' title='bbox 322 1199 446 1223; x_wconf 82' lang='lat' dir='ltr'>vocem</span> <span class='ocrx_word' id='word_1_60' title='bbox 467 1180 600 1238; x_wconf 77' lang='grc' dir='ltr'><em>οὖθαρ</em></span> <span class='ocrx_word' id='word_1_61' title='bbox 623 1188 712 1224; x_wconf 86' lang='lat' dir='ltr'>haec</span> <span class='ocrx_word' id='word_1_62' title='bbox 732 1188 818 1224; x_wconf 83' lang='lat' dir='ltr'>citat</span> <span class='ocrx_word' id='word_1_63' title='bbox 840 1187 905 1232; x_wconf 80' lang='lat' dir='ltr'>IX,</span> <span class='ocrx_word' id='word_1_64' title='bbox 927 1188 980 1226; x_wconf 84' lang='lat'>60</span> 
     </span>
     <span class='ocr_line' id='line_1_14' title="bbox 320 1243 981 1293; baseline -0.003 -13"><span class='ocrx_word' id='word_1_65' title='bbox 320 1255 408 1293; x_wconf 85' lang='lat' dir='ltr'>pag.</span> <span class='ocrx_word' id='word_1_66' title='bbox 438 1244 518 1283; x_wconf 77' lang='lat'>399</span> <span class='ocrx_word' id='word_1_67' title='bbox 552 1245 594 1281; x_wconf 89' lang='lat' dir='ltr'>C.</span> <span class='ocrx_word' id='word_1_68' title='bbox 652 1244 752 1281; x_wconf 88' lang='lat' dir='ltr'>Libri</span> <span class='ocrx_word' id='word_1_69' title='bbox 779 1243 981 1281; x_wconf 86' lang='lat' dir='ltr'>Herodotei</span> 
     </span>
     <span class='ocr_line' id='line_1_15' title="bbox 322 1293 981 1349; baseline 0.005 -15"><span class='ocrx_word' id='word_1_70' title='bbox 322 1311 397 1335; x_wconf 85' lang='lat' dir='ltr'>non</span> <span class='ocrx_word' id='word_1_71' title='bbox 414 1299 598 1336; x_wconf 88' lang='lat' dir='ltr'>addicunt.</span> <span class='ocrx_word' id='word_1_72' title='bbox 643 1300 709 1336; x_wconf 80' lang='lat' dir='ltr'>Est</span> <span class='ocrx_word' id='word_1_73' title='bbox 726 1313 813 1337; x_wconf 82' lang='lat' dir='ltr'>vero</span> <span class='ocrx_word' id='word_1_74' title='bbox 833 1293 981 1349; x_wconf 76' lang='grc' dir='ltr'><em>οὖθαρ,</em></span> 
     </span>
     <span class='ocr_line' id='line_1_16' title="bbox 322 1355 983 1405; baseline 0.002 -15"><span class='ocrx_word' id='word_1_75' title='bbox 322 1355 424 1404; x_wconf 77' lang='lat' dir='ltr'>‘quod</span> <span class='ocrx_word' id='word_1_76' title='bbox 447 1355 493 1392; x_wconf 91' lang='lat' dir='ltr'>de</span> <span class='ocrx_word' id='word_1_77' title='bbox 508 1355 623 1393; x_wconf 87' lang='lat' dir='ltr'>bobus</span> <span class='ocrx_word' id='word_1_78' title='bbox 647 1356 799 1405; x_wconf 89' lang='lat' dir='ltr'>aliisque</span> <span class='ocrx_word' id='word_1_79' title='bbox 820 1355 983 1392; x_wconf 88' lang='lat' dir='ltr'>animali-</span> 
     </span>
     <span class='ocr_line' id='line_1_17' title="bbox 324 1411 982 1458; baseline 0.002 -11"><span class='ocrx_word' id='word_1_80' title='bbox 324 1411 390 1448; x_wconf 85' lang='lat' dir='ltr'>bus</span> <span class='ocrx_word' id='word_1_81' title='bbox 407 1411 520 1447; x_wconf 86' lang='lat' dir='ltr'>rarius</span> <span class='ocrx_word' id='word_1_82' title='bbox 539 1413 744 1456; x_wconf 78' lang='lat' dir='ltr'>adhibetur,</span> <span class='ocrx_word' id='word_1_83' title='bbox 765 1412 860 1458; x_wconf 73' lang='lat' dir='ltr'>uber,</span> <span class='ocrx_word' id='word_1_84' title='bbox 873 1424 982 1448; x_wconf 80' lang='lat' dir='ltr'>mam-</span> 
     </span>
     <span class='ocr_line' id='line_1_18' title="bbox 324 1469 982 1516; baseline 0.002 -13"><span class='ocrx_word' id='word_1_85' title='bbox 324 1480 394 1514; x_wconf 85' lang='lat' dir='ltr'>ma,</span> <span class='ocrx_word' id='word_1_86' title='bbox 431 1480 562 1515; x_wconf 77' lang='lat' dir='ltr'>smnen,</span> <span class='ocrx_word' id='word_1_87' title='bbox 591 1470 690 1516; x_wconf 81' lang='lat' dir='ltr'>quod</span> <span class='ocrx_word' id='word_1_88' title='bbox 713 1470 742 1505; x_wconf 94' lang='lat' dir='ltr'>si</span> <span class='ocrx_word' id='word_1_89' title='bbox 771 1469 982 1505; x_wconf 74' lang='lat' dir='ltr'><strong>demittatur</strong></span> 
     </span>
     <span class='ocr_line' id='line_1_19' title="bbox 324 1524 981 1574; baseline 0 -12"><span class='ocrx_word' id='word_1_90' title='bbox 324 1524 573 1573; x_wconf 75' lang='grc' dir='ltr'><em>(κατίεσθαι)</em></span> <span class='ocrx_word' id='word_1_91' title='bbox 594 1524 648 1561; x_wconf 84' lang='lat' dir='ltr'>lac</span> <span class='ocrx_word' id='word_1_92' title='bbox 670 1525 806 1563; x_wconf 85' lang='lat' dir='ltr'>facilius</span> <span class='ocrx_word' id='word_1_93' title='bbox 821 1524 981 1574; x_wconf 85' lang='lat' dir='ltr'>emulge-</span> 
     </span>
     <span class='ocr_line' id='line_1_20' title="bbox 321 1581 980 1632; baseline 0 -15"><span class='ocrx_word' id='word_1_94' title='bbox 321 1581 352 1617; x_wconf 89' lang='lat' dir='ltr'>ri</span> <span class='ocrx_word' id='word_1_95' title='bbox 372 1593 481 1630; x_wconf 86' lang='lat' dir='ltr'>posse</span> <span class='ocrx_word' id='word_1_96' title='bbox 512 1585 677 1632; x_wconf 85' lang='lat' dir='ltr'>apparet.</span> <span class='ocrx_word' id='word_1_97' title='bbox 735 1581 860 1618; x_wconf 81' lang='lat' dir='ltr'>Simile</span> <span class='ocrx_word' id='word_1_98' title='bbox 892 1582 980 1629; x_wconf 89' lang='lat' dir='ltr'>quid</span> 
     </span>
     <span class='ocr_line' id='line_1_21' title="bbox 322 1635 981 1674; baseline 0.003 -2"><span class='ocrx_word' id='word_1_99' title='bbox 322 1637 358 1673; x_wconf 87' lang='lat' dir='ltr'>in</span> <span class='ocrx_word' id='word_1_100' title='bbox 378 1635 510 1673; x_wconf 83' lang='lat' dir='ltr'>Arabia</span> <span class='ocrx_word' id='word_1_101' title='bbox 537 1651 576 1674; x_wconf 88' lang='lat' dir='ltr'>se</span> <span class='ocrx_word' id='word_1_102' title='bbox 595 1638 727 1674; x_wconf 79' lang='lat' dir='ltr'>vidisse</span> <span class='ocrx_word' id='word_1_103' title='bbox 747 1643 870 1674; x_wconf 87' lang='lat' dir='ltr'>narrat</span> <span class='ocrx_word' id='word_1_104' title='bbox 892 1637 981 1674; x_wconf 78' lang='lat' dir='ltr'>Nie-</span> 
     </span>
     <span class='ocr_line' id='line_1_22' title="bbox 321 1692 980 1744; baseline 0 -14"><span class='ocrx_word' id='word_1_105' title='bbox 321 1693 416 1730; x_wconf 89' lang='lat' dir='ltr'>buhr</span> <span class='ocrx_word' id='word_1_106' title='bbox 437 1692 636 1743; x_wconf 85' lang='lat' dir='ltr'>(Descript,</span> <span class='ocrx_word' id='word_1_107' title='bbox 657 1694 703 1730; x_wconf 90' lang='lat' dir='ltr'>de</span> <span class='ocrx_word' id='word_1_108' title='bbox 722 1693 743 1729; x_wconf 87' lang='lat' dir='ltr'>l’</span> <span class='ocrx_word' id='word_1_109' title='bbox 762 1692 870 1730; x_wconf 87' lang='lat' dir='ltr'>Arab.</span> <span class='ocrx_word' id='word_1_110' title='bbox 895 1706 980 1744; x_wconf 85' lang='lat' dir='ltr'>pag.</span> 
     </span>
     <span class='ocr_line' id='line_1_23' title="bbox 325 1749 980 1797; baseline 0.002 -12"><span class='ocrx_word' id='word_1_111' title='bbox 325 1751 419 1796; x_wconf 85' lang='lat'>146,</span> <span class='ocrx_word' id='word_1_112' title='bbox 449 1754 542 1787; x_wconf 89' lang='lat' dir='ltr'>teste</span> <span class='ocrx_word' id='word_1_113' title='bbox 562 1749 786 1797; x_wconf 83' lang='lat' dir='ltr'>Larehero);</span> <span class='ocrx_word' id='word_1_114' title='bbox 817 1750 980 1786; x_wconf 88' lang='lat' dir='ltr'>ubimul-</span> 
     </span>
     <span class='ocr_line' id='line_1_24' title="bbox 322 1805 981 1855; baseline 0 -12"><span class='ocrx_word' id='word_1_115' title='bbox 322 1810 433 1855; x_wconf 87' lang='lat' dir='ltr'>gente</span> <span class='ocrx_word' id='word_1_116' title='bbox 468 1805 580 1843; x_wconf 89' lang='lat' dir='ltr'>altero</span> <span class='ocrx_word' id='word_1_117' title='bbox 611 1805 704 1843; x_wconf 87' lang='lat' dir='ltr'>alter</span> <span class='ocrx_word' id='word_1_118' title='bbox 731 1819 877 1843; x_wconf 89' lang='lat' dir='ltr'>manum</span> <span class='ocrx_word' id='word_1_119' title='bbox 895 1807 981 1843; x_wconf 83' lang='lat' dir='ltr'>bra-</span> 
     </span>
     <span class='ocr_line' id='line_1_25' title="bbox 318 1862 981 1911; baseline 0.002 -13"><span class='ocrx_word' id='word_1_120' title='bbox 318 1862 510 1911; x_wconf 88' lang='lat' dir='ltr'>chiumque</span> <span class='ocrx_word' id='word_1_121' title='bbox 527 1862 563 1899; x_wconf 91' lang='lat' dir='ltr'>in</span> <span class='ocrx_word' id='word_1_122' title='bbox 584 1875 715 1899; x_wconf 89' lang='lat' dir='ltr'>vaccae</span> <span class='ocrx_word' id='word_1_123' title='bbox 726 1863 867 1899; x_wconf 81' lang='lat' dir='ltr'>vulvam</span> <span class='ocrx_word' id='word_1_124' title='bbox 886 1863 981 1900; x_wconf 90' lang='lat' dir='ltr'>inse-</span> 
     </span>
     <span class='ocr_line' id='line_1_26' title="bbox 318 1918 980 1967; baseline 0.002 -12"><span class='ocrx_word' id='word_1_125' title='bbox 318 1918 387 1964; x_wconf 84' lang='lat' dir='ltr'>rit,</span> <span class='ocrx_word' id='word_1_126' title='bbox 420 1919 519 1967; x_wconf 88' lang='lat' dir='ltr'>quod</span> <span class='ocrx_word' id='word_1_127' title='bbox 548 1918 642 1956; x_wconf 88' lang='lat' dir='ltr'>illam</span> <span class='ocrx_word' id='word_1_128' title='bbox 672 1919 739 1956; x_wconf 85' lang='lat' dir='ltr'>hac</span> <span class='ocrx_word' id='word_1_129' title='bbox 771 1919 980 1956; x_wconf 80' lang='lat' dir='ltr'>titillatione</span> 
     </span>
     <span class='ocr_line' id='line_1_27' title="bbox 321 1974 980 2024; baseline 0 -12"><span class='ocrx_word' id='word_1_130' title='bbox 321 1975 512 2012; x_wconf 78' lang='lat' dir='ltr'>excitatam</span> <span class='ocrx_word' id='word_1_131' title='bbox 544 1974 625 2024; x_wconf 90' lang='lat' dir='ltr'>plus</span> <span class='ocrx_word' id='word_1_132' title='bbox 661 1975 762 2012; x_wconf 85' lang='lat' dir='ltr'>lactis</span> <span class='ocrx_word' id='word_1_133' title='bbox 798 1976 980 2012; x_wconf 87' lang='lat' dir='ltr'>edituram</span> 
     </span>
     <span class='ocr_line' id='line_1_28' title="bbox 320 2031 982 2081; baseline 0.002 -15"><span class='ocrx_word' id='word_1_134' title='bbox 320 2035 464 2081; x_wconf 90' lang='lat' dir='ltr'>putant.</span> <span class='ocrx_word' id='word_1_135' title='bbox 483 2031 625 2074; x_wconf 85' lang='lat' dir='ltr'>Quibus</span> <span class='ocrx_word' id='word_1_136' title='bbox 635 2032 779 2068; x_wconf 87' lang='lat' dir='ltr'>subiicit</span> <span class='ocrx_word' id='word_1_137' title='bbox 791 2032 982 2080; x_wconf 83' lang='lat' dir='ltr'>Schweig-</span> 
     </span>
     <span class='ocr_line' id='line_1_29' title="bbox 324 2087 982 2137; baseline 0.002 -14"><span class='ocrx_word' id='word_1_138' title='bbox 324 2087 542 2134; x_wconf 83' lang='lat' dir='ltr'>haeuserus,</span> <span class='ocrx_word' id='word_1_139' title='bbox 580 2101 674 2137; x_wconf 87' lang='lat' dir='ltr'>quae</span> <span class='ocrx_word' id='word_1_140' title='bbox 702 2087 829 2125; x_wconf 86' lang='lat' dir='ltr'>similia</span> <span class='ocrx_word' id='word_1_141' title='bbox 859 2089 895 2124; x_wconf 89' lang='lat' dir='ltr'>in</span> <span class='ocrx_word' id='word_1_142' title='bbox 918 2100 982 2124; x_wconf 85' lang='lat' dir='ltr'>au-</span> 
     </span>
     <span class='ocr_line' id='line_1_30' title="bbox 326 2142 983 2194; baseline 0.003 -15"><span class='ocrx_word' id='word_1_143' title='bbox 326 2142 428 2180; x_wconf 77' lang='lat' dir='ltr'>strali</span> <span class='ocrx_word' id='word_1_144' title='bbox 453 2143 596 2181; x_wconf 85' lang='lat' dir='ltr'>Africae</span> <span class='ocrx_word' id='word_1_145' title='bbox 623 2145 871 2194; x_wconf 88' lang='lat' dir='ltr'>promontorio</span> <span class='ocrx_word' id='word_1_146' title='bbox 900 2156 983 2181; x_wconf 83' lang='lat' dir='ltr'>vac-</span> 
     </span>
     <span class='ocr_line' id='line_1_31' title="bbox 325 2199 983 2250; baseline 0.003 -15"><span class='ocrx_word' id='word_1_147' title='bbox 325 2200 376 2236; x_wconf 87' lang='lat' dir='ltr'>cis</span> <span class='ocrx_word' id='word_1_148' title='bbox 398 2199 501 2245; x_wconf 85' lang='lat' dir='ltr'>fiant,</span> <span class='ocrx_word' id='word_1_149' title='bbox 518 2213 625 2249; x_wconf 86' lang='lat' dir='ltr'>quae,</span> <span class='ocrx_word' id='word_1_150' title='bbox 643 2206 835 2250; x_wconf 77' lang='lat' dir='ltr'>postquam</span> <span class='ocrx_word' id='word_1_151' title='bbox 856 2201 983 2238; x_wconf 89' lang='lat' dir='ltr'>adem-</span> 
     </span>
     <span class='ocr_line' id='line_1_32' title="bbox 326 2256 982 2303; baseline 0.003 -12"><span class='ocrx_word' id='word_1_152' title='bbox 326 2260 384 2292; x_wconf 89' lang='lat' dir='ltr'>tus</span> <span class='ocrx_word' id='word_1_153' title='bbox 418 2256 464 2292; x_wconf 86' lang='lat' dir='ltr'>sit</span> <span class='ocrx_word' id='word_1_154' title='bbox 493 2257 643 2303; x_wconf 83' lang='lat' dir='ltr'>vitulus,</span> <span class='ocrx_word' id='word_1_155' title='bbox 682 2257 736 2294; x_wconf 87' lang='lat' dir='ltr'>lac</span> <span class='ocrx_word' id='word_1_156' title='bbox 762 2257 850 2295; x_wconf 87' lang='lat' dir='ltr'>dare</span> <span class='ocrx_word' id='word_1_157' title='bbox 880 2270 982 2294; x_wconf 85' lang='lat' dir='ltr'>recu-</span> 
     </span>
     <span class='ocr_line' id='line_1_33' title="bbox 326 2313 980 2363; baseline 0.005 -16"><span class='ocrx_word' id='word_1_158' title='bbox 326 2315 428 2356; x_wconf 74' lang='lat' dir='ltr'>sent,</span> <span class='ocrx_word' id='word_1_159' title='bbox 467 2317 613 2350; x_wconf 87' lang='lat' dir='ltr'>auctore</span> <span class='ocrx_word' id='word_1_160' title='bbox 631 2313 765 2350; x_wconf 85' lang='lat' dir='ltr'>Kolbio</span> <span class='ocrx_word' id='word_1_161' title='bbox 790 2315 827 2350; x_wconf 92' lang='lat' dir='ltr'>in</span> <span class='ocrx_word' id='word_1_162' title='bbox 846 2313 980 2363; x_wconf 80' lang='lat' dir='ltr'>Capite</span> 
     </span>
     <span class='ocr_line' id='line_1_34' title="bbox 321 2368 980 2418; baseline 0.005 -15"><span class='ocrx_word' id='word_1_163' title='bbox 321 2368 448 2403; x_wconf 81' lang='lat' dir='ltr'>Bonae</span> <span class='ocrx_word' id='word_1_164' title='bbox 480 2370 568 2418; x_wconf 81' lang='lat' dir='ltr'>Spei</span> <span class='ocrx_word' id='word_1_165' title='bbox 596 2370 773 2406; x_wconf 85' lang='lat' dir='ltr'>hodierno</span> <span class='ocrx_word' id='word_1_166' title='bbox 810 2369 980 2417; x_wconf 78' lang='lat' dir='ltr'>(Norim-</span> 
     </span>
     <span class='ocr_line' id='line_1_35' title="bbox 323 2423 979 2475; baseline 0.005 -16"><span class='ocrx_word' id='word_1_167' title='bbox 323 2423 423 2471; x_wconf 80' lang='lat' dir='ltr'>berg.</span> <span class='ocrx_word' id='word_1_168' title='bbox 450 2427 575 2469; x_wconf 76' lang='lat'>1719)</span> <span class='ocrx_word' id='word_1_169' title='bbox 601 2439 682 2475; x_wconf 73' lang='lat' dir='ltr'>pag.</span> <span class='ocrx_word' id='word_1_170' title='bbox 705 2424 797 2465; x_wconf 72' lang='lat'>460.</span> <span class='ocrx_word' id='word_1_171' title='bbox 831 2447 887 2452; x_wconf 92' lang='lat'>—</span> <span class='ocrx_word' id='word_1_172' title='bbox 928 2426 979 2462; x_wconf 83' lang='lat' dir='ltr'>Ac</span> 
     </span>
     <span class='ocr_line' id='line_1_36' title="bbox 323 2480 980 2530; baseline 0.006 -16"><span class='ocrx_word' id='word_1_173' title='bbox 323 2480 508 2529; x_wconf 81' lang='lat' dir='ltr'>pertinent</span> <span class='ocrx_word' id='word_1_174' title='bbox 529 2480 597 2517; x_wconf 87' lang='lat' dir='ltr'>huc</span> <span class='ocrx_word' id='word_1_175' title='bbox 615 2482 795 2530; x_wconf 70' lang='lat' dir='ltr'>Scythae,</span> <span class='ocrx_word' id='word_1_176' title='bbox 839 2482 900 2530; x_wconf 91' lang='lat' dir='ltr'>qui</span> <span class='ocrx_word' id='word_1_177' title='bbox 923 2482 980 2518; x_wconf 87' lang='lat' dir='ltr'>di-</span> 
     </span>
     <span class='ocr_line' id='line_1_37' title="bbox 324 2534 980 2587; baseline 0.008 -17"><span class='ocrx_word' id='word_1_178' title='bbox 324 2539 456 2571; x_wconf 88' lang='lat' dir='ltr'>cuntur</span> <span class='ocrx_word' id='word_1_179' title='bbox 477 2534 754 2587; x_wconf 74' lang='grc' dir='ltr'><em>Ἰηπημολγοὶ,</em></span> <span class='ocrx_word' id='word_1_180' title='bbox 785 2540 980 2575; x_wconf 79' lang='grc' dir='ltr'><em>Γαλακτο-</em></span> 
     </span>
     <span class='ocr_line' id='line_1_38' title="bbox 325 2587 979 2641; baseline 0.002 -13"><span class='ocrx_word' id='word_1_181' title='bbox 325 2587 470 2641; x_wconf 72' lang='grc' dir='ltr'><em>φάγοι;</em></span> <span class='ocrx_word' id='word_1_182' title='bbox 511 2593 557 2629; x_wconf 76' lang='lat' dir='ltr'>(le</span> <span class='ocrx_word' id='word_1_183' title='bbox 579 2593 709 2641; x_wconf 83' lang='lat' dir='ltr'>quibus</span> <span class='ocrx_word' id='word_1_184' title='bbox 730 2595 825 2630; x_wconf 85' lang='lat' dir='ltr'>conf.</span> <span class='ocrx_word' id='word_1_185' title='bbox 845 2593 979 2629; x_wconf 86' lang='lat' dir='ltr'>Strabo</span> 
     </span>
     <span class='ocr_line' id='line_1_39' title="bbox 326 2647 979 2699; baseline 0.003 -17"><span class='ocrx_word' id='word_1_186' title='bbox 326 2647 391 2683; x_wconf 77' lang='lat' dir='ltr'>Vll</span> <span class='ocrx_word' id='word_1_187' title='bbox 416 2661 452 2697; x_wconf 88' lang='lat' dir='ltr'>p.</span> <span class='ocrx_word' id='word_1_188' title='bbox 474 2649 554 2688; x_wconf 82' lang='lat'>300</span> <span class='ocrx_word' id='word_1_189' title='bbox 573 2661 599 2684; x_wconf 86' lang='lat' dir='ltr'>s.</span> <span class='ocrx_word' id='word_1_190' title='bbox 619 2662 654 2699; x_wconf 89' lang='lat' dir='ltr'>p.</span> <span class='ocrx_word' id='word_1_191' title='bbox 669 2649 750 2689; x_wconf 81' lang='lat'>460</span> <span class='ocrx_word' id='word_1_192' title='bbox 770 2650 810 2685; x_wconf 80' lang='grc' dir='ltr'>Β.</span> <span class='ocrx_word' id='word_1_193' title='bbox 833 2650 979 2697; x_wconf 74' lang='lat' dir='ltr'>Scymni</span> 
     </span>
     <span class='ocr_line' id='line_1_40' title="bbox 328 2702 978 2752; baseline 0.002 -13"><span class='ocrx_word' id='word_1_194' title='bbox 328 2702 411 2739; x_wconf 86' lang='lat' dir='ltr'>Chii</span> <span class='ocrx_word' id='word_1_195' title='bbox 440 2704 604 2752; x_wconf 84' lang='lat' dir='ltr'>fragmm.</span> <span class='ocrx_word' id='word_1_196' title='bbox 631 2717 681 2740; x_wconf 86' lang='lat' dir='ltr'>vs.</span> <span class='ocrx_word' id='word_1_197' title='bbox 714 2707 803 2745; x_wconf 80' lang='lat'>116.</span> <span class='ocrx_word' id='word_1_198' title='bbox 860 2704 978 2741; x_wconf 83' lang='lat' dir='ltr'>Nicol.</span> 
     </span>
     <span class='ocr_line' id='line_1_41' title="bbox 326 2758 977 2810; baseline 0.002 -15"><span class='ocrx_word' id='word_1_199' title='bbox 326 2758 495 2796; x_wconf 76' lang='lat' dir='ltr'>Damasc.</span> <span class='ocrx_word' id='word_1_200' title='bbox 515 2761 680 2808; x_wconf 78' lang='lat' dir='ltr'>sragmm.</span> <span class='ocrx_word' id='word_1_201' title='bbox 698 2774 733 2810; x_wconf 90' lang='lat' dir='ltr'>p.</span> <span class='ocrx_word' id='word_1_202' title='bbox 757 2759 835 2801; x_wconf 82' lang='lat'>140</span> <span class='ocrx_word' id='word_1_203' title='bbox 853 2761 977 2807; x_wconf 89' lang='lat' dir='ltr'>Orcll.,</span> 
     </span>
     <span class='ocr_line' id='line_1_42' title="bbox 327 2815 979 2866; baseline 0.002 -15"><span class='ocrx_word' id='word_1_204' title='bbox 327 2828 373 2853; x_wconf 88' lang='lat' dir='ltr'>ne</span> <span class='ocrx_word' id='word_1_205' title='bbox 392 2815 506 2866; x_wconf 88' lang='lat' dir='ltr'>plura.</span> <span class='ocrx_word' id='word_1_206' title='bbox 539 2817 595 2853; x_wconf 90' lang='lat' dir='ltr'>Cf.</span> <span class='ocrx_word' id='word_1_207' title='bbox 622 2816 681 2864; x_wconf 84' lang='lat' dir='ltr'>lv,</span> <span class='ocrx_word' id='word_1_208' title='bbox 699 2816 763 2857; x_wconf 81' lang='grc'>46.</span> <span class='ocrx_word' id='word_1_209' title='bbox 795 2817 893 2859; x_wconf 90' lang='lat' dir='ltr'>Quin</span> <span class='ocrx_word' id='word_1_210' title='bbox 913 2817 979 2852; x_wconf 85' lang='lat' dir='ltr'>lio-</span> 
     </span>
     <span class='ocr_line' id='line_1_43' title="bbox 325 2872 976 2922; baseline 0 -14"><span class='ocrx_word' id='word_1_211' title='bbox 325 2872 459 2921; x_wconf 85' lang='lat' dir='ltr'>dieque</span> <span class='ocrx_word' id='word_1_212' title='bbox 481 2873 578 2922; x_wconf 84' lang='lat' dir='ltr'>apud</span> <span class='ocrx_word' id='word_1_213' title='bbox 599 2872 776 2909; x_wconf 86' lang='lat' dir='ltr'>Tartaros</span> <span class='ocrx_word' id='word_1_214' title='bbox 801 2885 976 2921; x_wconf 87' lang='lat' dir='ltr'>equarum</span> 
     </span>
     <span class='ocr_line' id='line_1_44' title="bbox 325 2927 978 2978; baseline 0.003 -15"><span class='ocrx_word' id='word_1_215' title='bbox 325 2927 380 2964; x_wconf 82' lang='lat' dir='ltr'>lac</span> <span class='ocrx_word' id='word_1_216' title='bbox 406 2929 579 2978; x_wconf 78' lang='lat' dir='ltr'>praeferri</span> <span class='ocrx_word' id='word_1_217' title='bbox 602 2942 790 2966; x_wconf 87' lang='lat' dir='ltr'>vaccarum</span> <span class='ocrx_word' id='word_1_218' title='bbox 810 2928 892 2966; x_wconf 88' lang='lat' dir='ltr'>lacti</span> <span class='ocrx_word' id='word_1_219' title='bbox 921 2933 978 2966; x_wconf 86' lang='lat' dir='ltr'>tc-</span> 
     </span>
    </p>
   </div>
   <div class='ocr_carea' id='block_1_6' title="bbox 875 681 1645 740">
    <p class='ocr_par' dir='ltr' id='par_1_6' title="bbox 875 681 1645 740">
     <span class='ocr_line' id='line_1_45' title="bbox 875 681 1645 740; baseline -0.003 -12"><span class='ocrx_word' id='word_1_220' title='bbox 875 684 948 728; x_wconf 81' lang='grc' dir='ltr'><em>καὶ</em></span> <span class='ocrx_word' id='word_1_221' title='bbox 984 683 1033 727; x_wconf 86' lang='grc' dir='ltr'><em>τὸ</em></span> <span class='ocrx_word' id='word_1_222' title='bbox 1072 686 1150 739; x_wconf 78' lang='grc' dir='ltr'>μὲν</span> <span class='ocrx_word' id='word_1_223' title='bbox 1180 681 1321 727; x_wconf 83' lang='grc' dir='ltr'><em>αὐτοῦ</em></span> <span class='ocrx_word' id='word_1_224' title='bbox 1360 681 1645 740; x_wconf 82' lang='grc' dir='ltr'><em>ἐπιστάμενον</em></span> 
     </span>
    </p>
   </div>
   <div class='ocr_carea' id='block_1_7' title="bbox 1034 903 1700 2977">
    <p class='ocr_par' dir='ltr' id='par_1_7' title="bbox 1034 903 1700 2977">
     <span class='ocr_line' id='line_1_46' title="bbox 1034 903 1700 941; baseline 0 -1"><span class='ocrx_word' id='word_1_225' title='bbox 1034 907 1192 940; x_wconf 88' lang='lat' dir='ltr'>stantur.</span> <span class='ocrx_word' id='word_1_226' title='bbox 1225 903 1333 940; x_wconf 83' lang='lat' dir='ltr'>Conf.</span> <span class='ocrx_word' id='word_1_227' title='bbox 1354 903 1494 941; x_wconf 86' lang='lat' dir='ltr'>Coraes</span> <span class='ocrx_word' id='word_1_228' title='bbox 1517 903 1597 941; x_wconf 88' lang='lat' dir='ltr'>loco</span> <span class='ocrx_word' id='word_1_229' title='bbox 1617 915 1700 940; x_wconf 80' lang='lat' dir='ltr'>mox</span> 
     </span>
     <span class='ocr_line' id='line_1_47' title="bbox 1035 960 1655 1010; baseline -0.002 -14"><span class='ocrx_word' id='word_1_230' title='bbox 1035 960 1222 996; x_wconf 81' lang='lat' dir='ltr'>laudando</span> <span class='ocrx_word' id='word_1_231' title='bbox 1243 972 1329 1010; x_wconf 81' lang='lat' dir='ltr'>pag.</span> <span class='ocrx_word' id='word_1_232' title='bbox 1351 962 1445 1000; x_wconf 76' lang='lat'>280.</span> <span class='ocrx_word' id='word_1_233' title='bbox 1470 962 1547 1001; x_wconf 76' lang='lat'>281</span> <span class='ocrx_word' id='word_1_234' title='bbox 1579 973 1655 1009; x_wconf 90' lang='lat' dir='ltr'>seq.</span> 
     </span>
     <span class='ocr_line' id='line_1_48' title="bbox 1094 1014 1700 1066; baseline 0 -13"><span class='ocrx_word' id='word_1_235' title='bbox 1094 1015 1159 1054; x_wconf 82' lang='grc' dir='ltr'><em>καὶ</em></span> <span class='ocrx_word' id='word_1_236' title='bbox 1187 1014 1491 1066; x_wconf 76' lang='grc' dir='ltr'><em>περιστίξαντες]</em></span> <span class='ocrx_word' id='word_1_237' title='bbox 1536 1016 1589 1052; x_wconf 89' lang='lat' dir='ltr'>Ita</span> <span class='ocrx_word' id='word_1_238' title='bbox 1618 1016 1700 1053; x_wconf 83' lang='lat' dir='ltr'>Me-</span> 
     </span>
     <span class='ocr_line' id='line_1_49' title="bbox 1037 1070 1700 1121; baseline -0.002 -12"><span class='ocrx_word' id='word_1_239' title='bbox 1037 1072 1160 1109; x_wconf 85' lang='lat' dir='ltr'>‹liceus</span> <span class='ocrx_word' id='word_1_240' title='bbox 1173 1071 1336 1121; x_wconf 84' lang='lat' dir='ltr'>aliusque</span> <span class='ocrx_word' id='word_1_241' title='bbox 1352 1072 1477 1109; x_wconf 88' lang='lat' dir='ltr'><strong>codex.</strong></span> <span class='ocrx_word' id='word_1_242' title='bbox 1500 1072 1542 1108; x_wconf 91' lang='lat' dir='ltr'>In</span> <span class='ocrx_word' id='word_1_243' title='bbox 1554 1070 1700 1119; x_wconf 85' lang='lat' dir='ltr'>Aldina,</span> 
     </span>
     <span class='ocr_line' id='line_1_50' title="bbox 1036 1124 1698 1179; baseline 0.002 -14"><span class='ocrx_word' id='word_1_244' title='bbox 1036 1129 1270 1174; x_wconf 83' lang='lat' dir='ltr'>Florentino,</span> <span class='ocrx_word' id='word_1_245' title='bbox 1301 1127 1402 1165; x_wconf 86' lang='lat' dir='ltr'>aliis:</span> <span class='ocrx_word' id='word_1_246' title='bbox 1438 1124 1698 1179; x_wconf 69' lang='grc' dir='ltr'><em>’περιστήξαν-</em></span> 
     </span>
     <span class='ocr_line' id='line_1_51' title="bbox 1038 1183 1700 1234; baseline -0.003 -12"><span class='ocrx_word' id='word_1_247' title='bbox 1038 1199 1112 1231; x_wconf 79' lang='grc' dir='ltr'><em>τες,</em></span> <span class='ocrx_word' id='word_1_248' title='bbox 1130 1185 1166 1221; x_wconf 91' lang='lat' dir='ltr'>in</span> <span class='ocrx_word' id='word_1_249' title='bbox 1178 1184 1255 1221; x_wconf 88' lang='lat' dir='ltr'>aliis</span> <span class='ocrx_word' id='word_1_250' title='bbox 1269 1183 1587 1234; x_wconf 82' lang='grc' dir='ltr'><em>περιστήσαντες,</em></span> <span class='ocrx_word' id='word_1_251' title='bbox 1598 1185 1700 1233; x_wconf 91' lang='lat' dir='ltr'>quod</span> 
     </span>
     <span class='ocr_line' id='line_1_52' title="bbox 1038 1240 1700 1291; baseline 0 -13"><span class='ocrx_word' id='word_1_252' title='bbox 1038 1242 1084 1278; x_wconf 91' lang='lat' dir='ltr'>ab</span> <span class='ocrx_word' id='word_1_253' title='bbox 1103 1242 1218 1278; x_wconf 89' lang='lat' dir='ltr'>Henr.</span> <span class='ocrx_word' id='word_1_254' title='bbox 1238 1241 1428 1291; x_wconf 86' lang='lat' dir='ltr'>Stephano</span> <span class='ocrx_word' id='word_1_255' title='bbox 1449 1242 1630 1279; x_wconf 87' lang='lat' dir='ltr'>invectum</span> <span class='ocrx_word' id='word_1_256' title='bbox 1648 1240 1700 1278; x_wconf 89' lang='lat' dir='ltr'>sic</span> 
     </span>
     <span class='ocr_line' id='line_1_53' title="bbox 1038 1296 1700 1348; baseline 0.002 -15"><span class='ocrx_word' id='word_1_257' title='bbox 1038 1298 1348 1348; x_wconf 85' lang='lat' dir='ltr'>interpretantur:</span> <span class='ocrx_word' id='word_1_258' title='bbox 1411 1297 1458 1334; x_wconf 84' lang='lat' dir='ltr'>ad</span> <span class='ocrx_word' id='word_1_259' title='bbox 1492 1296 1700 1334; x_wconf 77' lang='lat' dir='ltr'>mulctralia</span> 
     </span>
     <span class='ocr_line' id='line_1_54' title="bbox 1038 1353 1700 1391; baseline 0 -1"><span class='ocrx_word' id='word_1_260' title='bbox 1038 1367 1155 1390; x_wconf 81' lang='lat' dir='ltr'>caecos</span> <span class='ocrx_word' id='word_1_261' title='bbox 1178 1354 1393 1390; x_wconf 78' lang='lat' dir='ltr'>collocantes.</span> <span class='ocrx_word' id='word_1_262' title='bbox 1436 1353 1486 1390; x_wconf 89' lang='lat' dir='ltr'>At</span> <span class='ocrx_word' id='word_1_263' title='bbox 1505 1353 1610 1391; x_wconf 89' lang='lat' dir='ltr'>nobis</span> <span class='ocrx_word' id='word_1_264' title='bbox 1629 1353 1700 1390; x_wconf 89' lang='lat' dir='ltr'>hoc</span> 
     </span>
     <span class='ocr_line' id='line_1_55' title="bbox 1038 1409 1699 1448; baseline 0.002 -2"><span class='ocrx_word' id='word_1_265' title='bbox 1038 1410 1249 1447; x_wconf 83' lang='lat' dir='ltr'>vocabulum</span> <span class='ocrx_word' id='word_1_266' title='bbox 1269 1410 1314 1446; x_wconf 86' lang='lat' dir='ltr'>ab</span> <span class='ocrx_word' id='word_1_267' title='bbox 1334 1423 1377 1448; x_wconf 91' lang='lat' dir='ltr'>eo</span> <span class='ocrx_word' id='word_1_268' title='bbox 1398 1410 1576 1447; x_wconf 88' lang='lat' dir='ltr'>intrusum</span> <span class='ocrx_word' id='word_1_269' title='bbox 1595 1409 1699 1447; x_wconf 87' lang='lat' dir='ltr'>vide-</span> 
     </span>
     <span class='ocr_line' id='line_1_56' title="bbox 1037 1466 1699 1516; baseline 0.002 -13"><span class='ocrx_word' id='word_1_270' title='bbox 1037 1472 1117 1513; x_wconf 90' lang='lat' dir='ltr'>tur,</span> <span class='ocrx_word' id='word_1_271' title='bbox 1158 1467 1220 1516; x_wconf 87' lang='lat' dir='ltr'>qui</span> <span class='ocrx_word' id='word_1_272' title='bbox 1251 1480 1375 1503; x_wconf 90' lang='lat' dir='ltr'>vocem</span> <span class='ocrx_word' id='word_1_273' title='bbox 1408 1466 1699 1514; x_wconf 76' lang='grc' dir='ltr'><em>περιστίξαντες</em></span> 
     </span>
     <span class='ocr_line' id='line_1_57' title="bbox 1039 1522 1698 1573; baseline -0.002 -14"><span class='ocrx_word' id='word_1_274' title='bbox 1039 1523 1239 1573; x_wconf 84' lang='lat' dir='ltr'>explicare,</span> <span class='ocrx_word' id='word_1_275' title='bbox 1270 1528 1333 1560; x_wconf 85' lang='lat' dir='ltr'>aut</span> <span class='ocrx_word' id='word_1_276' title='bbox 1354 1523 1459 1559; x_wconf 90' lang='lat' dir='ltr'>huius</span> <span class='ocrx_word' id='word_1_277' title='bbox 1480 1523 1592 1573; x_wconf 89' lang='lat' dir='ltr'>ipsius</span> <span class='ocrx_word' id='word_1_278' title='bbox 1617 1522 1698 1559; x_wconf 87' lang='lat' dir='ltr'>loeo</span> 
     </span>
     <span class='ocr_line' id='line_1_58' title="bbox 1037 1579 1697 1628; baseline -0.002 -12"><span class='ocrx_word' id='word_1_279' title='bbox 1037 1579 1136 1616; x_wconf 84' lang='lat' dir='ltr'>aliud</span> <span class='ocrx_word' id='word_1_280' title='bbox 1162 1579 1273 1628; x_wconf 86' lang='lat' dir='ltr'>idque</span> <span class='ocrx_word' id='word_1_281' title='bbox 1296 1579 1362 1616; x_wconf 82' lang='lat' dir='ltr'>sibi</span> <span class='ocrx_word' id='word_1_282' title='bbox 1391 1579 1513 1616; x_wconf 83' lang='lat' dir='ltr'>notius</span> <span class='ocrx_word' id='word_1_283' title='bbox 1535 1579 1697 1616; x_wconf 86' lang='lat' dir='ltr'>vocabu-</span> 
     </span>
     <span class='ocr_line' id='line_1_59' title="bbox 1037 1634 1699 1683; baseline 0 -11"><span class='ocrx_word' id='word_1_284' title='bbox 1037 1636 1109 1672; x_wconf 93' lang='lat' dir='ltr'>lum</span> <span class='ocrx_word' id='word_1_285' title='bbox 1132 1636 1352 1672; x_wconf 85' lang='lat' dir='ltr'>substituere</span> <span class='ocrx_word' id='word_1_286' title='bbox 1378 1634 1552 1683; x_wconf 77' lang='lat' dir='ltr'>voluerit,</span> <span class='ocrx_word' id='word_1_287' title='bbox 1592 1635 1699 1683; x_wconf 88' lang='lat' dir='ltr'>igno-</span> 
     </span>
     <span class='ocr_line' id='line_1_60' title="bbox 1037 1691 1700 1729; baseline 0 -1"><span class='ocrx_word' id='word_1_288' title='bbox 1037 1705 1121 1728; x_wconf 88' lang='lat' dir='ltr'>rans</span> <span class='ocrx_word' id='word_1_289' title='bbox 1143 1692 1277 1729; x_wconf 85' lang='lat' dir='ltr'>scilicet</span> <span class='ocrx_word' id='word_1_290' title='bbox 1303 1691 1394 1728; x_wconf 87' lang='lat' dir='ltr'>illius</span> <span class='ocrx_word' id='word_1_291' title='bbox 1418 1692 1489 1728; x_wconf 91' lang='lat' dir='ltr'>vim</span> <span class='ocrx_word' id='word_1_292' title='bbox 1512 1704 1555 1728; x_wconf 86' lang='lat' dir='ltr'>ac</span> <span class='ocrx_word' id='word_1_293' title='bbox 1576 1692 1700 1728; x_wconf 84' lang='lat' dir='ltr'>notio-</span> 
     </span>
     <span class='ocr_line' id='line_1_61' title="bbox 1036 1747 1698 1797; baseline 0.003 -13"><span class='ocrx_word' id='word_1_294' title='bbox 1036 1761 1132 1787; x_wconf 86' lang='lat' dir='ltr'>nem.</span> <span class='ocrx_word' id='word_1_295' title='bbox 1166 1748 1292 1797; x_wconf 83' lang='lat' dir='ltr'>ltaque</span> <span class='ocrx_word' id='word_1_296' title='bbox 1310 1749 1442 1785; x_wconf 87' lang='lat' dir='ltr'>retinui</span> <span class='ocrx_word' id='word_1_297' title='bbox 1454 1747 1698 1794; x_wconf 77' lang='grc' dir='ltr'><em>περιστίξαν-</em></span> 
     </span>
     <span class='ocr_line' id='line_1_62' title="bbox 1035 1805 1697 1853; baseline -0.005 -10"><span class='ocrx_word' id='word_1_298' title='bbox 1035 1819 1119 1851; x_wconf 84' lang='grc' dir='ltr'><em>τες,</em></span> <span class='ocrx_word' id='word_1_299' title='bbox 1160 1805 1271 1853; x_wconf 90' lang='lat' dir='ltr'>idque</span> <span class='ocrx_word' id='word_1_300' title='bbox 1298 1805 1428 1842; x_wconf 90' lang='lat' dir='ltr'>eodem</span> <span class='ocrx_word' id='word_1_301' title='bbox 1454 1817 1587 1851; x_wconf 89' lang='lat' dir='ltr'>sensu,</span> <span class='ocrx_word' id='word_1_302' title='bbox 1623 1816 1697 1852; x_wconf 93' lang='lat' dir='ltr'>quo</span> 
     </span>
     <span class='ocr_line' id='line_1_63' title="bbox 1036 1857 1697 1912; baseline -0.005 -13"><span class='ocrx_word' id='word_1_303' title='bbox 1036 1857 1397 1912; x_wconf 75' lang='grc' dir='ltr'><em>περικυκλώσαντες</em></span> <span class='ocrx_word' id='word_1_304' title='bbox 1417 1858 1697 1911; x_wconf 72' lang='lat' dir='ltr'>(circumdantes</span> 
     </span>
     <span class='ocr_line' id='line_1_64' title="bbox 1037 1916 1699 1967; baseline 0.003 -13"><span class='ocrx_word' id='word_1_305' title='bbox 1037 1922 1075 1956; x_wconf 88' lang='lat' dir='ltr'>et</span> <span class='ocrx_word' id='word_1_306' title='bbox 1093 1916 1339 1967; x_wconf 79' lang='lat' dir='ltr'>collocantes),</span> <span class='ocrx_word' id='word_1_307' title='bbox 1381 1930 1402 1954; x_wconf 90' lang='lat' dir='ltr'>a</span> <span class='ocrx_word' id='word_1_308' title='bbox 1434 1917 1544 1954; x_wconf 87' lang='lat' dir='ltr'>verbo</span> <span class='ocrx_word' id='word_1_309' title='bbox 1584 1931 1699 1967; x_wconf 88' lang='grc' dir='ltr'><em>περι-</em></span> 
     </span>
     <span class='ocr_line' id='line_1_65' title="bbox 1039 1972 1696 2023; baseline -0.006 -11"><span class='ocrx_word' id='word_1_310' title='bbox 1039 1974 1201 2021; x_wconf 83' lang='grc' dir='ltr'><em>στίζειν,</em></span> <span class='ocrx_word' id='word_1_311' title='bbox 1232 1974 1331 2023; x_wconf 89' lang='lat' dir='ltr'>quod</span> <span class='ocrx_word' id='word_1_312' title='bbox 1352 1973 1468 2023; x_wconf 92' lang='lat' dir='ltr'>ipsum</span> <span class='ocrx_word' id='word_1_313' title='bbox 1493 1972 1696 2021; x_wconf 83' lang='lat' dir='ltr'>Schweigh.</span> 
     </span>
     <span class='ocr_line' id='line_1_66' title="bbox 1037 2029 1696 2078; baseline -0.002 -12"><span class='ocrx_word' id='word_1_314' title='bbox 1037 2032 1073 2067; x_wconf 90' lang='lat' dir='ltr'>in</span> <span class='ocrx_word' id='word_1_315' title='bbox 1105 2030 1226 2067; x_wconf 83' lang='lat' dir='ltr'>Lexic.</span> <span class='ocrx_word' id='word_1_316' title='bbox 1265 2030 1405 2066; x_wconf 87' lang='lat' dir='ltr'>Herod.</span> <span class='ocrx_word' id='word_1_317' title='bbox 1437 2029 1587 2078; x_wconf 87' lang='lat' dir='ltr'>exponit</span> <span class='ocrx_word' id='word_1_318' title='bbox 1616 2041 1696 2065; x_wconf 87' lang='lat' dir='ltr'>con-</span> 
     </span>
     <span class='ocr_line' id='line_1_67' title="bbox 1042 2085 1697 2132; baseline -0.002 -10"><span class='ocrx_word' id='word_1_319' title='bbox 1042 2089 1145 2123; x_wconf 77' lang='lat' dir='ltr'>tinua</span> <span class='ocrx_word' id='word_1_320' title='bbox 1165 2088 1250 2122; x_wconf 66' lang='lat' dir='ltr'>serie</span> <span class='ocrx_word' id='word_1_321' title='bbox 1271 2087 1400 2122; x_wconf 74' lang='lat' dir='ltr'>circum</span> <span class='ocrx_word' id='word_1_322' title='bbox 1423 2085 1603 2132; x_wconf 85' lang='lat' dir='ltr'>collocare,</span> <span class='ocrx_word' id='word_1_323' title='bbox 1634 2097 1697 2121; x_wconf 89' lang='lat' dir='ltr'>ac-</span> 
     </span>
     <span class='ocr_line' id='line_1_68' title="bbox 1038 2139 1696 2181; baseline -0.003 -1"><span class='ocrx_word' id='word_1_324' title='bbox 1038 2144 1190 2181; x_wconf 85' lang='lat' dir='ltr'>cedente</span> <span class='ocrx_word' id='word_1_325' title='bbox 1228 2142 1452 2180; x_wconf 88' lang='lat' dir='ltr'>Schneidero</span> <span class='ocrx_word' id='word_1_326' title='bbox 1498 2142 1535 2179; x_wconf 87' lang='lat' dir='ltr'>in</span> <span class='ocrx_word' id='word_1_327' title='bbox 1571 2139 1696 2178; x_wconf 86' lang='lat' dir='ltr'>Lexic.</span> 
     </span>
     <span class='ocr_line' id='line_1_69' title="bbox 1039 2197 1695 2241; baseline -0.005 -5"><span class='ocrx_word' id='word_1_328' title='bbox 1039 2200 1103 2236; x_wconf 92' lang='lat' dir='ltr'>Gr.</span> <span class='ocrx_word' id='word_1_329' title='bbox 1137 2199 1237 2236; x_wconf 88' lang='lat' dir='ltr'>Idem</span> <span class='ocrx_word' id='word_1_330' title='bbox 1252 2199 1401 2236; x_wconf 86' lang='lat' dir='ltr'>verbum</span> <span class='ocrx_word' id='word_1_331' title='bbox 1418 2199 1513 2235; x_wconf 85' lang='lat' dir='ltr'>infra</span> <span class='ocrx_word' id='word_1_332' title='bbox 1524 2197 1586 2241; x_wconf 93' lang='lat' dir='ltr'>IV,</span> <span class='ocrx_word' id='word_1_333' title='bbox 1600 2199 1695 2239; x_wconf 79' lang='lat'>202.</span> 
     </span>
     <span class='ocr_line' id='line_1_70' title="bbox 1093 2249 1696 2305; baseline -0.005 -11"><span class='ocrx_word' id='word_1_334' title='bbox 1093 2254 1160 2294; x_wconf 80' lang='grc' dir='ltr'>καὶ</span> <span class='ocrx_word' id='word_1_335' title='bbox 1183 2252 1225 2294; x_wconf 77' lang='grc' dir='ltr'><em>τό</em></span> <span class='ocrx_word' id='word_1_336' title='bbox 1248 2252 1320 2305; x_wconf 83' lang='grc' dir='ltr'>μὲν</span> <span class='ocrx_word' id='word_1_337' title='bbox 1341 2250 1467 2294; x_wconf 73' lang='grc' dir='ltr'><em>αὐτοῦ</em></span> <span class='ocrx_word' id='word_1_338' title='bbox 1493 2249 1696 2304; x_wconf 72' lang='grc' dir='ltr'><em>ἐπιστάμε-</em></span> 
     </span>
     <span class='ocr_line' id='line_1_71' title="bbox 1038 2307 1696 2363; baseline -0.009 -12"><span class='ocrx_word' id='word_1_339' title='bbox 1038 2311 1127 2363; x_wconf 88' lang='grc' dir='ltr'><em>νον]</em></span> <span class='ocrx_word' id='word_1_340' title='bbox 1169 2307 1431 2362; x_wconf 73' lang='grc' dir='ltr'><em>ἐπιστάμενον</em></span> <span class='ocrx_word' id='word_1_341' title='bbox 1458 2310 1514 2348; x_wconf 90' lang='lat' dir='ltr'>hic</span> <span class='ocrx_word' id='word_1_342' title='bbox 1545 2314 1696 2346; x_wconf 90' lang='lat' dir='ltr'>vocatur</span> 
     </span>
     <span class='ocr_line' id='line_1_72' title="bbox 1036 2367 1695 2417; baseline -0.006 -11"><span class='ocrx_word' id='word_1_343' title='bbox 1036 2369 1144 2415; x_wconf 88' lang='lat' dir='ltr'>illud,</span> <span class='ocrx_word' id='word_1_344' title='bbox 1194 2368 1294 2417; x_wconf 90' lang='lat' dir='ltr'>quod</span> <span class='ocrx_word' id='word_1_345' title='bbox 1335 2369 1370 2404; x_wconf 91' lang='lat' dir='ltr'>in</span> <span class='ocrx_word' id='word_1_346' title='bbox 1409 2367 1502 2404; x_wconf 89' lang='lat' dir='ltr'>lacte</span> <span class='ocrx_word' id='word_1_347' title='bbox 1538 2378 1695 2415; x_wconf 87' lang='lat' dir='ltr'>superne</span> 
     </span>
     <span class='ocr_line' id='line_1_73' title="bbox 1037 2420 1690 2474; baseline -0.006 -13"><span class='ocrx_word' id='word_1_348' title='bbox 1037 2430 1108 2462; x_wconf 91' lang='lat' dir='ltr'>stat</span> <span class='ocrx_word' id='word_1_349' title='bbox 1127 2425 1202 2461; x_wconf 82' lang='lat' dir='ltr'>sive</span> <span class='ocrx_word' id='word_1_350' title='bbox 1218 2427 1452 2474; x_wconf 83' lang='lat' dir='ltr'>supernatat,</span> <span class='ocrx_word' id='word_1_351' title='bbox 1480 2422 1581 2470; x_wconf 87' lang='lat' dir='ltr'>quod</span> <span class='ocrx_word' id='word_1_352' title='bbox 1595 2420 1690 2458; x_wconf 89' lang='lat' dir='ltr'>Galli</span> 
     </span>
     <span class='ocr_line' id='line_1_74' title="bbox 1036 2476 1692 2523; baseline -0.005 -6"><span class='ocrx_word' id='word_1_353' title='bbox 1036 2486 1168 2518; x_wconf 86' lang='lat' dir='ltr'>vocant</span> <span class='ocrx_word' id='word_1_354' title='bbox 1188 2481 1225 2516; x_wconf 83' lang='lat' dir='ltr'>la</span> <span class='ocrx_word' id='word_1_355' title='bbox 1244 2480 1353 2515; x_wconf 53' lang='lat' dir='ltr'>creme</span> <span class='ocrx_word' id='word_1_356' title='bbox 1366 2509 1375 2523; x_wconf 96' lang='lat'>,</span> <span class='ocrx_word' id='word_1_357' title='bbox 1400 2478 1499 2515; x_wconf 89' lang='lat' dir='ltr'>unde</span> <span class='ocrx_word' id='word_1_358' title='bbox 1519 2476 1692 2514; x_wconf 80' lang='lat' dir='ltr'>Latinam</span> 
     </span>
     <span class='ocr_line' id='line_1_75' title="bbox 1036 2535 1693 2574; baseline -0.003 -2"><span class='ocrx_word' id='word_1_359' title='bbox 1036 2549 1159 2574; x_wconf 84' lang='lat' dir='ltr'>vocem</span> <span class='ocrx_word' id='word_1_360' title='bbox 1203 2548 1332 2572; x_wconf 80' lang='lat' dir='ltr'>cremae</span> <span class='ocrx_word' id='word_1_361' title='bbox 1366 2537 1542 2571; x_wconf 85' lang='lat' dir='ltr'>formasse</span> <span class='ocrx_word' id='word_1_362' title='bbox 1580 2535 1693 2571; x_wconf 88' lang='lat' dir='ltr'>sertur</span> 
     </span>
     <span class='ocr_line' id='line_1_76' title="bbox 1034 2589 1693 2640; baseline -0.002 -12"><span class='ocrx_word' id='word_1_363' title='bbox 1034 2593 1275 2638; x_wconf 86' lang='lat' dir='ltr'>Fortunatus,</span> <span class='ocrx_word' id='word_1_364' title='bbox 1312 2591 1404 2628; x_wconf 82' lang='lat' dir='ltr'>sexti</span> <span class='ocrx_word' id='word_1_365' title='bbox 1439 2589 1572 2627; x_wconf 85' lang='lat' dir='ltr'>saeculi</span> <span class='ocrx_word' id='word_1_366' title='bbox 1608 2594 1693 2640; x_wconf 83' lang='lat' dir='ltr'>post</span> 
     </span>
     <span class='ocr_line' id='line_1_77' title="bbox 1036 2646 1691 2698; baseline -0.005 -13"><span class='ocrx_word' id='word_1_367' title='bbox 1036 2649 1120 2685; x_wconf 87' lang='lat' dir='ltr'>Clir.</span> <span class='ocrx_word' id='word_1_368' title='bbox 1143 2661 1176 2684; x_wconf 92' lang='lat' dir='ltr'>n.</span> <span class='ocrx_word' id='word_1_369' title='bbox 1198 2652 1320 2698; x_wconf 83' lang='lat' dir='ltr'>poeta.</span> <span class='ocrx_word' id='word_1_370' title='bbox 1368 2646 1476 2684; x_wconf 87' lang='lat' dir='ltr'>Italus</span> <span class='ocrx_word' id='word_1_371' title='bbox 1498 2647 1691 2696; x_wconf 87' lang='lat' dir='ltr'>interpres,</span> 
     </span>
     <span class='ocr_line' id='line_1_78' title="bbox 1035 2701 1692 2754; baseline 0 -14"><span class='ocrx_word' id='word_1_372' title='bbox 1035 2705 1269 2754; x_wconf 88' lang='lat' dir='ltr'>Hippocratis</span> <span class='ocrx_word' id='word_1_373' title='bbox 1311 2703 1421 2740; x_wconf 83' lang='lat' dir='ltr'>affert</span> <span class='ocrx_word' id='word_1_374' title='bbox 1471 2703 1586 2740; x_wconf 91' lang='lat' dir='ltr'>locum</span> <span class='ocrx_word' id='word_1_375' title='bbox 1634 2701 1692 2740; x_wconf 88' lang='lat' dir='ltr'>De</span> 
     </span>
     <span class='ocr_line' id='line_1_79' title="bbox 1035 2757 1691 2809; baseline -0.003 -13"><span class='ocrx_word' id='word_1_376' title='bbox 1035 2774 1106 2797; x_wconf 83' lang='lat' dir='ltr'>uer.</span> <span class='ocrx_word' id='word_1_377' title='bbox 1130 2772 1187 2808; x_wconf 88' lang='lat' dir='ltr'>aq.</span> <span class='ocrx_word' id='word_1_378' title='bbox 1209 2765 1244 2796; x_wconf 89' lang='lat' dir='ltr'>et</span> <span class='ocrx_word' id='word_1_379' title='bbox 1264 2759 1351 2796; x_wconf 90' lang='lat' dir='ltr'>loce.</span> <span class='ocrx_word' id='word_1_380' title='bbox 1371 2757 1406 2809; x_wconf 55' lang='grc' dir='ltr'>ᾗ.</span> <span class='ocrx_word' id='word_1_381' title='bbox 1420 2758 1473 2799; x_wconf 82' lang='grc'>94</span> <span class='ocrx_word' id='word_1_382' title='bbox 1495 2758 1569 2807; x_wconf 84' lang='lat' dir='ltr'>[ubi</span> <span class='ocrx_word' id='word_1_383' title='bbox 1587 2758 1691 2809; x_wconf 84' lang='lat' dir='ltr'>plura</span> 
     </span>
     <span class='ocr_line' id='line_1_80' title="bbox 1035 2815 1689 2864; baseline -0.002 -12"><span class='ocrx_word' id='word_1_384' title='bbox 1035 2829 1128 2852; x_wconf 89' lang='lat' dir='ltr'>nunc</span> <span class='ocrx_word' id='word_1_385' title='bbox 1158 2815 1279 2852; x_wconf 84' lang='lat' dir='ltr'>attulit</span> <span class='ocrx_word' id='word_1_386' title='bbox 1305 2816 1443 2853; x_wconf 83' lang='lat' dir='ltr'>Coraes</span> <span class='ocrx_word' id='word_1_387' title='bbox 1472 2815 1519 2853; x_wconf 89' lang='lat' dir='ltr'>T.</span> <span class='ocrx_word' id='word_1_388' title='bbox 1543 2815 1573 2851; x_wconf 91' lang='lat' dir='ltr'>ll</span> <span class='ocrx_word' id='word_1_389' title='bbox 1603 2826 1689 2864; x_wconf 83' lang='lat' dir='ltr'>pag.</span> 
     </span>
     <span class='ocr_line' id='line_1_81' title="bbox 1035 2870 1691 2921; baseline -0.008 -9"><span class='ocrx_word' id='word_1_390' title='bbox 1035 2874 1111 2913; x_wconf 81' lang='lat'>281</span> <span class='ocrx_word' id='word_1_391' title='bbox 1147 2870 1264 2921; x_wconf 88' lang='lat' dir='ltr'>seq.],</span> <span class='ocrx_word' id='word_1_392' title='bbox 1305 2872 1434 2909; x_wconf 84' lang='lat' dir='ltr'>eadem</span> <span class='ocrx_word' id='word_1_393' title='bbox 1474 2871 1691 2916; x_wconf 82' lang='lat' dir='ltr'>enarrantis,</span> 
     </span>
     <span class='ocr_line' id='line_1_82' title="bbox 1034 2926 1690 2977; baseline -0.002 -13"><span class='ocrx_word' id='word_1_394' title='bbox 1034 2929 1191 2977; x_wconf 83' lang='lat' dir='ltr'>itemque</span> <span class='ocrx_word' id='word_1_395' title='bbox 1210 2929 1400 2976; x_wconf 86' lang='lat' dir='ltr'>observat,</span> <span class='ocrx_word' id='word_1_396' title='bbox 1441 2939 1615 2977; x_wconf 89' lang='lat' dir='ltr'>equarum</span> <span class='ocrx_word' id='word_1_397' title='bbox 1634 2926 1690 2963; x_wconf 82' lang='lat' dir='ltr'>lac</span> 
     </span>
    </p>
   </div>
   <div class='ocr_carea' id='block_1_8' title="bbox 1848 2697 1851 3256">
    <p class='ocr_par' dir='ltr' id='par_1_8' title="bbox 1848 2697 1851 3256">
     <span class='ocr_line' id='line_1_83' title="bbox 1848 2697 1851 3256; baseline 0 0"><span class='ocrx_word' id='word_1_398' title='bbox 1848 2697 1851 3256; x_wconf 95' lang='lat' dir='ltr'> </span> 
     </span>
    </p>
   </div>
  </div>
 </body>
</html>
