1863 3256
516 217 863 277 THAL1A.
923 218 985 257 ιιι.

1299 225 1382 263 189

116 334 164 377 έν
193 338 305 377 τοῖσι
327 333 502 387 “Ἐλλησι
532 328 776 385 μύρμηκες,
815 328 887 372 καὶ
917 327 995 371 τὸν
1026 326 1164 370 αὐτόν
1194 328 1381 382 τρόπον·

117 406 197 448 εἰσὶ
238 405 283 448 δὲ
320 404 390 447 καὶ
431 401 480 444 τό
520 399 635 451 εἶδος
675 399 941 456 ὁμοιότατοι.

86 473 427 531 4άναφερομένη
479 472 563 515 ἐστὶ
617 477 822 527 χρυσῖτις.
881 470 976 514 Ἐπὶ
1015 470 1067 526 δὴ
1107 468 1271 526 ταύτην
1308 470 1389 525 τήν

2 487 6 569 l

1 577 5 673 l

0 682 4 844 l

0 845 64 1068 la

1000 398 1026 455 ἦ
1063 398 1108 442 δὲ
1144 398 1321 454 ψάμμος
1362 400 1388 456 ἡ

114 546 293 602 ψάμμον
323 544 569 587 στέλλονται
599 542 641 594 ἐς
671 542 751 599 τήν
783 544 946 599 ἐρῆμον
978 545 1021 586 οἱ
1048 542 1200 594 Ἰνδοὶ,
1236 541 1387 595 ζευξά-

112 633 241 673 μενος
270 615 447 665 ἕκαστος
476 613 698 670 καμήλους
721 619 855 669 τρεῖς,
888 613 1157 671 σειρηφόρον
1184 613 1262 669 μὲν
1292 612 1385 656 ἓκα-
1399 619 1444 652 90

112 690 301 743 τὲρωθεν
331 687 486 740 ἔρσενα
525 686 770 740 παρέλκειν.
829 686 996 743 θήλεαν
1038 686 1103 738 ὁὲ,
1152 685 1194 736 ἐς
1232 683 1385 740 μέσον·

111 760 179 804 ἐπὶ
207 758 370 815 ταύτην
402 758 454 815 δὴ
487 757 621 809 αὐτός
651 757 902 813 ἀναβαίνει,
949 757 1232 813 ἐπιτηδεύσας
1273 756 1386 807 ὅκως

82 830 200 875 5άπὸ
230 832 394 874 τέκνων
424 830 482 882 ὠς
511 828 740 874 νεωτάτων
770 827 1029 879 ἀποσπάσας
1050 827 1184 885 ζεύξῃ.
1230 830 1275 871 αἱ
1302 827 1385 884 γάρ

110 915 191 958 σφι
229 901 414 959 κάμηλοι
455 905 602 946 ἵππων
644 900 725 946 οὐκ
755 900 939 957 ἥσσονες
968 900 1010 951 ἐς
1040 900 1256 956 ταχύτητά
1286 903 1385 944 εἰσι·

111 974 241 1030 χωρὶς
280 974 346 1025 δὲ,
389 971 523 1029 ἄχθεα
563 973 859 1027 δυνατώτεραι
898 971 1061 1015 πολλὸν
1100 972 1259 1028 φέρειν.

1325 972 1383 1017 Τὸ

110 1046 188 1102 μὲν
219 1044 272 1102 δὴ
305 1043 421 1096 εἶδος
452 1044 606 1091 ὁκοῖόν
635 1063 675 1088 τι
706 1045 789 1100 ἔχει
824 1044 850 1100 ἡ
890 1042 1107 1100 κάμηλος,
1154 1044 1435 1099 ἐπισταμέ-95

109 1129 227 1160 νοισι
265 1122 379 1160 τοῖσι
411 1116 590 1174 ιἝλλησι
628 1115 682 1160 ου’
725 1114 990 1171 συγγράφω·
1045 1114 1094 1158 τό
1126 1114 1171 1158 δὲ
1201 1114 1258 1170 μὴ
1291 1114 1386 1158 ἐπι-

81 1189 286 1232 Ξστέαται
327 1187 480 1243 αὐτῆς,
530 1193 661 1231 τοῦτο
701 1187 870 1243 φράσω.

942 1184 1134 1241 κάμηλος
1183 1184 1230 1228 ἐν
1272 1191 1388 1229 τοῖσι

111 1258 353 1304 ὀπισθίοισι
386 1259 552 1304 σκέλεσι
589 1260 671 1316 ἔχει
710 1257 915 1311 τέσσερας
953 1255 1145 1313 μηρούς,
1185 1257 1257 1301 καὶ
1286 1256 1387 1313 γού-

112 1445 186 1486 εἶσὶ
200 1444 242 1486 δὲ
264 1445 331 1486 καὶ
348 1443 391 1486 τὸ
410 1442 515 1493 εἶδος
540 1441 719 1498 ὁμοιότα-

54 1502 131 1554 τοι]
164 1504 216 1541 lta
238 1504 356 1541 Gaisf.
386 1508 533 1541 secutus
562 1518 582 1542 e
611 1504 724 1554 pluri-

53 1562 121 1598 bus
140 1560 239 1598 libris
263 1561 407 1610 scriptis
428 1561 538 1607 edidi,
559 1562 722 1611 proban-

53 1622 93 1655 te
113 1631 265 1655 censore
284 1618 425 1655 lenensi
443 1619 549 1657 1817
567 1631 621 1654 nr.
642 1619 719 1658 163

52 1687 138 1725 pag.
164 1672 268 1721 364,
299 1675 361 1723 qui
387 1673 505 1711 locuni
537 1675 587 1710 sic
611 1675 722 1711 inter-

0 1758 4 1774 ι
53 1735 236 1781 pretatur:
269 1731 404 1767 bestias
435 1730 514 1767 illas
544 1744 618 1767 non
645 1744 722 1768 mo„

55 1788 103 1824 do
125 1792 257 1823 terram
276 1788 403 1824 fodere
424 1787 526 1823 sicuti
542 1789 722 1834 formicas,

54 1844 120 1881 sed
143 1842 265 1893 forma
295 1856 427 1894 quoque
452 1844 647 1893 persimiles
670 1858 722 1880 es-

55 1913 90 1937 se
107 1899 279 1950 formicis.
311 1900 515 1949 Schweigh.
539 1902 720 1938 exhibuit:

56 1956 132 1996 εἰσὶ
153 1954 195 1995 δὲ
217 1955 284 1995 καὶ
310 1953 424 1995 αὐτοὶ
451 1953 555 2004 εἶδος
585 1953 721 2007 ὁμοιό-

53 2028 173 2052 τατοι.
232 2013 352 2062 Vulgo
374 2014 551 2050 omittitur
571 2011 615 2053 το“
634 2019 721 2052 ante

57 2067 161 2117 εἶδος
179 2074 214 2107 et
238 2076 322 2121 post
345 2066 572 2120 ὁμοιότατοι
593 2072 721 2108 inseri-

55 2132 114 2165 tur
137 2122 274 2174 αὐτοί,
304 2129 403 2164 cuius
424 2127 501 2164 loco
529 2129 636 2165 etiam
665 2129 721 2165 in-

53 2185 195 2222 venitur
216 2178 346 2230 οὗτοι,
367 2197 481 2234 parvo
499 2185 721 2231 discrimine,

55 2254 136 2278 cum
156 2241 304 2277 omnino
332 2241 462 2277 st‘tm'les
486 2242 645 2278 formicis
673 2243 720 2278 ad

53 2298 207 2334 sormam
234 2298 492 2346 designentur,
523 2298 721 2349 interprete

54 2353 297 2403 W'Vesseling„
336 2356 399 2404 qui
427 2356 582 2391 conferri
619 2355 722 2392 iubet

55 2409 165 2447 Dion.
195 2411 383 2460 Chrysost.
409 2412 474 2448 Or.
500 2411 652 2458 XXXV,
683 2426 720 2462 p.

57 2466 139 2506 436
161 2467 204 2503 Β.
233 2467 354 2505 Strab.
384 2468 453 2504 XV
484 2481 520 2518 p.
552 2471 658 2508 1032
692 2481 721 2505 s,

57 2522 150 2563 705.
189 2522 327 2561 Arrian.
356 2524 436 2562 Ind.
466 2525 528 2565 15-
559 2524 721 2563 Larche-

57 2589 118 2614 rus
135 2577 224 2616 Plin.
248 2580 295 2617 H.
315 2581 364 2618 N.
387 2581 450 2627 XI,
475 2583 526 2621 31
552 2580 687 2619 laudat.

116 2633 432 2689 σειρηφόρον
450 2635 721 2687 μὲνὲκατέρω-

58 2692 135 2727 θεν
157 2689 292 2741 ἔρσενα
314 2693 535 2745 παρέλκειν]
554 2694 721 2744 funalem

58 2745 227 2795 intelligit
259 2749 444 2791 camelum,
477 2747 720 2803 σειρηφόρυς

60 2802 108 2839 de
119 2814 203 2851 equo
213 2801 343 2852 funali
363 2807 503 2853 dicitur,
534 2807 720 2859 Aristoph.

59 2857 184 2896 Nubb.
218 2860 326 2902 1302
351 2860 418 2919 (al.
445 2865 569 2912 1282)
597 2865 721 2916 ibique

779 1445 899 1484 Schol.
933 1445 1067 1483 Electr.
1097 1444 1202 1492 715,
1234 1443 1275 1495 [,,
1288 1444 1346 1482 Cf.
1375 1444 1444 1482 Ez.

779 1502 978 1552 Spanhem.
1001 1503 1048 1539 ad
1063 1500 1296 1552 Aristopban.
1316 1501 1443 1539 Nubb.

778 1572 830 1595 vs.
857 1561 934 1601 122
959 1573 996 1609 p.
1018 1561 1071 1600 87
1091 1572 1146 1608 sq.
1171 1559 1283 1596 Beck.
1302 1559 1348 1596 ab
1380 1573 1444 1596 eo-

779 1628 849 1664 que
881 1616 1003 1652 laudd.
1034 1615 1200 1665 Aeschyli
1224 1615 1441 1665 Agamemn.

778 1685 829 1709 vs.
851 1673 946 1713 851.
965 1670 1442 1723 1649.Euripid.1phigen.

778 1728 898 1766 Anlid.
928 1742 979 1765 vs.
1002 1731 1083 1768 220
1101 1742 1181 1778 sqq.
1215 1729 1323 1766 alii.“
1353 1727 1439 1780 Cr.]

780 1785 869 1822 Inde
896 1799 1022 1823 sensus
1053 1785 1120 1822 loci
1150 1786 1206 1822 hic
1237 1790 1311 1823 cst:
1341 1789 1442 1833 „tres

781 1844 925 1892 quisque
947 1843 1091 1879 camelos
1120 1844 1173 1879 ita
1200 1845 1370 1891 iungunt,
1400 1846 1442 1879 ut

778 1912 905 1936 marem
935 1900 1100 1950 funalem
1132 1901 1298 1949 utrinque
1335 1900 1441 1936 collo-

779 1960 867 2002 cent,
899 1959 961 2006 qui
977 1971 999 1993 a
1020 1957 1129 1993 latere
1153 1957 1313 2002 trahant,
1334 1956 1443 2006 femi-

776 2026 859 2050 ιἰαιη
888 2026 965 2050 vero
993 2014 1142 2050 mediam
1169 2016 1263 2050 inter
1293 2014 1352 2050 laos
1377 2027 1444 2064 po-

777 2074 892 2114 71ant5
921 2071 1015 2108 hanc
1033 2083 1111 2107 vero
1136 2072 1208 2120 ipse
1228 2071 1442 2118 conscendit,

780 2141 883 2177 quam
909 2129 952 2163 ab
982 2129 1214 2165 recentissime
1242 2130 1338 2165 natis
1366 2129 1442 2164 suis

779 2184 940 2221 avulsam
968 2189 1008 2222 ut
1034 2187 1187 2233 iungat,
1218 2198 1356 2235 operam
1385 2185 1446 2221 cle-

780 2242 937 2278 dttf‘-
956 2241 1017 2279 Ad
1035 2238 1191 2291 θήλεαν
1213 2243 1306 2278 conf.
1329 2242 1444 2278 citatt.

778 2299 827 2335 ad
855 2298 918 2344 Ill,
941 2300 1007 2340 85.
1058 2298 1096 2334 In
1123 2299 1195 2336 fine
1215 2311 1293 2348 cap.
1316 2297 1446 2347 reliqui

778 2357 898 2393 πολλ
912 2352 933 2394 ὀ
946 2371 979 2402 ν,
1006 2356 1107 2404 quod
1127 2354 1272 2405 plurimi
1291 2355 1370 2391 libri
1391 2355 1448 2391 of-

777 2413 912 2449 ferunt.
947 2412 1017 2448 Alii
1049 2413 1194 2465 πολλῷ.
1235 2411 1298 2450 Tu
1320 2412 1446 2449 confer

776 2468 858 2516 Vll,
879 2470 916 2508 7.

988 2525 1100 2575 Cap.
1141 2524 1238 2562 ClII.

840 2578 892 2621 To*
925 2579 965 2621 δὲ
998 2579 1052 2632 μή
1077 2580 1324 2632 ἐπιστέαται]
1358 2579 1444 2620 ἔπι-

780 2637 934 2677 στέαται
953 2640 1088 2675 dictum
1110 2652 1177 2689 pro
1202 2637 1442 2682 ἐπίστανται,

778 2700 818 2732 ut
839 2696 885 2742 ΙΙ,
911 2699 990 2737 142
1014 2695 1212 2734 δυνέαται.

837 2751 911 2803 ἔχει
933 2751 1117 2803 τέσσερας
1139 2747 1307 2803 μηρούς]
1321 2749 1441 2786 Hero-

779 2810 858 2846 doti
878 2809 911 2846 h.
933 2809 953 2845 l.
976 2813 1133 2857 tangens
1154 2808 1326 2845 Bochart.
1345 2805 1440 2841 Hie-

778 2867 911 2904 rozoic.
934 2865 961 2913 l,
984 2867 1011 2906 2
1034 2878 1114 2916 cap.
1139 2867 1158 2904 1
1185 2864 1263 2901 init.
1287 2856 1441 2913 μηρούς
