1863 3256
438 122 1003 165 MELPOMENE.

147 304 175 361 η’
205 303 369 361 οὐοίζει
399 305 582 358 Σκύθας
622 322 666 349 τε
706 303 812 356 τούς
846 305 1100 360 βασιληίους
1129 303 1203 345 καὶ
1233 307 1420 356 Σαυρο-
1478 316 1581 367 ῑὲκψὶι

118 376 299 431 Ξμοὶτας.
357 379 399 429 ἐς
430 379 475 422 δὲ
493 379 666 422 Τάναϊν
696 380 858 420 τοῦτον
887 374 1017 426 ἄλλος
1046 373 1241 429 ποταμὸς
1271 374 1420 430 ἐσβάλ-

21 456 87 501 78
144 454 230 501 Aa,
261 453 321 506 τῷ
352 449 524 505 οὔνομά
554 448 821 502 ἐστι”Υργις.

1063 124 1125 160 IV·
1337 129 1421 168 397

146 525 284 562 στοῖσι
302 527 534 576 ποταμοῖσι
555 521 670 564 οὕτω
694 518 746 573 dr}
769 535 810 560 τι
841 519 884 560 οἱ
911 516 1091 560 Σκύθαι
1122 515 1418 560 ἐσκευάδαται.

117 594 278 634 ΞΤοῖσι
318 590 364 634 δὲ
402 591 576 647 κτήνεσι
614 591 641 648 ἡ
678 592 782 646 ποίη
821 587 1111 644 ἀναφυομένη
1143 589 1188 632 ἐν
1216 591 1270 644 τῇ
1299 592 1418 631 Σκυ-

144 666 275 719 θικῇ,
327 662 416 706 ἔστι
447 659 742 718 ἐπιχολωτάτη
773 660 949 704 πασέων
987 659 1149 703 ποιέων
1179 664 1268 703 τῶν
1297 658 1419 716 ἡμεῖς

132 840 300 897 ’Τργις]
331 845 475 895 Reliqui
503 844 595 890 hoc,
626 856 751 893 quam-

89 914 197 952 quam
240 908 388 939 notatur
429 915 501 938 war
549 900 628 941 lect,
656 896 753 950 'Yo-

88 974 160 1023 γης
202 963 238 996 et
273 971 428 1010 pronum
474 962 552 995 erat
593 936 753 994 scribcie

89 1010 272 1068 Σύργις,
345 1021 386 1053 ut
456 1016 549 1051 infra
621 1014 753 1062 legitur

88 1072 423 1121 lV,123,hau‹1
456 1084 537 1108 rara
566 1071 750 1108 literarum

87 1130 321 1176 confusione,
366 1130 413 1166 de
455 1131 528 1177 qua
570 1129 663 1165 conf.
703 1129 751 1164 ad

88 1187 236 1223 Ctesiae
254 1187 422 1235 fragmm.
442 1197 526 1234 pag.
548 1187 614 1224 90.
644 1185 751 1234 Kap-

86 1255 172 1293 pen.
192 1241 397 1292 Nor‹lgest.
432 1242 468 1277 d.
502 1242 609 1278 Pont.
637 1255 673 1291 p.
696 1244 749 1282 62

87 1303 126 1337 et
157 1299 242 1336 olim
272 1299 457 1336 Gatterer.
485 1298 522 1334 in
542 1299 748 1335 Comment.

87 1356 208 1394 societ.
251 1356 422 1405 Gotting.
474 1354 560 1391 XIV
607 1368 642 1403 p.
679 1357 746 1395 36.

86 1413 160 1457 Qui
191 1413 288 1450 idem
318 1413 502 1450 Gatterer.
542 1410 599 1461 (T
604 1413 749 1449 hracien

85 1469 177 1507 nach
197 1469 335 1507 Herod.
356 1483 389 1506 u.
412 1469 582 1516 Thucyd.
614 1482 650 1518 p.
678 1472 748 1517 19)

85 1526 144 1563 hic
181 1526 229 1563 de
272 1527 384 1563 fluvio
421 1526 558 1562 Donezz
596 1526 747 1573 cogitat,

84 1582 263 1633 probante
286 1583 470 1620 Mannert.
496 1582 548 1618 1V
572 1596 610 1633 p.
635 1585 689 1623 79
712 1587 750 1620 et

85 1639 252 1676 Viilcker.
277 1640 394 1690 Myth.
416 1640 554 1688 Geogr.
576 1638 590 1675 l
611 1653 644 1689 p.
669 1641 748 1679 178

85 1709 163 1746 seq.
176 1727 186 1745 ‚
209 1697 270 1746 qui
289 1701 411 1734 tamen
431 1698 576 1733 fluvium
597 1696 749 1746 Syrgz'n‚

85 1754 133 1791 de
160 1766 234 1802 quo
258 1753 328 1800 IV,
366 1755 465 1801 123,
496 1754 590 1791 bene
620 1753 749 1790 ‹listin—

85 1810 148 1859 gui
166 1809 255 1847 vult.
286 1810 484 1847 Reichard.
502 1823 588 1860 pag.
610 1811 664 1851 52
682 1811 749 1847 ad-

83 1871 210 1904 monet
236 1867 335 1904 fluvii
364 1865 492 1915 Irgz'z‚
522 1868 585 1916 qui
607 1866 749 1915 Volgae

83 1923 278 1961 misceatur
300 1936 409 1974 supra
423 1924 590 1960 Saratow
606 1923 652 1960 ab
677 1924 748 1960 ori-

82 1984 189 2027 ente3
221 1986 260 2017 ut
277 1980 489 2018 Herodotus
509 1993 598 2018 sane
618 1975 747 2018 mirum

83 2049 242 2075 errorem
256 2038 480 2074 commisisse
491 2037 677 2088 putandus
691 2038 747 2074 sit.

81 2092 142 2132 De
159 2106 231 2144 quo
250 2095 331 2144 ipse
350 2095 481 2132 viderit
500 2094 551 2131 vir
574 2095 716 2133 doctus.

273 2151 384 2201 Cap.
414 2150 546 2188 Lvlfl.

139 2210 244 2246 τοῖσι
274 2204 346 2258 μὲν
378 2204 429 2258 δή
463 2203 746 2258 ου’νομαστοΐσι

82 2284 138 2291 —-
170 2259 454 2314 ἐσκευᾶὁαται]
487 2265 510 2302 i.
531 2278 561 2302 e.
593 2264 649 2302 his
674 2267 747 2314 igi-

84 2323 144 2357 tur
176 2322 308 2372 fluviis
337 2323 489 2358 maxime
513 2322 748 2359 memorabili-

85 2377 148 2414 bus
166 2377 320 2428 Scythia
340 2382 391 2415 est
411 2380 599 2416 instructa.
630 2378 747 2416 Simili

84 2434 201 2471 forma
221 2447 264 2472 ac
282 2440 470 2486 potestate
484 2432 747 2475 ἐσκευάδαται

84 2489 142 2536 ll,
178 2492 269 2531 138.
299 2489 537 2532 ἐσκευάδατο
557 2492 647 2540 Vll,
678 2495 745 2534 62-

85 2548 150 2588 66.
177 2547 230 2587 86
254 2548 330 2584 coll.
361 2549 399 2596 1,
434 2551 526 2591 188.
558 2550 648 2598 Vll,
679 2553 746 2592 61.

140 2600 430 2655 ἐπιχολωτάτη]
482 2606 538 2644 Ita
583 2611 682 2645 recte
726 2620 746 2645 e

82 2659 246 2709 pluribus
274 2660 372 2697 libris
401 2662 503 2700 dedit
523 2663 745 2712 VVesseling.

84 2728 165 2753 cum
186 2715 298 2754 herba
318 2717 538 2768 intelligatur
564 2720 646 2756 hilis
666 2720 746 2771 ple-

82 2775 232 2810 nissima
261 2778 297 2810 et
330 2773 380 2810 ad
402 2787 478 2811 eam
500 2777 745 2824 generandam

813 841 1023 888 aptissima;
1075 841 1136 890 qui
1177 841 1273 879 idem
1312 842 1359 878 de
1388 854 1475 878 voce

812 896 993 946 ἐπίχολος
1015 898 1104 934 citat
1127 898 1309 936 Plutarch.
1337 899 1366 935 ll
1390 911 1474 948 pag.

816 957 905 993 129.
939 953 1106 991 l’hilostr.
1131 955 1170 991 V.
1200 956 1363 1004 Sophist.
1382 956 1426 1001 ll,
1450 959 1474 993 ὅ

810 1023 845 1060 p.
868 1011 961 1050 578.
987 1010 1082 1047 leon.
1102 1011 1132 1046 ll
1157 1025 1190 1061 p.
1213 1014 1294 1052 828
1314 1013 1476 1061 itemque

811 1067 1009 1113 Ovidium,
1061 1067 1123 1115 qui
1173 1069 1299 1104 miram
1345 1069 1475 1105 herba-

810 1136 887 1159 rum
923 1123 1099 1160 Ponticae
1131 1137 1220 1162 orae
1259 1126 1474 1161 amaritudi-

808 1192 893 1216 nem
915 1179 1381 1228 aliquotiescommemorat
1405 1181 1475 1229 [Ex

808 1236 917 1272 l’ont.
953 1236 1025 1282 111,
1063 1239 1106 1283 1,
1139 1239 1205 1278 24.
1250 1240 1294 1284 ὅ,
1336 1241 1398 1279 16.
1435 1239 1475 1284 9,

807 1294 874 1332 37.
907 1292 978 1338 lv,
1016 1295 1086 1339 10,
1121 1293 1202 1344 18].
1236 1293 1360 1344 Atque
1384 1294 1474 1331 haec

806 1350 990 1386 sententia
1049 1350 1168 1388 verbis
1234 1351 1473 1401 sequentibus

806 1419 954 1455 quoque
980 1413 1238 1446 consentanea.
1280 1409 1407 1452 Quare
1436 1408 1474 1445 in

807 1476 851 1500 ea
881 1464 1063 1512 acquievit
1096 1465 1328 1515 Schweigh,
1362 1478 1473 1514 quem

807 1525 950 1557 secutus
993 1526 1050 1557 est
1082 1521 1180 1559 Miot
1209 1524 1260 1560 sic
1290 1523 1470 1573 interpre-

806 1582 907 1613 tans:
939 1590 1034 1624 „une
1053 1577 1175 1626 herbe,
1207 1581 1270 1630 qui
1291 1593 1314 1616 a
1333 1579 1371 1616 la
1387 1592 1473 1630 pro-

803 1634 922 1683 prz'e'te'
936 1633 976 1671 de
989 1635 1156 1684 produire
1176 1650 1244 1673 une
1265 1638 1335 1673 tres
1355 1649 1469 1685 gran-

808 1690 850 1726 de
902 1691 1039 1740 qualite
1091 1692 1134 1729 de
1180 1694 1248 1731 hice
1292 1694 1372 1730 chez
1422 1693 1471 1730 les

807 1748 1007 1785 bestiaux“
1039 1749 1201 1799 itemque
1224 1750 1334 1787 ltalus
1355 1752 1469 1788 inter-

805 1817 911 1855 pres:
957 1805 1099 1852 „l'erba
1124 1810 1346 1855 germinante
1373 1808 1468 1844 nella

808 1861 957 1909 Scizia,
989 1863 1037 1899 Ιιιὶ
1059 1863 1128 1914 sra
1156 1868 1244 1902 tutte
1268 1865 1379 1901 l’erbe
1405 1877 1470 1915 per

805 1921 867 1955 noi
893 1923 1085 1957 conoscz'ute
1115 1921 1152 1958 la
1170 1923 1263 1958 υίῑΐίι
1288 1922 1469 1958 d'aumen-

807 1979 884 2012 tare
911 1976 949 2013 [α
979 1978 1084 2015 hile.“
1127 1979 1199 2022 Qui
1220 1980 1316 2016 idem
1336 1979 1469 2016 herbas

804 2033 844 2069 in
872 2035 1085 2083 regionibus
1106 2036 1291 2084 stagnosis
1311 2035 1473 2072 incultis-

805 2102 874 2137 ve,
907 2091 1034 2140 quales
1063 2092 1233 2130 habuisse
1251 2095 1363 2131 fertur
1380 2094 1472 2142 Scy-

804 2146 902 2193 thia,
933 2154 1138 2187 crescentes
1175 2150 1222 2187 ad
1253 2150 1361 2188 bilem
1394 2149 1473 2186 ani-

804 2204 966 2252 malium,
993 2219 1088 2255 quae
1106 2206 1184 2243 istis
1205 2206 1363 2253 alantur,
1395 2218 1472 2243 ma-

805 2262 901 2299 xime
934 2263 1145 2312 augendam
1174 2263 1294 2301 valere
1313 2263 1469 2301 subiicit.

806 2318 914 2362 Quae
937 2332 1017 2357 cum
1041 2320 1092 2356 ita
1109 2320 1203 2369 sint,
1239 2321 1329 2358 satis
1352 2324 1470 2369 patet,

805 2387 927 2424 neque
954 2377 1187 2414 scribendum
1208 2390 1289 2415 esse
1309 2373 1467 2428 εὕχιλω·

804 2428 914 2483 τάτη,
944 2438 983 2471 ut
1003 2433 1085 2471 olim
1106 2435 1187 2483 quis
1207 2435 1375 2482 coniecit,
1405 2447 1469 2471 ne-

805 2503 878 2539 que
902 2486 1177 2541 ἐπιγιλωτάτη,
1201 2504 1323 2542 neque
1337 2490 1471 2540 ἐπιχυ-

804 2544 957 2600 λωτάτη
997 2548 1064 2595 (ob
1106 2562 1234 2598 νομας
1275 2543 1467 2598 εὐχύλους

804 2604 825 2641 i.
869 2618 900 2643 e.
946 2618 1086 2656 pascua
1130 2607 1228 2642 succi
1260 2605 1468 2655 plenissima

803 2663 903 2712 apud
933 2663 1116 2700 Clement.
1161 2661 1338 2698 Alexand.
1374 2660 1468 2696 Pae-

801 2721 886 2768 dag.
909 2719 980 2770 lp.
1000 2721 1094 2765 127,
1117 2718 1337 2755 observante
1354 2716 1400 2752 W
1405 2728 1464 2752 es-

801 2776 977 2826 selingio)
995 2777 1071 2813 sive
1085 2769 1334 2824 εὓγυλωτατη
1357 2770 1465 2823 (quae

886 451 1011 489 Τοῖσι
1040 446 1118 501 μὲν
1148 445 1200 502 δὴ
1232 443 1588 514 οὐνομα-Ξῦῑίῑιπηιῖιι

1493 510 1680 550 amarit-nium
