1863 3256
259 446 357 491 144

86 511 198 538 Adsunt
230 512 360 538 Persae:

85 544 279 572 Maeandrium
297 545 361 572 abi-

83 583 144 606 tum
164 579 299 613 spondet.

259 947 359 1020 1435

89 1014 248 1042 Charilaus
292 1013 363 1048 qiud

86 1047 365 1076 Maeandriosratri

85 1082 296 1115 exprobravit,
333 1085 363 1107 ct

86 1115 158 1150 quid
185 1115 222 1143 ab
244 1123 280 1143 eo
310 1123 361 1150 pe-

85 1150 179 1178 aierit.

420 196 505 238 256

817 197 1288 239 HERODOTI

417 307 684 351 κατακτείνει
717 307 822 361 τούς
851 308 1071 364 δεσμώτας
1099 309 1277 361 πάντας.
1317 306 1372 353 οὐ
1401 306 1485 365 γὰρ
1520 307 1598 366 δὴ,
1629 308 1691 362 ὥς

420 379 586 427 οἴκασι,
617 377 848 434 ἐβουλέατο
879 377 991 423 εἶναι
1020 380 1258 434 ἐλεύθεροι.
1728 372 1732 374 ’

524 449 693 504 Ἐπειδὴ
725 444 786 492 ὧν
815 449 1025 494 ἀπίκοντο
1066 452 1109 502 ἐς
1146 452 1228 508 τήν
1256 450 1414 506 Σάμον
1444 452 1488 494 οἱ
1518 450 1688 506 Πέρσαι

418 521 681 576 κατάγοντες
711 523 1002 571 Συλοσῶντα,
1045 521 1100 564 οὔ
1129 538 1172 565 τε
1209 523 1272 572 τίς
1310 534 1390 578 σφι
1428 527 1571 578 χεῖρας
1608 520 1713 565 οἷν-1

417 593 650 645 ταείρεται,
697 589 973 634 ὑπόσπονδοί
1011 607 1056 635 τε
1095 592 1263 648 ἔφασαν
1301 591 1412 636 εἶναι
1447 594 1614 648 ἑτοῖμοι
1644 594 1689 636 οἱ

417 666 498 706 τοῦ
528 663 816 715 ΛῙαιανδρίου
848 667 1104 715 στασιῶται,
1132 664 1206 707 καὶ
1236 663 1368 716 αὐτὸς
1397 665 1687 719 Μαιάνδριος,

388 733 660 789 Ξέκχωρῆσαι
690 732 737 775 ἐκ
765 736 842 789 τῆς
870 733 1021 789 νήσου.
1067 734 1399 786 καταινέσαντος
1426 734 1465 779 δ’
1492 736 1559 779 ἐπὶ
1588 735 1690 779 τού-

418 815 532 848 τοισι
574 803 758 847 Ὀτάνεω
797 805 871 848 καὶ
914 806 1226 860 σπεισαμένου,
1271 810 1360 849 τῶν
1399 808 1604 862 Περσέων
1643 809 1718 850 οῑ5

421 876 624 919 πλείστου
660 873 772 926 ἄξιοι
808 874 1005 930 θρόνους
1042 876 1245 931 θέμενοι,
1296 880 1575 922 κατεναντίον
1615 883 1691 936 τῆς

418 945 681 1000 ἀκροπόλιος
718 945 935 990 ἐκατέατο.
994 950 1258 1006 Μαιανδρίῳ
1300 949 1345 992 δὲ
1383 954 1444 1009 τῷ
1485 951 1688 1008 τυράννῳ

420 1012 476 1073 ἦν
507 1015 715 1073 ἀδελφεὸς
744 1016 1124 1074 ὑπομαργότερος,
1165 1025 1226 1078 τῷ
1266 1020 1437 1077 οὔνομα
1473 1017 1530 1077 ἦν
1559 1023 1690 1076 Χαρί-

421 1092 546 1138 λεως·
597 1083 728 1140 οὗτος
758 1088 781 1132 ὅ
812 1106 852 1132 τι
882 1089 934 1145 δὴ
965 1089 1239 1146 ἐξαμαρτών,
1281 1091 1329 1134 ἐν
1367 1093 1566 1149 γοργύρῃ
1604 1093 1692 1137 ἐδέ-

422 1161 540 1203 δετο·
597 1161 670 1203 καὶ
710 1160 762 1217 δή
800 1161 897 1205 τότε
935 1161 1182 1213 ἐπακούσας
1221 1178 1265 1205 τε
1305 1162 1359 1206 τοὶ
1397 1164 1748 1221 πρησσόμενα,10

420 1231 494 1275 καὶ
525 1231 743 1284 διακύψας
776 1231 848 1275 διά
877 1236 952 1288 τῆς
983 1232 1226 1289 γοργύρης,
1267 1232 1326 1285 ὦς
1348 1233 1432 1278 εἶδε
1453 1236 1557 1288 τοὺς
1579 1237 1693 1292 Πέρ-

421 1314 501 1354 σας
531 1304 759 1359 εἰρηναίως
793 1303 1080 1358 κατημένους,
1122 1303 1227 1359 ἐβόα
1256 1321 1301 1348 τε
1328 1306 1401 1349 καὶ
1431 1307 1515 1363 ἔφη
1541 1307 1692 1363 λέγων,

391 1376 691 1435 ΞΜαιανδρίῳ
713 1375 861 1419 θέλειν
880 1375 1025 1418 ἐλθεῖν
1047 1375 1090 1426 ἐς
1112 1374 1283 1430 λόγους.
1325 1376 1571 1430 ἐπακούσας
1594 1379 1640 1423 δὲ
1666 1379 1691 1424 ὁ

419 1445 717 1501 Μαιάνδριος,
771 1445 988 1496 λύσαντας
1033 1445 1171 1489 αύτὸν
1216 1447 1382 1492 ἐκέλευε
1423 1448 1543 1505 ἄγειν
1583 1448 1691 1506 παρ’

421 1516 598 1561 ἑωυτόν.
647 1516 705 1569 ὠς
734 1518 779 1562 δὲ
810 1517 924 1574 ἄχθη
954 1516 1151 1573 τάχιστα,
1181 1520 1418 1574 λοιδορέων
1448 1537 1491 1564 τε
1521 1522 1594 1565 καὶ
1619 1538 1691 1565 κα·
1705 1528 1748 1563 15

374 1582 377 1587 ⁵
418 1590 550 1641 κίζων
580 1605 675 1644 μιν,
706 1587 907 1632 ἀνέπειθε
936 1589 1168 1632 ἐπιθέσθαι
1195 1595 1307 1633 τοῖσι
1329 1592 1526 1648 Πέρσῃσι
1553 1591 1694 1647 λέγων

391 1657 593 1703 3τοιάδε·
626 1658 755 1714 „Eub
785 1659 883 1715 μὲν,
916 1654 951 1703 ὦ
975 1658 1149 1703 κάκιστε
1180 1655 1378 1713 ἀνδρῶν,
1410 1659 1539 1704 ἐόντα
1561 1672 1693 1704 σεωυ-

420 1734 501 1774 τοῦ
531 1729 763 1788 άδελφεὸν,
802 1731 875 1774 καὶ
907 1730 1173 1789 ἀδικήσαντα
1203 1730 1333 1775 οὐδὲν
1361 1729 1485 1784 ἄξιον
1514 1732 1692 1788 δεσμοῦ,

422 1919 657 1972 ἕβουλέατο]
697 1921 821 1969 „Non
851 1923 1031 1961 detrecta·
1084 1937 1146 1970 ροι
1168 1919 1231 1968 ΙΙΙ,
1246 1919 1335 1961 145.
1354 1918 1431 1961 146
1450 1922 1486 1957 et
1506 1923 1601 1957 nott.
1619 1920 1667 1956 ad
1681 1918 1746 1966 111,

367 1979 459 2015 bant
490 1979 604 2015 Samii
638 1978 853 2026 libertatem,
883 1980 947 2016 sed
975 1984 1031 2016 ta·
1082 1979 1119 2017 4.
1147 2000 1203 2005 —-
1230 1977 1290 2014 Ad
1316 1978 1469 2014 sormam
1495 1974 1675 2015 ἐκα;ἑατο
1698 1977 1745 2014 cf.

367 2035 463 2080 lem,
493 2047 587 2083 quae
606 2035 726 2085 pactio
751 2040 850 2073 esset
879 2036 1031 2072 servitu-
1081 2035 1128 2083 11,
1154 2036 1221 2074 86.

370 2091 430 2137 tis,
459 2091 621 2140 (qualem
642 2090 775 2129 scilicet
804 2092 845 2128 iis
868 2092 1029 2138 offerret,

369 2161 396 2184 s.
408 2152 643 2197 proponeret,
657 2145 903 2198 Lycaretus)“
922 2148 1027 2185 Wess.

368 2224 424 2231 —
434 2202 656 2253 ε’βουλὲατο,
668 2205 775 2255 plane
786 2209 824 2241 ut
835 2205 861 2251 l,
872 2203 923 2252 4.,
936 2204 1029 2242 Lar-

367 2260 517 2306 chems,
560 2274 604 2298 ex
645 2260 780 2297 Pauwii
823 2261 1030 2298 coniectura

368 2317 418 2353 sic
431 2317 555 2353 vertit:
575 2316 625 2362 „il
649 2318 768 2366 parait
784 2317 866 2354 bion
888 2330 960 2366 que
975 2318 1027 2355 les

365 2372 532 2409 Samiens
556 2374 789 2422 regardoient
806 2387 944 2410 comme
957 2386 1028 2411 une

366 2427 476 2465 chose
494 2429 645 2477 indigne
665 2429 751 2465 d'uu
771 2429 915 2467 homme
926 2429 1028 2478 libre,

369 2484 509 2522 d’obaeiir
529 2486 549 2521 ἐι
572 2498 619 2521 un
641 2487 788 2533 ty1·an.“

545 2542 653 2590 Cap.
685 2540 850 2577 CXLIV.

427 2596 468 2635 οἰ
485 2599 556 2635 τοῦ
576 2600 632 2634 Μ.
656 2595 881 2646 στασιῶται]
904 2596 1029 2634 Plures

369 2652 449 2690 libri
486 2655 740 2705 στρατιῶται,
775 2655 876 2701 quod
905 2658 1030 2690 tamen

372 2722 500 2759 parum
557 2710 705 2747 differre
759 2714 856 2746 reete
903 2709 1030 2745 statuit

373 2766 508 2812 W‘Vess„
530 2779 608 2803 cum
631 2779 756 2803 omnes
772 2766 935 2803 eiusdem
952 2765 1032 2802 sue-

371 2822 445 2860 rint
460 2823 641 2870 factionis,
652 2822 856 2860 Maeandrii
873 2820 1031 2861 ἐπίκου-

1269 2089 1379 2138 Cap.
1412 2088 1559 2126 CXLV.

1138 2141 1486 2197 ύπομαργότερος]
1519 2146 1541 2182 i.
1562 2157 1592 2183 e.
1617 2148 1747 2195 „petu-

1088 2203 1222 2240 lantior
1257 2206 1289 2238 et
1319 2201 1566 2252 propemodum
1592 2203 1748 2238 vecors.“

1087 2260 1141 2297 lta
1162 2260 1305 2305 wess.‚
1334 2258 1486 2295 laudans
1509 2257 1571 2304 VI,
1595 2258 1661 2298 75.
1682 2256 1748 2303 111,

1088 2319 1141 2358 29
1163 2316 1243 2364 (ubi
1264 2328 1295 2351 ν.
1307 2315 1420 2361 nott.)
1433 2314 1587 2364 Appian.
1605 2313 1647 2350 B.
1666 2314 1746 2350 Civ.

1087 2373 1132 2420 V,
1144 2375 1209 2414 48.
1234 2370 1386 2407 Suidam
1403 2383 1431 2406 s.
1445 2382 1478 2405 v.
1500 2393 1551 2399 „-
1572 2369 1631 2406 De
1649 2382 1748 2406 com-

1086 2428 1241 2477 parativi
1262 2440 1329 2464 usu
1344 2427 1437 2464 conf.
1456 2425 1587 2462 Matth.
1603 2425 1668 2462 Gr.
1679 2425 1747 2463 Gr.

1086 2483 1124 2534 ξ.
1153 2484 1235 2524 475
1275 2484 1323 2519 in.
1362 2477 1536 2533 γοργύρη
1569 2482 1748 2519 subterra-

1086 2553 1188 2576 neum
1207 2540 1341 2575 indicat
1353 2551 1533 2583 carcerem,
1545 2533 1748 2589 δεσμωτή-

1087 2611 1175 2646 ριον
1194 2591 1404 2646 ύπόγαιον,
1438 2600 1478 2631 ut
1495 2594 1650 2632 Glossae
1668 2595 1748 2633 He-

1088 2653 1193 2689 rodd.
1233 2652 1280 2688 ad
1311 2651 1346 2688 h.
1379 2651 1400 2687 1.
1428 2656 1466 2688 et
1491 2651 1626 2688 Suidas
1653 2663 1682 2688 s.
1711 2663 1746 2688 v.

1088 2707 1147 2744 Ad
1178 2709 1329 2744 sormam
1361 2704 1467 2758 ἄχθη
1495 2708 1590 2744 conf.
1614 2707 1746 2744 Matth.

1087 2765 1109 2801 Ι.
1133 2764 1153 2802 Ι.
1180 2778 1264 2814 pag.
1285 2762 1378 2805 430.
1408 2763 1468 2801 Ad
1497 2759 1601 2803 οὕτω
1624 2758 1675 2815 δή
1696 2778 1747 2811 τι,

1085 2821 1130 2858 cf.
1153 2820 1216 2868 lll,
1245 2824 1306 2862 12.
