1946 3272
576 262 1051 304 THALIA.111.

1360 271 1443 311 125

174 379 317 436 νόμιζε
346 375 537 432 σεωυτὴν
564 374 730 430 Σμέρδι
766 377 828 431 τῷ
864 371 1022 428 Κύρου
1061 377 1325 420 συνοικέειν·
1384 379 1442 437 ἢν

145 459 166 491 5
182 452 226 494 δὲ
256 450 313 506 μὴ
343 449 469 504 ἔχων,
501 445 557 489 σύ
588 446 634 489 δὲ
663 449 724 505 τῷ
753 445 878 502 μάγῳ
898 444 1074 501 Σμέρδι.
1087 451 1112 470 “
1167 444 1468 504 Ἀντιπὲμπει1

172 521 283 574 πρός
309 523 443 562 ταῦτα
471 516 498 574 ἡ
532 518 747 573 Φαιδίμη,
791 517 965 574 φαμένη
1008 518 1346 569 ,,κινδυνεύσειν
1374 536 1443 575 με-

168 592 329 646 γάλως,
367 589 423 646 ἢν
451 592 557 646 ποιῇ
586 592 735 631 ταῦτα.
795 587 851 645 ἦν
880 587 964 644 γάρ
997 588 1048 644 δὴ
1076 587 1134 644 μὴ
1164 589 1356 646 τυγχάνῃ
1386 590 1439 633 τοὶ

170 658 254 705 ὦτα
284 661 412 716 ἔχων,
454 660 717 715 ἐπίλαμπτος
750 658 796 702 δὲ
827 657 1090 715 ἀφάσσουσα
1117 660 1257 712 ἔσται,
1298 655 1349 704 εὖ
1379 662 1440 704 εἰ-

139 738 163 772 6
172 730 291 775 δέναι
313 731 371 783 ὠς
393 730 593 775 άϊστώσει
615 748 702 787 μιν.
736 729 854 786 ὅμως
873 730 1022 786 μέντοι
1041 731 1241 788 ποιήσειν
1257 735 1466 774 ταῦτα.“5

163 819 191 857 η
210 801 290 858 μὲν
318 802 371 859 δὴ
392 801 628 856 ὑπεδέξατο
658 807 797 846 ταῦτα
827 806 888 859 τῷ
917 803 1047 857 πατρὶ
1078 802 1434 859 κατεργάσεσθαι.

163 876 243 916 τοῦ
274 872 321 917 δὲ
340 873 502 930 Μάγου
531 874 693 918 τούτου
723 878 805 917 τοῦ
827 874 1048 929 Σμέρδιος
1078 878 1232 929 Κῦρος
1263 873 1287 918 ὁ
1314 878 1435 931 Καμ-

165 943 308 999 βύσεω
338 945 483 1001 ἅρχων
512 946 564 990 τὰ
605 942 692 990 ὦτα
722 944 901 1001 ἀπέτεμε
935 944 1002 989 ἐπ’
1037 947 1151 1003 αἰτίῃ
1183 946 1236 1002 δή
1267 964 1354 990 τινι
1384 947 1439 991 οὐ

135 1020 342 1073 Ίσμικρῇ.

393 1014 454 1059 ‘H
490 1013 553 1061 ὦν
592 1016 645 1074 δὴ
680 1019 870 1074 Φαιδίμη
909 1017 1042 1074 αὕτη,
1087 1016 1114 1074 ἦ
1146 1022 1226 1062 τοῦ
1251 1017 1495 1063 ὈτάνεωΙο

163 1086 384 1144 θυγάτηρ,
427 1086 570 1131 πάντα
599 1088 875 1132 ἐπιτελέουσα
913 1088 966 1132 τὰ
992 1088 1228 1141 ὑπεδέξατο
1258 1094 1319 1148 τῷ
1347 1107 1440 1134 πα-

164 1159 257 1214 τρὶ,
304 1160 395 1203 ἐπεί
423 1176 466 1204 τε
497 1159 632 1217 αὐτῆς
660 1161 791 1217 μέρος
821 1160 982 1217 ἐγίνετο
1012 1165 1088 1217 τῆς
1126 1159 1294 1214 άπίξιος
1323 1161 1442 1217 παρὰ

165 1314 217 1370 ἢν
234 1334 307 1371 γαρ
333 1315 382 1369 δη
396 1313 449 1369 μὴ
467 1313 658 1382 τυγχάνῃ]
676 1317 771 1356 Tres

108 1376 193 1413 libri
218 1390 233 1414 ε
248 1375 262 1414 ι’
282 1398 338 1403 —
355 1370 565 1428 τυγχάνει.
597 1376 659 1413 Tu
673 1376 770 1413 conf.

107 1433 238 1471 Matth.
258 1433 323 1470 Gr.
347 1433 413 1469 Gr.
433 1446 521 1483 pag.
546 1435 677 1479 1020,
708 1432 770 1469 ubi

107 1490 169 1539 qui
190 1489 359 1526 laudatur
382 1489 482 1526 locus
511 1489 694 1527 Herodoti
724 1489 771 1536 Π,

110 1548 174 1593 13,
185 1547 221 1582 in
235 1559 278 1584 eo
289 1559 383 1583 nunc
401 1541 592 1585 άποδιδοῖ
603 1560 672 1597 pro
683 1559 770 1583 con-

105 1603 262 1640 iunctivo
280 1603 406 1641 haberi
424 1603 556 1640 malim.
615 1603 666 1641 At
683 1604 770 1641 Ste-

106 1672 196 1709 gero
226 1664 372 1697 auctore
400 1660 438 1696 in
460 1660 580 1698 Praef.
608 1673 646 1711 p.
668 1661 768 1708 XIV,

106 1716 219 1754 verba
247 1717 429 1753 Herodoti
460 1718 510 1753 sic
544 1717 770 1755 constituen—

107 1773 156 1809 da
178 1777 282 1810 sunt:
282 1788 365 1829 ην
388 1788 462 1824 γαρ
490 1769 538 1821 δὴ
557 1770 610 1824 μὴ
632 1769 770 1825 τυγχά-

107 1844 157 1883 νῃ
192 1845 238 1867 τα
267 1823 344 1869 ὦτα
381 1829 499 1880 ἔχων,
529 1829 771 1880 ἐπίλαμπτος

108 1885 150 1925 δὲ
184 1889 260 1934 (sc.
287 1884 476 1944 γένηται)
513 1882 769 1936 α’φάσσουσα,

108 1942 282 1990 ἔσεσθαι,
301 1944 343 1982 εὑ
369 1941 530 1991 εἰδέναι,
553 1959 606 1990 ως
627 1939 772 1983 α’ϊστώ-

108 2012 166 2039 σει
196 2015 286 2050 μιν,·
320 1999 488 2050 suturum
520 2013 611 2047 esse,
642 2002 704 2038 hoc
737 2015 772 2038 se

104 2057 209 2107 probe
229 2070 339 2104 sczre,
369 2061 409 2094 ut
434 2062 501 2095 etc.
562 2030 702 2101 Qimd'
693 2072 772 2096 lure

108 2113 292 2164 displicuit
309 2113 645 2164 censoriLipsiensi
661 2117 768 2157 1829

107 2183 161 2208 nr.
187 2171 276 2212 136.
300 2184 387 2222 pag.
410 2173 529 2212 1086.

164 2225 404 2278 ἐπίλαμπτος
445 2225 489 2266 δὲ
529 2222 770 2277 άφάσσουσα

108 2281 234 2334 ἔσται]
265 2285 288 2322 i.
313 2298 344 2322 e.
374 2286 408 2321 si
438 2284 651 2334 deprehensa
673 2285 769 2335 foret

107 2340 208 2376 illum
238 2344 402 2390 tangens.
441 2340 685 2390 ἐπίλαμπτος
711 2343 770 2380 Io-

107 2409 193 2434 num
212 2410 255 2434 ex
275 2411 375 2435 more
393 2411 460 2449 pro
480 2397 704 2449 ἐπίληπτος,
727 2403 769 2436 ut

109 2453 182 2501 III,
209 2457 287 2495 127
318 2453 613 2505 καταλαμπτέος
643 2461 679 2493 et
706 2456 769 2503 IV,

113 2510 164 2550 13
195 2506 503 2562 φοιβόλαμπτος.
528 2512 659 2550 Gloss.
690 2513 771 2551 He-

109 2566 227 2603 rodot.
246 2570 395 2617 exponit
412 2564 660 2619 καταφανής.
689 2568 771 2607 Nec

112 2620 212 2658 aliter
238 2623 313 2661 Hes
299 2625 395 2674 eyeh.
425 2638 452 2662 s.
482 2638 513 2663 v,
544 2625 770 2676 ἐπίληπτος,

112 2676 174 2712 ubi
193 2678 263 2715 vid.
284 2679 420 2719 Alberti
442 2681 489 2719 T.
512 2681 768 2733 Ipag.1364.

111 2730 170 2769 De
204 2736 379 2787 participii
405 2751 473 2775 usu
505 2741 599 2779 conf
632 2738 767 2777 Matth.

114 2785 151 2837 ἓ·
183 2789 284 2837 548,
311 2792 335 2833 5
366 2807 450 2844 pag.
471 2797 591 2835 1078
619 2819 675 2824 -
700 2791 769 2835 oii-

115 2846 235 2882 στοῦν
283 2849 411 2888 eodem
459 2853 614 2890 necandi
659 2866 770 2892 sensu

111 2898 176 2948 111,
205 2902 295 2940 127.

886 1333 933 1357 τα
952 1319 1033 1358 ώτα
1052 1312 1233 1370 άπέτεμε]
1249 1320 1303 1358 Ut
1320 1335 1494 1361 manuum

828 1376 880 1412 ita
903 1376 1043 1413 aurium
1061 1377 1494 1425 quoqueinvenituram-

827 1433 969 1482 putatio
1002 1433 1039 1469 in
1068 1432 1261 1471 Persarum
1292 1437 1492 1487 suppliciis.

827 1489 910 1526 vid.
931 1490 1094 1527 Brisson.
1115 1490 1160 1528 de
1175 1503 1252 1540 reg.
1264 1492 1364 1530 Pers.
1378 1494 1493 1544 princ.

823 1544 914 1597 11§.
942 1548 1021 1587 123
1041 1559 1129 1613 pag.
1149 1547 1243 1587 587.

883 1618 909 1653 η
958 1618 1029 1641 του
1068 1597 1239 1643 Ὀτάνεω
1279 1601 1492 1659 θυγάτηρ]

826 1659 931 1697 Haec
951 1660 1061 1698 verba
1081 1661 1228 1700 minime
1250 1663 1301 1700 ita
1328 1664 1495 1702 abunda-

826 1729 879 1763 re,
910 1720 950 1753 ut
969 1717 1147 1754 elicienda
1165 1720 1250 1766 sint,
1268 1725 1393 1759 monet
1407 1721 1495 1758 Val-

827 1774 947 1820 cken.,
967 1787 1047 1811 cum
1060 1776 1264 1814 orationem
1285 1779 1409 1827 paucis
1434 1779 1493 1815 in-

827 1834 1028 1880 terruptam
1040 1831 1258 1869 solemnibus
1269 1834 1401 1871 voculis
1414 1834 1494 1872 No-

829 1892 906 1924 ster
926 1888 1104 1924 redordiri
1122 1888 1251 1935 soleat,
1281 1894 1321 1927 ut
1340 1892 1401 1940 qni
1429 1905 1491 1929 su·

827 1944 969 1994 perflua
993 1945 1174 1993 quaedam
1188 1947 1317 1995 (quale
1335 1960 1365 1984 V.
1378 1962 1407 1986 c.
1424 1949 1495 1985 hoc

828 2000 907 2037 loco
929 2000 1016 2037 illud
1039 2005 1106 2048 est,
1138 2004 1241 2051 quod
1269 2005 1386 2051 addit,
1417 2018 1491 2054 quo

827 2061 934 2107 patre
953 2057 1151 2096 Phaedime
1169 2064 1267 2097 esset
1289 2060 1389 2111 orta)
1409 2076 1494 2112 per-

828 2114 1031 2164 spicuitatis
1055 2127 1165 2152 causa
1193 2117 1352 2155 adiicere
1376 2118 1493 2165 malit,

827 2183 936 2219 quam
962 2172 1153 2209 verborum
1174 2174 1399 2224 parsimonia
1427 2176 1496 2214 ob-

825 2239 949 2264 scurus
975 2229 1102 2266 videri.

884 2283 970 2323 ἐπεί
987 2299 1027 2323 τε
1051 2280 1176 2335 αὐτῆς
1196 2284 1314 2338 μέρος
1343 2285 1492 2339 ε’γίνετο

825 2342 897 2391 τῆς
930 2336 1112 2393 οἷπίξιος]
1155 2344 1177 2379 i.
1207 2357 1237 2381 e.
1274 2357 1379 2394 quum
1407 2345 1492 2382 ordo

825 2399 960 2434 veniret
978 2399 1133 2449 puellae,
1155 2404 1195 2436 ut
1216 2400 1265 2437 ad
1286 2414 1402 2450 regem
1430 2415 1491 2439 ac-

829 2455 973 2493 cederet.
1022 2457 1207 2494 Sancrofti
1241 2457 1334 2496 liber
1374 2453 1493 2513 αὕτῇ,

828 2512 928 2561 quod
947 2526 1020 2549 non
1040 2512 1221 2563 displicet.
1251 2514 1398 2564 Reliqui
1411 2515 1492 2553 libri

827 2563 964 2618 αὕτης.
999 2569 1089 2606 Ad
1080 2583 1199 2620 ipsam
1217 2584 1293 2609 rem
1320 2573 1441 2609 confss
1433 2586 1490 2609 m-

826 2626 951 2676 primis
975 2626 1121 2664 Esther
1140 2627 1185 2674 ll,
1209 2629 1274 2674 12,
1300 2629 1361 2665 ubi
1381 2642 1491 2679 prae-

827 2687 885 2720 ter
903 2682 974 2720 alia
986 2683 1073 2720 hoc:
1103 2698 1169 2722 και
1188 2680 1286 2723 όταν
1305 2701 1331 2739 η
1352 2681 1490 2737 καιρὸς

825 2739 1018 2791 κορασίου
1039 2739 1236 2779 εἰσελθεῖν
1256 2738 1353 2791 πρὸς
1376 2742 1488 2792 βασι-

825 2793 904 2834 λέα.
936 2795 997 2833 Τι]
1009 2796 1094 2833 add.
1106 2796 1261 2834 Diodor.
1280 2798 1353 2835 Sic.
1371 2797 1487 2843 XVII,

826 2855 906 2900 77,
936 2853 997 2890 ubi
1018 2853 1138 2891 lVess.
1170 2853 1297 2891 laudat
1322 2853 1488 2891 Curtium

827 2909 892 2958 111,
914 2911 953 2958 3,
974 2907 1042 2949 24.
1061 2909 1124 2958 VI,
1144 2912 1182 2959 6,
1200 2912 1238 2950 8.
1258 2930 1314 2938 —
1340 2910 1487 2959 φοιτᾶν
