1863 3256
448 134 1134 180 MELPOMENE.1V.
1340 141 1425 181 423

161 250 316 302 εὔξατο
354 252 409 306 τῇ
437 247 586 303 Μητρὶ
625 245 650 290 ὁ
685 243 958 301 Ἀνάχαρσις,
998 242 1055 300 ἦν
1085 244 1172 294 σῶς
1199 244 1272 286 καὶ
1302 245 1426 302 ὑγιής

164 320 443 377 ἀπονοστήσῃ
487 318 531 369 ἐς
583 318 774 364 ἑωυτοῦ,

832 314 987 359 θύσειν
1035 329 1081 357 τε
1130 313 1239 357 κατὰ
1290 315 1427 359 ταῦτα

160 392 271 436 κατὰ
299 392 352 435 τὰ
382 390 465 445 ὅρα
493 388 599 441 τούς
629 385 904 443 Κυζικηνούς
932 389 1185 437 ποιεῦντας,
1216 385 1290 428 καὶ
1319 402 1428 428 παν-

131 464 322 518 3νυχίδα
353 461 539 517 στήσειν.
602 459 661 510 ὥς
702 459 748 502 δὲ
779 457 954 500 ἀπίκετο
994 457 1037 508 ἐς
1072 457 1153 512 τήν
1181 457 1483 512 Σκυθικήν,95

159 532 350 582 καταδὺς
380 531 422 582 ἐς
451 531 530 586 τὴν
560 529 830 585 καλεομένην
851 527 1049 584 Ὑλαίην·
1096 526 1123 584 ἡ
1155 526 1197 572 δ’
1229 528 1317 571 ἔστι
1345 527 1426 582 μὲν

159 601 280 655 παρά
325 600 404 643 τὸν
436 600 678 656 Ἀχιλλήιον
723 599 931 654 Δρόμον,
982 598 1182 654 τυγχάνει
1222 598 1267 641 δὲ
1305 602 1425 641 πᾶσα

155 672 290 716 ἐοῦσα
313 671 529 726 δενδρέων
551 672 773 715 παντοίων
796 670 923 725 πλέη·
976 669 1017 721 ἐς
1036 669 1200 725 ταύτην
1230 669 1276 714 δὲ
1299 686 1427 713 κατα-

157 741 240 793 δύς
278 740 302 786 ὁ
338 740 614 798 Ἀνάχαρσις,
662 740 744 798 τὴν
784 739 920 796 ὁρτὴν
962 745 1110 784 πᾶσαν
1147 741 1331 785 ἐπετέλεε
1371 744 1426 798 τῇ

155 817 248 870 θεῷ
262 847 273 867 ,
306 813 536 870 τύμπαυόν
554 830 598 858 τε
621 814 749 870 ἔχων,
780 813 853 856 καὶ
872 811 1164 869 ἐκδησάμενος
1184 812 1422 869 ἀγάλματα.

99 970 252 1024 πρεπέα
279 967 417 1023 κάρτα.
453 970 525 1008 Alii
552 971 633 1009 libri
652 984 762 1009 vocu-

98 1029 171 1067 lam
208 1024 333 1079 κάρτα
373 1029 555 1066 omittunt.
593 1049 646 1056 —
701 1028 761 1065 De

98 1086 197 1123 cultu
228 1085 366 1124 Matris
384 1085 499 1121 Dczim
529 1085 627 1135 apud
649 1085 761 1133 Cyzi-

99 1155 210 1181 cenos
243 1142 459 1190 Wesseling.
488 1141 614 1177 laudat
636 1141 758 1177 strab.

98 1200 116 1236 Ι
137 1213 173 1249 p.
193 1199 248 1240 45
278 1211 306 1234 s.
328 1200 381 1238 76
401 1198 444 1233 B.
485 1197 587 1245 Cayl.
609 1196 759 1234 Recueil

99 1255 294 1303 d'Antiqq.
325 1254 358 1289 11
389 1267 475 1303 pag.
510 1255 601 1294 199.
659 1251 756 1289 Add.

99 1311 222 1349 Strab.
234 1310 303 1347 Xll
315 1323 400 1359 pag.
413 1310 493 1350 575
509 1322 537 1345 s,
551 1310 633 1349 862
646 1308 686 1345 Α.
699 1330 754 1336 -

98 1368 186 1416 ,‚Cf.
201 1366 320 1404 Valet.
337 1366 456 1403 Flacc.
471 1366 673 1414 Argonaut.
692 1365 757 1412 111,

98 1426 166 1465 20.
225 1422 356 1460 Matris
388 1424 520 1469 deam,
549 1422 650 1459 euius
676 1422 760 1459 reli-

99 1481 229 1531 giones
246 1480 292 1517 ab
308 1479 526 1528 Argonautis
542 1479 759 1529 repeteban-

99 1542 178 1584 tur,
204 1536 359 1584 vestigia
388 1536 532 1573 residua
549 1536 586 1572 in
605 1536 759 1584 Cyzice-

99 1606 229 1632 norum
257 1593 396 1638 numis,
435 1599 475 1628 ut
502 1592 616 1629 leonis
650 1595 761 1641 caput

99 1654 166 1688 etc.
196 1648 279 1686 Vid.
300 1648 448 1686 Eckhel.
480 1647 527 1685 D.
544 1647 593 1686 N.
612 1649 657 1685 V.
678 1648 760 1686 Vol.

99 1706 134 1744 11
163 1719 249 1757 pag.
275 1705 356 1746 453
382 1718 436 1754 sq.
473 1704 653 1742 Mionnet.
683 1704 760 1742 De-

99 1763 222 1814 script.
247 1762 294 1799 de
316 1761 506 1799 Medailles
524 1761 556 1798 lI
579 1762 757 1811 pag.529

100 1832 205 1868 seqq.
260 1824 297 1855 et
346 1819 484 1856 Sestini
525 1818 759 1855 Descrizione

100 1875 198 1924 degli
218 1875 353 1912 Stateri
370 1875 503 1911 antichi
523 1888 607 1924 pag.
629 1875 681 1914 57
702 1887 758 1923 sq.

98 1932 330 1971 Ferebantur
368 1931 604 1980 Argonautae
638 1931 761 1980 Cybe-

99 1989 153 2026 les
188 1989 333 2036 signum
372 1988 541 2038 posuisse
571 1987 610 2024 in
635 1992 760 2025 monte

98 2045 308 2093 Dindym0‚
352 2045 453 2093 quod
488 2048 621 2095 postea
657 2044 760 2081 Con-

101 2102 253 2138 stantini
285 2101 382 2137 iussu
417 2100 762 2152 Constantinopolin

99 2158 212 2196 fuerit
231 2157 483 2194 translatum.“
522 2157 552 2195 C
559 2171 588 2194 r.

158 2210 259 2253 κατα
293 2211 340 2252 τοὶ
376 2209 473 2265 ὅρα]
513 2213 648 2252 Matth.
673 2213 761 2251 reti-

99 2272 182 2308 nuit
208 2266 312 2322 ὥρα,
343 2269 427 2307 olim
449 2270 646 2319 vulgatum.
685 2270 762 2307 Ab·

102 2332 159 2365 est
188 2327 317 2364 vocula
339 2323 407 2373 τα“,
438 2328 538 2377 quod
559 2328 608 2364 ita
627 2327 761 2377 probat

101 2383 236 2421 Struve
264 2383 287 2421 l.
315 2383 375 2421 1.1
404 2396 489 2434 pag.
512 2386 585 2430 36,
616 2388 655 2420 ut
680 2382 759 2420 aliis

103 2451 250 2488 quoque
287 2440 397 2487 locis,
438 2440 499 2477 ubi
530 2440 654 2490 scripti
681 2439 762 2476 libri

104 2496 280 2533 fluctuant
309 2497 375 2545 (11,
397 2498 463 2538 99.
492 2496 556 2544 lv,
586 2499 650 2537 11.
674 2499 764 2537 112.

105 2550 180 2598 Vl,
209 2552 305 2601 88),
335 2557 374 2590 et
397 2552 454 2591 vel
485 2553 529 2590 iis
557 2553 665 2599 locis,
699 2553 764 2590 ubi

105 2619 233 2645 omnes
255 2613 432 2657 quantum
452 2610 580 2647 scimus
597 2610 705 2646 codd.
725 2609 764 2646 in

105 2663 255 2712 vulgata
290 2663 413 2703 κατοέ
453 2664 508 2704 τοὶ
552 2667 766 2716 conspirant

105 2719 200 2767 (lv,
247 2721 338 2760 162.
366 2722 458 2762 201.
500 2722 553 2770 V,
596 2725 662 2763 89.
701 2722 765 2768 VI,

105 2776 161 2818 53
182 2775 260 2814 coll.
290 2776 354 2825 vl,
384 2777 451 2825 54,
474 2778 536 2816 ubi
558 2774 765 2831 κατάπερ),

816 970 979 1008 voculam
1013 965 1060 1008 τοὶ
1090 969 1283 1007 delendam
1314 972 1476 1017 censeat,

816 1040 895 1064 cum
939 1023 1037 1064 καττὶ
1076 1027 1173 1062 idem
1210 1026 1331 1063 valeat
1364 1030 1478 1075 atque

815 1076 916 1122 καθ’
936 1078 973 1120 ἅ.
1005 1081 1085 1119 Nos
1104 1083 1141 1117 in
1162 1081 1293 1118 talibus
1309 1095 1329 1119 a
1342 1083 1477 1131 proba-

814 1145 931 1177 torum
955 1139 1064 1175 codd.
1088 1139 1304 1176 auctoritate
1326 1139 1477 1176 recede-

813 1209 853 1233 re
871 1194 1048 1232 nolumus.

861 1250 929 1289 καὶ
951 1250 1176 1300 παννυχίδα
1202 1245 1384 1300 στήσειν]
1415 1251 1473 1287 Cf.

812 1308 886 1354 Ill,
916 1306 991 1348 48:
1025 1306 1191 1346 ἵστασαν
1215 1303 1381 1359 χορούς,
1411 1307 1475 1343 ubi

813 1365 885 1401 vid.
904 1368 995 1400 nott.
1016 1364 1265 1413 παννυχίδα,
1295 1377 1323 1400 s.
1347 1363 1474 1401 Pervi-

813 1421 901 1471 gilia
935 1421 983 1457 ad
1020 1422 1195 1469 mysteria
1227 1422 1302 1458 sive
1333 1423 1474 1458 secreta

814 1481 981 1528 spectare
1026 1490 1130 1514 sacra
1175 1478 1343 1523 credam,
1393 1488 1475 1514 eam

814 1535 931 1585 ipsam
951 1534 998 1571 ob
1017 1546 1162 1571 causam
1181 1538 1290 1570 noctu
1314 1532 1476 1571 celebra-

814 1592 844 1628 ri
868 1590 983 1627 solita.
1023 1591 1084 1626 Sic
1100 1590 1324 1640 παννυχίδα
1343 1591 1475 1628 ποιεῖν

814 1647 914 1698 apud
940 1646 1080 1683 Platon.
1105 1647 1201 1696 Rep.
1229 1647 1268 1691 I,
1305 1649 1341 1686 1.
1391 1643 1476 1681 Ari-

815 1704 934 1754 stoph.
964 1703 1059 1739 Ran.
1091 1705 1184 1744 373.
1229 1702 1356 1752 Eurip.
1386 1701 1474 1739 Hel.

816 1760 923 1801 1365
942 1759 1020 1796 coll.
1048 1758 1210 1796 Lobeck.
1233 1758 1475 1808 Aglaopham.

814 1817 829 1854 l
853 1829 937 1867 pag.
953 1816 1046 1856 651.
1077 1817 1178 1860 Quos
1197 1816 1296 1853 locos
1314 1815 1398 1852 mihi
1418 1815 1475 1851 in-

814 1873 945 1910 dicavit
968 1874 1010 1910 C.
1033 1871 1078 1910 F.
1101 1873 1302 1910 Hermann.
1323 1893 1380 1899 —-
1415 1870 1475 1909 De

815 1929 962 1980 Hylaea
998 1930 1091 1966 conf.
1118 1934 1210 1966 nott.
1238 1929 1287 1965 ad
1315 1928 1385 1974 IV,
1425 1929 1474 1974 93

816 1987 864 2024 de
893 1985 1043 2023 Achillis
1077 1999 1181 2022 cursu
1207 1990 1301 2022 nott.
1334 1985 1383 2021 ad
1409 1982 1474 2030 lV,

815 2042 883 2084 55.
920 2043 1009 2080 Mox
1040 2056 1120 2080 cum
1145 2043 1263 2079 Gaisf.
1289 2041 1414 2092 scripsi
1434 2037 1475 2085 ἐς

814 2094 966 2149 ταύτην
986 2096 1035 2137 δὲ
1056 2094 1253 2145 καταδύς,
1277 2099 1337 2134 ubi
1359 2096 1471 2145 vulgo

817 2151 877 2206 δή
908 2168 975 2206 pro
1004 2154 1064 2194 δέ.
1100 2156 1158 2193 Ad
1178 2155 1327 2192 verbum
1344 2152 1475 2193 ἐπιτε-

816 2216 899 2253 λεῖν
917 2212 1013 2249 conf.
1033 2216 1126 2250 nott.
1142 2213 1190 2249 ad
1210 2212 1266 2256 11,
1296 2213 1361 2252 63.

872 2264 1080 2319 ’τύμπανόν
1112 2283 1152 2308 τε
1184 2265 1304 2318 ἔχων]
1335 2266 1395 2304 Ad
1417 2278 1476 2302 ar-

817 2330 1030 2375 gumentum
1067 2325 1135 2363 loci
1165 2328 1335 2374 spectant
1362 2321 1476 2372 Apol-

815 2383 887 2420 lon.
909 2382 1029 2419 Rhod.
1050 2382 1087 2426 Ι,
1119 2382 1225 2421 1138
1248 2385 1285 2418 et
1305 2379 1475 2417 Clemens

816 2439 1012 2477 Alexandr.
1045 2439 1083 2475 in
1106 2438 1291 2486 Protrept.
1324 2435 1372 2473 T.
1400 2435 1413 2471 Ι
1437 2449 1474 2485 p.

818 2499 873 2538 20
911 2496 1032 2540 Pott.·‚
1090 2508 1186 2545 quae
1227 2494 1322 2530 bene
1360 2491 1479 2529 attulit

820 2552 1043 2600 VVesseling.
1074 2551 1127 2589 Ac
1145 2556 1318 2600 tympana
1338 2549 1384 2584 ad
1404 2548 1480 2596 Cy-

820 2609 920 2646 beles
963 2620 1064 2645 sacra
1103 2608 1268 2659 proxime
1299 2604 1482 2656 pertinent

822 2665 1047 2714 egregieque
1070 2664 1225 2701 valuisse
1248 2663 1413 2698 dicuntur
1433 2658 1482 2694 ad

823 2734 951 2759 sensus
989 2721 1198 2758 excitandos
1233 2719 1270 2754 in
1299 2715 1483 2752 hominum

822 2778 968 2815 rudium
977 2777 1105 2815 animis
1115 2787 1218 2812 sacro
1231 2773 1389 2823 quodam
1400 2770 1485 2807 hor-
