1863 3256
389 179 476 221 358

783 182 1255 221 HERODOTl

389 303 461 333 ται
485 286 624 346 Ἀσίη·
670 290 719 334 τό
751 290 796 334 δὲ
827 289 914 333 ἀπὸ
949 291 1131 346 ταύτης,
1172 292 1332 347 ἐρῆμος
1359 289 1444 347 ἤδη
1473 291 1524 335 τὸ
1553 291 1664 347 πρὸς

390 359 470 417 τὴν
503 360 580 414 ἕω,
621 359 720 405 οὐδ’
761 361 844 417 ἔχει
881 359 1028 412 οὐδεὶς
1068 362 1237 417 φράσαι
1274 359 1373 405 οἷον
1409 361 1464 418 δή
1492 364 1534 406 τί
1564 362 1663 407 ἐστι.

396 429 590 488 Τοιαύτη
621 431 699 487 μὲν
728 432 802 474 καὶ
830 430 1019 487 τοσαύτη
1049 430 1076 487 ἡ
1102 431 1222 490 Ἀσίη
1247 433 1347 477 ἐστι’.

264 496 329 542 41

334 672 508 710 adiuncta
566 668 863 719 praepositione,
923 681 997 707 non

333 733 406 765 tam
426 727 474 763 de
492 725 591 762 fluvii
611 737 716 762 cursu
735 738 778 763 ac
798 726 1000 763 directione

333 784 498 829 dicatur,
536 794 646 831 quam
680 782 801 831 potius
834 782 998 829 omnino,

333 841 406 889 qua
453 842 583 889 parte,
632 838 705 888 qua
747 839 899 887 regione
938 838 999 876 ille

333 897 446 941 fluat,
497 895 646 932 indicet.
716 894 859 938 Quodsi
913 907 1000 932 vero

332 951 570 997 Herodotus,
601 963 695 1000 quae
715 951 921 1000 Schweigh.
944 954 1001 988 est

333 1008 533 1054 sententia,
549 1008 710 1045 indicare
721 1007 897 1045 voluisset
906 1007 1001 1045 Ara-

332 1077 434 1111 xem,
474 1066 537 1115 qui
564 1067 601 1100 in
631 1064 862 1101 orientalibus
890 1064 1002 1101 Asiae

331 1122 522 1172 partibus,
553 1121 598 1157 ab
620 1122 749 1158 oriente
772 1121 896 1172 Caspii
913 1120 1002 1158 Ma-

335 1180 387 1215 ris
418 1174 635 1231 (‚,ostwarts
665 1191 749 1216 vom
776 1177 1002 1229 Caspischen

336 1234 518 1283 Meere“)
577 1234 795 1282 delabatur,
853 1234 1002 1272 minime

335 1290 416 1338 ille,
452 1291 606 1342 opinor,
637 1291 808 1329 dixisset:
859 1288 1002 1343 ῥέοντα

335 1342 433 1400 πρὸς
463 1343 600 1399 η’ἑλιον
631 1342 864 1399 ἀνίσχοντας
906 1360 1003 1397 quae

336 1404 449 1443 verba
473 1405 556 1442 mea
577 1405 726 1454 quidem
748 1405 932 1443 sententia
948 1404 1004 1442 ni-

336 1460 386 1498 hil
416 1460 517 1498 aliud
546 1461 706 1499 indicare
728 1466 903 1512 possunt,
934 1461 1004 1498 nisi

338 1519 504 1555 orientem
524 1529 645 1556 versus
660 1518 754 1555 hunc
768 1519 926 1569 fluvium
945 1517 1005 1554 de-

337 1573 424 1611 labi.
479 1574 599 1611 Oxum
636 1587 725 1612 sane
758 1575 815 1612 hic
855 1574 1006 1624 intelligi

313 1643 449 1681 *posse
479 1631 662 1668 neminem
689 1632 808 1681 fugit,
838 1631 907 1668 nisi
933 1631 1004 1668 ad—

336 1688 433 1725 iecta
462 1687 575 1724 verba
606 1685 707 1736 ρέων
738 1684 840 1739 πρός
865 1684 1004 1737 η’έλιον

338 1738 553 1794 ἀνίσχοντα
575 1744 777 1791 obstarent,
806 1757 900 1792 quae
923 1757 1003 1782 eam

329 1801 448 1851 ipsam
470 1800 518 1837 ob
534 1813 679 1838 causam
691 1801 793 1839 eiecit
806 1801 1002 1847 Borheck.‚

331 1869 502 1907 quaeque
537 1862 574 1894 et
603 1859 683 1907 ipsa
710 1858 887 1895 eiicienda
915 1871 1002 1896 cen-

333 1919 390 1951 set
408 1913 574 1963 Breiger.
607 1913 629 1951 l.
662 1913 684 1950 l.
716 1927 803 1965 pag.
836 1913 890 1955 75
921 1914 1002 1952 coll.

335 1972 413 2017 66,
462 1970 600 2020 quippe
647 1983 690 2008 ex
736 1971 1003 2021 interpolatoris

337 2039 448 2065 manu
489 2027 631 2064 invecta
673 2028 811 2074 textui,
851 2032 917 2064 aut
954 2028 1005 2065 ita

340 2083 539 2130 mutanda,
574 2087 611 2120 ut
641 2083 709 2120 loci
738 2083 886 2121 tollatur
907 2083 1005 2121 diffi-

340 2139 454 2177 cultas
479 2137 582 2187 ρἑν
602 2132 672 2189 ἀφ’
689 2138 806 2191 ἡλίου
825 2136 1007 2191 α’νίσχον-

340 2210 420 2241 τος.
454 2195 512 2233 De
532 2195 684 2234 Iaxarte
703 2211 785 2234 cum
806 2197 885 2234 aliis
905 2197 1007 2247 cogi-

340 2256 395 2289 tat
421 2251 651 2302 Schweigh.‚
681 2254 897 2304 praesertim
925 2267 1006 2292 cum

340 2309 474 2345 Araxis
501 2321 635 2347 nomen
655 2310 913 2360 appellativum
929 2311 1007 2349 exi-

342 2365 556 2410 stimemus,
598 2367 700 2415 quod
730 2367 894 2416 pluribus
925 2368 1010 2405 inde

342 2420 460 2457 fluviis
485 2421 593 2457 tribui
620 2422 746 2471 possit.
790 2423 897 2462 Conf.
919 2428 1009 2460 nott.

343 2477 392 2513 ad
410 2477 438 2522 1,
461 2479 542 2518 202
565 2478 599 2513 in
613 2478 675 2514 fin.
689 2491 773 2528 pag.
788 2479 881 2519 453.
913 2480 1008 2517 Add.

344 2532 512 2570 Vtileker.
534 2533 650 2583 Myth.
665 2534 805 2583 Geogr.
820 2536 848 2580 l,
868 2548 903 2585 p.
916 2535 1009 2576 215.

344 2588 403 2627 De
413 2587 610 2628 Armeniae
629 2590 750 2627 Araxe
767 2592 917 2640 cogitari
939 2604 1011 2628 non

343 2658 456 2696 posse
481 2650 610 2683 eontra
629 2645 665 2684 T
668 2647 851 2684 zschuckii
882 2647 1009 2695 (Nott.

344 2714 478 2751 exegg.
511 2703 547 2739 in
579 2702 665 2741 Mel.
703 2703 771 2750 ΙΙΙ,
802 2707 839 2745 5.
866 2704 890 2745 5
921 2717 1007 2754 pag.

347 2758 447 2807 149)
508 2758 735 2810 aliorumque
787 2761 1007 2798 sententiam

345 2815 485 2852 monuit
503 2816 667 2866 Breiger.
689 2816 710 2853 l.
731 2816 774 2864 l.,
807 2830 872 2855 nec
891 2819 1007 2867 magis

500 503 556 546 ‘H
575 502 621 547 δὲ
642 502 785 558 Λιβύη
813 501 860 545 ἐν
881 505 934 559 τῇ
962 500 1073 559 οἷκτῇ
1090 507 1143 560 τῇ
1163 503 1287 560 ἑτέρῃ
1311 504 1420 548 ἐστί·
1463 501 1552 548 ἀπὸ
1581 503 1667 560 γὰρ
1677 511 1721 545 65

1055 672 1104 709 de
1131 670 1267 721 Volga‚
1305 672 1407 710 cuius
1440 670 1539 709 nulla
1571 672 1722 709 omnino

1055 728 1155 779 apud
1166 728 1342 766 Nostrum
1363 729 1442 766 sieri
1459 728 1603 766 videtur
1618 741 1723 766 men-

1055 785 1120 821 tio.
1152 785 1261 821 Cous.
1288 784 1455 822 Volcker.
1479 785 1499 822 l.
1521 784 1542 821 l.
1567 799 1603 836 p.
1628 787 1720 826 192.

1059 841 1150 882 193.
1187 840 1369 890 Equidem
1392 842 1428 878 iu
1447 841 1577 878 talibus
1597 842 1723 879 decer·

1056 909 1144 934 nere
1155 910 1230 933 non
1238 897 1409 943 audeam,
1423 910 1532 946 quae,
1544 898 1611 934 nisi
1623 911 1724 936 error

1057 957 1119 990 aut
1139 953 1303 990 confusio
1325 953 1476 991 subesse
1491 958 1639 1003 putetur
1657 953 1724 1001 (cf.

1057 1013 1151 1046 nott.
1177 1010 1225 1047 ad
1247 1009 1276 1057 1,
1296 1011 1412 1057 202),
1443 1022 1486 1046 ex
1505 1022 1633 1047 manca
1650 1023 1724 1060 po-

1058 1066 1129 1104 tius
1149 1070 1186 1104 et
1203 1066 1416 1116 imperfecta
1438 1066 1587 1104 istarum
1602 1066 1724 1115 regio—

1058 1135 1145 1160 num
1176 1123 1387 1172 cognitione
1410 1123 1560 1160 fluxisse
1585 1129 1725 1173 putem.

1117 1178 1266 1231 ἒρῆμος
1309 1176 1391 1231 ἤδη
1429 1175 1476 1218 τό
1513 1177 1617 1231 πρός
1648 1176 1725 1231 τήν

1060 1235 1133 1286 ἕω]
1175 1236 1224 1283 ,,ἰ.
1255 1249 1288 1274 e.
1325 1248 1416 1287 quae
1448 1236 1532 1273 inde
1559 1238 1725 1274 orientem

1058 1306 1181 1330 versus
1203 1296 1376 1344 spectant,
1397 1305 1438 1330 ea
1457 1295 1572 1331 omnia
1585 1293 1725 1331 deserta

1059 1350 1190 1387 sunt.“
1229 1350 1426 1388 Desertum
1448 1349 1533 1387 coba·
1557 1350 1724 1399 intelligi,

1059 1411 1188 1444 auctor
1201 1411 1256 1444 est
1269 1407 1434 1455 Breiger.
1456 1406 1478 1443 l.
1500 1406 1524 1443 l.
1545 1420 1631 1457 pag.
1648 1409 1725 1453 783

1059 1476 1134 1514 quo
1179 1464 1259 1514 ipso
1300 1463 1555 1501 Herodoteam
1598 1462 1723 1501 Asiam

1062 1520 1249 1559 terminari
1273 1520 1370 1557 idem
1395 1520 1533 1558 statuit.
1578 1520 1637 1558 Cf.
1662 1519 1725 1558 ΙΙΙ.

1063 1579 1129 1620 92.
1154 1578 1233 1618 101
1254 1576 1379 1625 ibique
1399 1581 1493 1613 nott.

1274 1633 1386 1682 Cap.
1417 1631 1517 1670 XLI.

1116 1686 1175 1727 ‘H
1195 1686 1238 1727 δὲ
1257 1685 1396 1741 Λιβύη
1417 1687 1460 1728 ἐν
1485 1690 1537 1743 τῇ
1553 1684 1657 1743 οἴκτῇ
1674 1691 1728 1744 τῇ

1060 1741 1171 1799 ἑτέρῃ
1205 1745 1308 1797 ἐστι’]
1341 1746 1373 1783 Ε
1398 1751 1522 1784 mente
1546 1746 1727 1784 Herodoti

1059 1800 1199 1852 Libya,
1229 1815 1259 1840 s.
1273 1802 1415 1849 Africa,
1443 1803 1491 1840 ad
1515 1815 1595 1840 eam
1614 1803 1728 1853 perti-

1059 1864 1125 1896 net
1155 1859 1433 1909 paeninsulam,
1470 1872 1566 1909 quae
1591 1860 1677 1897 inde
1705 1872 1727 1897 a

1059 1915 1211 1954 Perside
1234 1916 1283 1953 ad
1303 1929 1402 1954 mare
1420 1916 1726 1954 mediterraneum

1060 1972 1268 2023 porrigitur.
1300 1972 1361 2009 Tu
1381 1973 1455 2010 vid.
1477 1976 1571 2010 nott.
1590 1973 1638 2009 ad
1662 1971 1726 2019 IV,

1062 2031 1128 2070 39.
1169 2029 1210 2066 ln
1239 2029 1401 2067 editione
1419 2029 1524 2067 Reiz.
1546 2028 1640 2067 male
1662 2029 1727 2066 ab-

1064 2089 1121 2123 est
1162 2085 1333 2123 articulus
1383 2087 1435 2140 τῇ
1477 2089 1563 2123 ante
1604 2083 1728 2140 ἑτέρῃ,

1063 2142 1163 2192 quod
1229 2143 1308 2180 iure
1373 2146 1479 2180 notat
1540 2142 1728 2180 Schaefer.

1064 2199 1225 2248 (Geogr.
1254 2199 1320 2236 Gr.
1350 2200 1461 2236 minu.
1488 2197 1537 2236 Τ.
1561 2199 1610 2235 ΙΙΙ
1640 2211 1727 2248 pag.

1064 2257 1148 2296 238
1188 2256 1246 2293 ed.
1288 2255 1406 2304 Gail.)
1444 2268 1523 2292 cum
1558 2254 1728 2292 articulus

1065 2316 1152 2350 ante
1189 2324 1315 2350 vocem
1348 2313 1530 2349 adiectam
1558 2317 1728 2361 repeten-

1067 2369 1135 2405 dus
1174 2369 1220 2404 sit
1248 2381 1292 2404 ex
1323 2369 1541 2418 optimorum
1571 2368 1728 2418 scripto·

1067 2437 1145 2461 rum
1165 2425 1349 2461 constanti
1370 2426 1446 2461 sere
1464 2438 1541 2461 usu.

1125 2474 1204 2519 οἷπό
1243 2476 1318 2533 γαρ
1350 2476 1558 2532 Αἰγύπτου
1588 2476 1727 2531 Λιβύη

1067 2533 1146 2586 ἤδη
1167 2535 1386 2587 ἐκδέκεται]
1420 2538 1442 2574 ἰ.
1473 2550 1504 2574 e.
1528 2537 1729 2588 Aegyptum

1068 2594 1181 2639 enim,
1212 2593 1274 2630 ubi
1306 2594 1443 2630 desinit
1468 2593 1578 2641 Asia,
1617 2596 1728 2631 conti—

1064 2662 1136 2686 ‘nuo
1156 2651 1226 2686 iam
1244 2652 1378 2700 excipit
1396 2650 1539 2701 Libya,
1572 2650 1620 2687 illi
1639 2663 1728 2688 con-

1066 2707 1179 2754 tigua.
1232 2706 1290 2743 Ad
1328 2708 1478 2744 verbum
1508 2706 1728 2758 ἐκδέχεσται

1065 2764 1160 2800 conf.
1184 2762 1253 2810 IV,
1284 2764 1350 2804 39.
1381 2765 1435 2805 99
1464 2763 1544 2801 coll.
1566 2763 1602 2812 1,
1637 2765 1728 2805 185.

1065 2819 1207 2857 Eodem
1236 2832 1345 2858 sensu
1367 2820 1519 2871 simplex
1543 2818 1729 2871 δέχεσθαι
