1863 3256
587 229 934 270 THALIA.
995 232 1060 270 111.
1364 242 1449 282 213

172 346 259 385 τῶν
297 341 533 398 εἰρημένων
562 339 732 383 τούτων
763 339 843 392 τοὶς
881 341 1048 396 χώρας,
1098 341 1171 384 διά
1204 344 1448 401 διασφάγος

173 412 385 468 ἀγόμενος
425 410 605 466 ἑκάστης
646 409 879 455 ἑκάστοισι.
951 412 1041 455 ἐπεί
1080 428 1124 455 τε
1169 413 1214 456 ὁὲ
1258 414 1347 458 ὑπὸ
1389 423 1503 474 τῷ75

144 484 325 539 4Πὲρσῃ
368 482 468 532 εἰσὶ,
527 481 775 526 πεπόνθασι
815 482 998 526 τοιόνδε.
1073 483 1160 534 Τὰς
1200 486 1448 541 διασφάγας

171 559 258 598 τῶν
282 552 449 607 οὐρέων
472 552 672 608 ἐνδείμας
702 551 725 596 ὁ
755 553 983 609 βασιλεύς,
1018 553 1158 606 πύλας
1189 552 1258 597 ἐπ’
1285 554 1445 613 ἑκάστῃ

171 623 380 679 διασφάγι
420 623 593 680 ἔστησε·
657 622 1030 681 ἀποκεκληιμένου
1072 625 1118 668 δὲ
1159 628 1242 668 τοῦ
1283 624 1447 678 ὕδατος

168 700 242 751 τῆς
264 695 486 747 διεξόδου,
514 695 563 739 τὸ
585 696 738 739 πεδίον
766 696 816 739 τὸ
846 694 969 746 ἐντὸς
999 700 1089 739 τῶν
1121 695 1291 751 οὐρέων
1320 695 1445 740 πέλα-

165 783 242 822 γος
279 767 463 821 γίνεται,
501 764 752 818 ἐνδιδόντος
782 766 864 823 μὲν
893 770 973 809 τοῦ
1002 772 1230 824 ποταμοῦ,
1274 767 1503 823 ἔχοντοςὸο

136 836 214 880 ὅδὲ
246 835 421 893 ου’δαμῆ
450 836 662 892 ἐξήλυσιν.
727 832 853 881 οὗτοι
885 832 969 889 ὦν,
1013 840 1060 881 οἵ
1084 854 1163 894 περ
1197 839 1444 894 ἔμπροσθεν

161 908 359 952 ἐώθεσαν
388 912 579 965 χρᾶσθαι
607 912 670 967 τῷ
698 908 844 961 ὕδατι,
884 907 965 952 ούκ
997 910 1166 965 ἔχοντες
1196 910 1316 968 αύτῷ
1344 916 1442 967 χροῒ-

133 985 291 1031 6σθαι,
329 984 543 1038 συμφορῇ
582 981 746 1038 μεγάλῃ
789 980 1083 1037 διαχρέωνται.
1142 981 1221 1025 τὸν
1250 983 1331 1037 μὲν
1359 982 1443 1039 γὰρ

163 1056 353 1108 χειμῶνα
382 1050 451 1095 ὕει
487 1064 568 1108 σφι
599 1051 622 1096 ὁ
653 1053 780 1105 θεὸς,
824 1051 967 1106 ὥσπερ
1007 1052 1080 1095 καὶ
1117 1058 1233 1096 τοῖσι
1271 1052 1443 1098 ἄλλοισι

164 1121 463 1177 ἀνθρώποισι·
507 1128 588 1167 τοῦ
620 1125 666 1168 δὲ
695 1125 851 1178 θέρεος
881 1126 1134 1178 σπείροντες
1163 1126 1342 1182 μελίνην
1371 1126 1499 1169 καὶ85

132 1192 381 1250 Ίσήσαμον,
423 1197 682 1252 χρηΐσκοντο
721 1199 782 1252 τῷ
817 1193 959 1238 ὕδατι.
1032 1195 1165 1238 ἐπεὰν
1203 1212 1265 1239 ων
1303 1196 1441 1252 μηδέν

160 1275 241 1320 σφι
261 1267 564 1316 παραδίδωται
583 1270 665 1309 τοῦ
685 1265 867 1316 ὕδατος,
898 1263 1102 1317 ἐλθόντες
1126 1265 1170 1316 ἐς
1197 1267 1303 1319 τούς
1327 1269 1440 1323 Πέρ-

160 1347 238 1387 σας
269 1335 395 1378 αὐτοί
422 1353 466 1380 τε
496 1338 571 1380 καὶ
597 1341 822 1392 γυναῖκες,
865 1334 1044 1387 στάντες
1067 1336 1177 1380 κατὰ
1200 1337 1278 1389 τάς
1294 1338 1440 1392 θύρας

130 1412 243 1452 8τοῦ
287 1408 511 1464 βασιλέος,
569 1413 709 1466 βοῶσι
754 1406 1013 1462 ὠρυόμενοι.
1081 1406 1105 1452 ὁ
1145 1408 1191 1452 δὲ
1232 1408 1439 1465 βασιλεὺς

157 1484 272 1523 τοῖσι
303 1478 547 1535 δεομένοισι
578 1479 723 1524 αὐτῶν
754 1477 939 1535 μάλιστα
969 1479 1207 1523 ἐντέλλεται
1244 1480 1496 1537 άνοίγειν9ο

157 1550 232 1601 τὰς
251 1550 391 1601 πύλας
411 1549 488 1602 τὰς
510 1551 552 1602 ἐς
571 1556 704 1596 τοῦτο
735 1551 974 1607 φερούσας·
1012 1551 1144 1595 ἐπεάν
1162 1553 1208 1596 δὲ
1230 1552 1438 1608 διάκορος

157 1620 260 1679 ἦγῆ
288 1620 434 1679 σφέων
461 1621 638 1680 γένηται
660 1626 851 1669 πίνουσα
872 1622 920 1668 τὸ
951 1621 1094 1679 ὕδωρ,
1128 1619 1255 1668 αὗται
1281 1623 1361 1681 μὲν
1390 1626 1438 1668 αἱ

160 1800 351 1853 συμφορῇ
384 1820 437 1825 -
481 1797 765 1851 διαχρέωνται]
825 1799 862 1836 in
890 1798 1029 1837 Melett.
1059 1800 1076 1836 Ι
1106 1812 1190 1850 pag.
1212 1802 1261 1842 11
1282 1804 1358 1838 not.
1389 1799 1490 1840 Add.

100 1856 183 1893 Vid.
218 1856 280 1902 ΙΙΙ,
301 1857 352 1896 41
388 1856 478 1904 ibiq
506 1862 596 1893 nott.
622 1879 676 1884 ——-
707 1855 767 1892 Ad
824 1855 911 1893 Bois
914 1857 1043 1893 sonad.
1065 1857 1112 1893 ad
1126 1857 1270 1907 Eunap.
1291 1870 1378 1908 pag
1393 1859 1488 1901 225.

101 1907 249 1950 verba
232 1908 361 1950 ύει-
374 1910 396 1951 ὁ
407 1907 502 1957 θεός
518 1914 612 1950 conf.
631 1913 765 1951 Matth.

99 1970 165 2005 Gr.
198 1969 265 2007 Gr.
297 1982 385 2020 pag.
412 1969 494 2010 590
527 1974 563 2007 et
597 1974 693 2007 nott.
718 1971 766 2008 ad

97 2025 239 2063 Herod.
264 2026 312 2073 II,
338 2027 401 2066 13.

156 2082 321 2133 μελίνην
350 2080 418 2120 καὶ
451 2078 647 2133 σήσαμον]
678 2085 765 2122 Με-

98 2139 188 2189 λίνη
213 2138 391 2176 Panicum
423 2140 624 2176 mz‘lz'aceum
654 2139 762 2176 Linn.

97 2196 215 2234 Nobis
247 2200 324 2244 est,
354 2197 419 2233 der
447 2198 614 2246 gemeine
642 2195 763 2234 Hirse.

95 2252 155 2291 De
174 2266 304 2289 sesamo
324 2254 418 2290 conf.
440 2258 532 2290 nott.
555 2254 603 2291 ad
625 2253 652 2300 I,
667 2256 761 2295 193.

97 2310 170 2347 Pro
191 2310 428 2361 χρηΐσκοντο
450 2310 657 2359 SchweIgh.
684 2323 761 2347 ma-

96 2366 197 2404 lebat
234 2367 511 2419 χρηΐσκονται,
545 2371 587 2404 ut
616 2367 762 2404 Portus.

100 2445 142 2450 -
171 2423 229 2460 Ad
240 2423 512 2475 παραδίδωται
521 2425 615 2461 conf.
626 2423 761 2461 Matth.

98 2479 163 2517 Gr.
186 2480 252 2518 Gr.
280 2493 365 2531 pag.
389 2478 482 2521 408.

155 2536 278 2586 βοῶσι
299 2532 539 2588 ω’ρυόμενοι]
558 2531 761 2587 ὥρύεσθαι

99 2591 145 2628 de
178 2593 271 2644 lupis
304 2594 455 2643 aliisque
492 2594 579 2631 feris
612 2594 761 2644 proprie

99 2647 248 2696 dicitur,
278 2663 361 2687 mox
401 2664 488 2688 vero
525 2651 574 2687 ad
613 2651 760 2699 quosvis

100 2716 208 2741 sonos
246 2706 477 2744 indistinctos
508 2707 760 2756 clamoresque

98 2760 300 2798 inconditos
325 2765 554 2802 transfertur.
603 2763 662 2801 Cf.
681 2764 760 2801 He-

99 2816 179 2853 rod.
202 2817 263 2865 lv,
285 2819 350 2859 75.
374 2817 541 2857 Ammon.
571 2821 619 2858 de
639 2820 758 2858 differ.

97 2873 248 2911 vocabb.
272 2878 310 2912 et
331 2887 427 2925 quae
442 2877 645 2916 Creuzerus
672 2878 762 2916 cItat

827 1913 920 1953 576.
941 1913 1089 1950 Pindar.
1120 1913 1177 1950 01.
1202 1914 1266 1960 IX,
1295 1916 1373 1955 163
1399 1915 1487 1965 ibiq.

824 1969 1030 2019 interprett.
1060 1969 1169 2020 Apud
1186 1970 1331 2008 Livium
1354 1972 1401 2019 V,
1412 1973 1488 2013 39:

824 2026 1016 2074 „ululatus
1068 2032 1270 2077 cantusque
1323 2028 1488 2064 dissoni“

824 2082 905 2120 coll.
930 2083 1032 2129 XXI,
1052 2084 1119 2122 28.
1148 2083 1250 2122 Idem
1277 2083 1411 2130 XLIII,
1435 2086 1488 2125 10

821 2139 1041 2186 „ululantes
1109 2140 1278 2179 mulieres
1301 2143 1329 2160 “
1381 2141 1485 2178 dixit.

821 2196 1028 2246 Schweigh.
1053 2197 1228 2234 citaverat
1261 2198 1412 2235 Caesar.
1440 2198 1485 2235 B.

822 2253 870 2289 G.
895 2253 940 2299 V,
965 2255 1079 2299 371,
1083 2257 1175 2298 ,tum
1207 2267 1273 2291 suo
1303 2267 1404 2292 more
1432 2255 1487 2291 vi-

820 2310 969 2346 ctoriam
983 2310 1211 2348 conclamant
1231 2315 1344 2360 atque
1362 2311 1485 2348 ulula-

819 2369 893 2402 tum
922 2366 1065 2403 tollunt
1077 2369 1102 2388 ‘⁶
1127 2388 1182 2395 —-
1223 2367 1264 2404 In
1297 2380 1401 2418 seqq.
1436 2369 1485 2405 ad

819 2423 931 2460 verba
959 2419 1031 2469 τάς
1061 2422 1100 2469 ἐς
1131 2425 1251 2463 τοῦτο
1280 2419 1486 2474 φερούσας

818 2481 862 2517 cf.
884 2479 1063 2527 SImiliaL
1088 2482 1169 2522 180
1188 2481 1251 2519 fin.
1272 2481 1302 2530 l,
1323 2483 1414 2523 191.
1436 2482 1484 2530 ll,

821 2539 913 2578 122.
936 2538 1027 2577 138.

876 2590 997 2632 ἐπεάν
1033 2590 1076 2632 δὲ
1115 2588 1306 2645 διάκορος
1342 2614 1394 2622 -
1437 2588 1483 2632 το“

815 2646 944 2701 ὕδωρ]
964 2650 987 2686 ἰ.
1005 2663 1036 2688 e.
1058 2653 1120 2697 „si
1129 2653 1219 2688 satis
1230 2652 1481 2700 aquarumim-

815 2707 941 2743 biberit
960 2710 1068 2754 terra,
1086 2721 1113 2744 s.
1131 2710 1221 2745 satis
1236 2709 1407 2755 ι’ττίςαία,
1421 2719 1480 2742 sa-

817 2762 983 2814 tieatafu
967 2766 1072 2802 vritf‘
1087 2764 1224 2802 Vocem
1237 2759 1424 2813 διάκορος
1436 2774 1480 2799 ex

816 2820 850 2857 h.
870 2820 892 2857 l.
913 2822 1000 2858 citat
1023 2821 1188 2860 Thomas
1207 2820 1311 2868 Mag.
1333 2831 1360 2855 s.
1383 2830 1420 2856 v,
1440 2831 1477 2867 p.

817 2879 912 2919 216.
952 2876 1012 2916 Ad
1038 2877 1256 2915 locutionem
1276 2875 1408 2914 πίνειν
1433 2870 1476 2913 τὸ
