1863 3256
1 218 2 231 l

0 243 2 262 l

470 125 1154 168 MELPOMENE.1V.

1325 131 1410 170 395

137 240 288 292 πόλιν,
330 241 372 291 ἐς
411 238 554 295 δεξιὴν
585 237 787 293 ἀπέργων
824 234 906 292 τήν
941 251 985 278 τε
1019 233 1197 289 Υλαίην
1233 236 1305 276 καὶ
1335 236 1412 278 τὸν

138 457 267 496 τοῦτο
290 456 364 507 τῆς
383 451 539 508 χώρης,
562 451 604 502 ἐς
628 451 654 495 ὂ
671 450 932 508 γινώσκεται
948 450 971 494 ὁ
986 449 1284 506 Βορυσθένης·
1318 445 1414 490 οἷπέ-
1431 454 1469 485 15

81 570 182 606 sossi.
235 567 305 603 Alii
336 564 462 602 urbem
493 564 600 600 sitam
633 564 746 600 fuisse

82 625 316 668 existimant,
355 621 415 658 ubi
447 633 545 656 nunc
574 620 746 657 Goeslewe

81 695 111 720 s.
142 679 349 717 Grueslewe.
402 677 486 713 vid.
527 676 562 713 Τ
565 676 746 713 zschucke

80 740 174 774 nott.
203 748 335 785 exegg.
357 734 404 771 ad
424 733 546 770 Melae
569 733 589 769 l.
614 732 634 770 l.
658 746 745 784 pag.

81 795 147 836 22.
166 794 232 834 23.

139 849 178 895 ἐς
211 844 346 899 δεξιήν
378 841 579 898 α’πέργων]
622 845 642 882 i.
669 858 700 882 e.
723 859 746 882 a

82 905 212 943 dextra
252 905 474 955 relinquens,
520 904 595 940 sive
628 903 746 951 magis

82 964 131 1000 ad
151 963 324 1002 verbum:
357 975 380 999 a
404 962 557 1006 dea-tra,
588 959 638 997 ad
662 960 747 996 ‹Iex-

82 1023 176 1056 tram
201 1023 341 1070 partem
373 1020 589 1063 terminans,
629 1017 749 1054 orien-

81 1082 154 1114 tem
178 1089 325 1121 versus,
358 1083 396 1112 ut
413 1077 543 1112 volunt
561 1073 747 1111 Mannert.

82 1135 106 1172 l.
124 1132 145 1170 l.
167 1138 205 1171 et
234 1133 431 1171 Reichard.
461 1132 482 1168 l.
506 1131 528 1167 Ι.
575 1130 750 1167 Herodo-

83 1195 182 1237 tum,
221 1190 404 1227 Graecum
445 1188 628 1225 hominem
659 1186 750 1223 haec

83 1247 302 1284 scribentem
324 1245 572 1295 respicientes.
612 1241 674 1280 Ad
694 1242 748 1279 lo-

83 1303 266 1340 cutionem
289 1301 329 1348 ἐς
349 1298 484 1350 δεξιὴν
502 1301 597 1338 conf.
612 1299 749 1336 Sohae-

82 1361 147 1398 fer.
178 1360 224 1397 ad
246 1358 435 1397 Lambert.
453 1359 540 1395 Bos.
563 1358 610 1395 de
633 1356 747 1407 ellips.

82 1429 169 1467 pag.
192 1418 274 1457 860
295 1416 373 1454 coll.
395 1416 490 1457 526.
514 1416 617 1463 529,
646 1418 681 1451 et
701 1413 749 1450 ad

85 1468 272 1525 ἅπέργειν
297 1473 440 1510 Herod.
461 1472 518 1518 ΙΙ,
547 1473 600 1513 99
626 1471 751 1519 ibique

84 1534 178 1568 nott.
201 1551 252 1557 —
276 1529 335 1568 De
355 1529 504 1580 Hylaea
531 1528 685 1566 diximus
702 1527 751 1564 ad

86 1587 158 1635 lv,
186 1589 224 1628 9.

143 1642 210 1682 καὶ
234 1639 302 1682 vdv
322 1638 544 1693 Ἀχιλλήιον
565 1636 753 1692 καλεόμε-

88 1715 160 1739 νον
186 1695 382 1751 Δρόμον.]
423 1699 588 1745 Locum,
620 1700 654 1735 in
679 1710 752 1748 quo

87 1757 263 1794 Achillem
306 1757 505 1794 certamina
550 1756 754 1793 instituisse

86 1814 231 1861 ferunt,
273 1814 470 1864 descripsit
496 1813 596 1850 Mela
629 1813 682 1859 ll,
717 1814 754 1857 1,

87 1872 142 1911 50
169 1883 247 1920 seq.
287 1870 366 1907 coll.
399 1870 489 1907 Plin.
526 1870 576 1907 H.
608 1869 656 1907 N.
691 1868 753 1914 lV,

87 1929 183 1975 (12)
211 1929 276 1969 26.
317 1928 455 1964 Strabo
473 1926 542 1964 Vll
562 1940 599 1976 p.
619 1928 702 1967 307
723 1938 752 1962 s,

64 1985 171 2025 *472
191 1989 228 2021 et
246 1983 341 2024 473.
375 1984 519 2021 Arrian.
547 1983 682 2033 Peripl.
716 1980 753 2032 ξ.

88 2043 138 2080 21
172 2039 253 2090 (ubi
275 2042 369 2078 conf.
392 2040 489 2079 Gail.
518 2040 565 2078 T.
588 2041 639 2077 Ill
666 2053 753 2090 pag.

89 2100 171 2138 130
192 2099 301 2147 seq.).
332 2098 452 2134 Anon.
478 2097 613 2148 Peripl.
635 2096 672 2148 ἓ.
688 2100 753 2142 11,

87 2155 251 2203 itemque
316 2155 521 2203 attigerunt
585 2154 752 2204 Euripid.

89 2211 256 2261 Iphigen.
276 2211 389 2249 Taur.
408 2212 489 2252 438
509 2210 608 2262 (coll.
631 2210 755 2260 Lyco-

90 2268 222 2318 phron.
248 2269 353 2306 Cass.
387 2269 515 2317 192),
555 2268 755 2318 Dionysius

93 2324 237 2373 Perieg.
259 2326 365 2372 307,
393 2325 575 2363 Ammian.
599 2324 757 2362 Marcel-

95 2380 156 2417 lin.
181 2382 276 2430 XX,
304 2384 352 2431 8,
401 2382 575 2419 Priscian.
611 2382 756 2431 Perieg.

98 2438 208 2484 297,
243 2439 313 2476 alii.
376 2439 594 2488 Intelligitur
634 2443 757 2476 autem

100 2493 159 2530 ille
185 2500 363 2544 angustus
389 2501 508 2534 terrae
527 2501 684 2543 tractus,
722 2497 758 2532 in

99 2562 200 2588 mare
228 2564 302 2589 non
332 2552 442 2602 longe
474 2566 495 2590 a
518 2553 759 2602 Borysthenis

101 2607 194 2643 ostio
215 2608 440 2647 occidentem
460 2623 584 2648 versus
612 2623 635 2647 a
663 2614 760 2647 terra

100 2664 244 2712 Hylaea
263 2663 328 2715 (de
351 2678 424 2715 qua
444 2668 488 2704 cf.
508 2671 601 2704 nott.
628 2668 675 2704 ad
694 2666 759 2714 lV,

100 2722 146 2769 9)
171 2726 358 2771 porrectus
378 2726 415 2759 et
434 2724 470 2759 in
489 2729 634 2761 acutum
661 2724 760 2761 desi-

100 2790 190 2815 nens
229 2779 538 2830 promontorium,
578 2780 633 2818 cui
664 2793 760 2818 nunc

804 574 938 599 nomen
959 561 1154 598 Kimburn.
1192 560 1263 605 Qui
1282 559 1382 596 locus
1403 571 1469 595 an-

804 619 1008 667 tiquissima
1036 619 1213 666 religione
1232 617 1317 654 inde
1343 628 1364 653 a
1384 615 1469 652 belli

804 675 990 712 Troianici
1043 675 1270 725 temporibus
1315 672 1469 721 insignis

804 732 941 778 fertur,
984 732 1084 768 cuius
1111 736 1197 782 post
1220 731 1467 776 Herodotum,

804 789 865 826 ubi
885 789 1002 839 prima
1021 788 1114 825 illius
1139 789 1302 834 mentio,
1333 786 1469 837 plurCS,

805 858 897 895 quos
938 845 1110 896 plurimos
1152 846 1262 882 modo
1297 843 1470 881 excitavi-

802 915 896 949 mus,
916 903 1168 940 meminerunt.
1199 902 1257 939 De
1280 913 1354 950 quo
1374 912 1470 937 nunc

803 960 925 996 (licere
964 961 1126 1008 longum.
1185 958 1349 1006 Egregie
1382 961 1471 1007 post

804 1016 1022 1053 'szschucke
1053 1017 1100 1052 ad
1131 1014 1254 1052 Melae
1282 1016 1302 1051 l.
1322 1014 1343 1050 l.
1373 1017 1468 1050 nott.

807 1086 938 1121 exegg.
965 1085 1050 1122 pag.
1078 1074 1133 1112 27
1162 1084 1262 1120 seq.‚
1302 1076 1340 1108 et
1363 1070 1472 1107 Man-

806 1134 899 1166 nert.
928 1129 977 1166 lv
1005 1141 1090 1179 pag.
1113 1129 1179 1168 87.
1200 1129 1283 1168 227
1303 1140 1382 1175 seq.
1433 1131 1472 1163 et

806 1185 1057 1235 copiosissime
1092 1182 1153 1221 ¹de
1197 1184 1251 1220 his
1299 1183 1474 1220 disseruit

806 1242 980 1280 Koehler.
1016 1242 1052 1278 in
1090 1241 1290 1291 scriptione
1327 1239 1475 1290 saepius

807 1300 880 1336 iam
902 1298 1070 1336 laudata:
1116 1298 1298 1336 Memoire
1330 1309 1391 1333 sur
1422 1295 1475 1333 les

806 1356 872 1394 iles
907 1360 945 1394 et
978 1355 1012 1392 la
1041 1368 1170 1392 course
1201 1353 1415 1391 consacrees
1453 1352 1476 1388 ἓι

806 1412 946 1451 Achille
987 1416 1055 1450 etc.
1089 1417 1156 1449 etc.
1206 1410 1473 1458 Petersbourg.

814 1472 919 1511 1827
939 1470 1040 1517 (Vol.
1061 1470 1096 1505 X
1117 1469 1342 1506 Commentt.
1359 1467 1474 1504 Acad.

808 1526 1071 1577 Petropolit.)·‚
1101 1527 1164 1576 qui
1186 1525 1328 1572 locum,
1366 1536 1476 1572 quem

811 1585 857 1621 ob
894 1583 1154 1620 inundationes
1192 1583 1301 1619 maris
1334 1580 1477 1629 solique

811 1645 977 1678 naturam
1028 1653 1216 1689 nunquam
1273 1638 1477 1675 habitatum

810 1698 922 1735 fuisse
942 1697 1092 1743 iudicat,
1119 1696 1390 1733 accuratissime
1412 1695 1478 1731 de-

812 1756 958 1805 scripsit
978 1766 1064 1805 pag.
1089 1757 1141 1795 27
1161 1766 1238 1801 seq.
1270 1757 1308 1789 et
1329 1751 1478 1802 potissi-

811 1825 910 1849 mum
938 1824 1023 1861 pag.
1047 1811 1099 1850 88
1115 1811 1255 1857 —97‚
1296 1808 1479 1857 aliamque

812 1868 960 1905 omnino
997 1880 1093 1905 nunc
1127 1867 1231 1904 huius
1250 1871 1371 1902 terrae
1391 1878 1480 1902 con-

812 1926 990 1963 ditionem
1008 1937 1090 1962 esse
1108 1929 1220 1973 atque
1240 1927 1370 1972 quarto
1390 1925 1478 1959 ante

812 1982 900 2020 Chr.
921 1995 955 2018 n.
980 1981 1052 2018 fuit
1075 1980 1220 2018 saeculo
1243 1983 1366 2028 negat.
1420 1978 1480 2016 De

811 2040 892 2090 ipso
915 2039 1165 2090 promontorio
1188 2038 1259 2074 vid.
1280 2037 1368 2074 ibid.
1392 2048 1478 2086 pag.

816 2099 909 2138 118.
945 2098 1036 2137 119.

1022 2153 1132 2201 Cap.
1165 2150 1264 2189 LVI.

871 2208 1019 2261 Γέῤῥος
1040 2205 1220 2259 ποταμός
1248 2202 1477 2257 ιῖπέσχισι-αι

815 2263 887 2318 μὲν
915 2282 949 2305 κ.
977 2281 1009 2304 τ.
1031 2264 1090 2316 L]
1121 2266 1143 2302 i.
1170 2279 1200 2303 e.
1224 2264 1382 2302 Gerrhus
1412 2264 1481 2311 (de

814 2336 887 2372 quo
906 2324 980 2361 vid.
1001 2326 1095 2360 nott.
1117 2323 1165 2359 ad
1184 2322 1246 2369 lv,
1278 2323 1350 2369 19)
1380 2333 1482 2371 sepa-

815 2384 921 2417 ratur
951 2394 975 2417 a
994 2380 1214 2430 Borysthene
1242 2392 1278 2415 eo
1291 2378 1373 2429 fere
1395 2378 1481 2422 loco,

814 2451 925 2487 usque
958 2437 1007 2474 ad
1036 2449 1133 2487 quem
1154 2438 1227 2487 ipse
1244 2435 1483 2486 Borysthenes

816 2499 867 2532 cst
904 2497 1066 2544 cognitus
1102 2494 1167 2542 (cf.
1201 2494 1270 2540 IV,
1310 2495 1362 2534 53
1392 2492 1479 2539 ibiq.

816 2550 925 2603 not.)
963 2552 1101 2589 Moneo
1128 2552 1176 2588 ob
1203 2549 1400 2587 Reichard.
1429 2549 1480 2583 sic

814 2611 1135 2659 interpretantem:
1188 2607 1280 2655 „der
1316 2604 1479 2642 Gerrhus

816 2667 962 2704 wendet
998 2665 1074 2703 sich
1113 2678 1197 2702 vom
1228 2662 1478 2711 Borysthenes

816 2724 863 2761 ab
884 2723 954 2772 bey
977 2724 1044 2761 der
1062 2721 1223 2770 Gegend
1239 2720 1394 2767 vorbey,
1422 2730 1478 2754 wo

817 2792 901 2817 man
918 2781 990 2818 den
1001 2778 1254 2828 Borysthenes
1271 2775 1479 2814 erblickt!“

10 314 77 360 56
132 309 372 367 Ἀχιλληὶον
398 307 665 366 καλεόμενον
687 306 886 364 Δρόμον.
931 307 1150 363 Ἕβδομος
1173 305 1219 348 δὲ
1242 304 1413 358 Ιέρῤος
1471 316 1573 408 8¹1:pr
1607 319 1746 377 ⁶571}

138 382 334 438 ποταμὸς
363 381 613 438 ἀπέσχισται
634 380 714 435 μὲν
741 378 827 423 vino*
858 383 938 422 τοῦ
951 377 1267 434 Βορυσθένεος,
1300 374 1410 418 κατὰ
1472 371 1724 408 10'
