1863 3256
102 445 229 472 consulti

123 487 150 505 a.
169 479 218 505 6⁴8
236 487 358 512 reapon-

102 520 183 539 suin:
205 512 299 546 Libya
317 516 378 539 tuin

103 546 229 573 Graecis
247 547 360 580 ignota.

260 444 380 471 circiter

436 340 520 379 538

838 339 1306 377 HERODOTl

439 448 680 505 βασιλεύων
713 450 858 504 Θήρης
895 452 970 502 τῆς
998 446 1158 502 νήσου,
1203 446 1377 489 ἀπίκετο
1407 447 1450 497 ἐς
1480 451 1756 503 Δελφοὺς,9ο

436 520 555 574 ἄγων
584 519 667 563 ἀπὸ
698 523 773 573 τῆς
803 517 954 568 πόλιος
983 517 1243 573 ἑκατόμβην·
1275 519 1448 561 εἵποντο
1481 519 1525 561 δέ
1556 521 1598 561 οῖ
1627 521 1697 562 καὶ

435 592 558 636 ἄλλοι
593 594 681 633 τῶν
711 587 967 643 πολιητέων,
1009 588 1082 631 καὶ
1111 588 1164 643 δὴ
1195 588 1265 631 καὶ
1297 589 1462 638 Βάττος
1493 588 1515 632 ὁ
1549 593 1698 632 Πολυ-

407 662 642 720 3μνήστου,
669 658 750 701 ἐών
772 658 896 712 γένος
916 658 1178 715 Εὐφημίδης
1196 664 1284 702 τῶν
1301 660 1522 703 Μινυέων.
1554 664 1697 714 Χρεω-

435 735 551 792 μένῳ
596 731 641 774 otc.
681 733 739 788 τῷ
777 731 921 787 Γρίνῳ
963 734 1021 787 τῷ
1051 731 1221 786 βασιλέϊ
1248 732 1337 774 τῶν
1370 734 1575 786 Θηραίων
1603 734 1701 787 περὶ

439 805 600 854 ἄλλων,
648 804 729 857 χρᾷ
770 799 797 856 ἡ
843 803 992 857 Πυθίη
1038 804 1223 855 ,,κτίζειν
1259 803 1307 847 ἐν
1347 802 1491 863 Λιβύῃ
1529 803 1699 847 πόλιυ.“
1714 810 1757 844 95

438 997 517 1040 ἐών
542 999 655 1053 γένος
686 996 932 1051 Εὐφημίδης
960 1004 1040 1040 τῶν

382 1056 592 1108 Μινυέων]
633 1059 654 1095 i.
675 1071 707 1095 e.
733 1060 795 1107 qui
816 1071 940 1106 genere
959 1058 1041 1095 Eu-

372 1114 539 1164 pltemz'da
557 1115 637 1165 suit
651 1143 661 1162 ,
704 1127 733 1151 s.
751 1127 768 1151 e
786 1117 937 1165 posteris
959 1114 1040 1151 Ειι-

376 1170 512 1223 pleemi,
542 1174 650 1208 unius
672 1183 689 1207 e
712 1170 862 1221 Minyis.
924 1171 1038 1209 Pleri-

377 1240 451 1276 que
491 1228 597 1265 codd.
636 1223 900 1278 Εὕθυμίόης,
945 1240 1037 1264 unus

376 1283 585 1322 Vindobon.
610 1280 876 1336 Εὕθυμήδης.
926 1284 1037 1328 Quod

376 1354 472 1378 nunc
493 1340 600 1389 vulgo
623 1341 756 1389 legitur
779 1338 1038 1391 Εὐφημίδης,

378 1412 398 1435 e
436 1397 610 1447 palmaria
638 1398 743 1434 fluxit
782 1398 1039 1436 emendatione

380 1454 548 1491 Palmerii
580 1452 783 1506 (Exercitt.
819 1466 904 1505 pag.
932 1455 1036 1501 23),

377 1511 548 1547 Simsono
561 1509 715 1561 (Chron.
730 1512 777 1548 ad
790 1509 883 1550 Ann.
895 1507 1038 1560 3389),

376 1566 559 1603 Bouherio
594 1567 723 1614 (Diss.
762 1567 902 1604 Herod.
947 1563 1039 1618 12),

340 1663 343 1666 ¹
375 1621 580 1671 Larchero,
622 1622 777 1660 Miillero
797 1623 1037 1669 (Orchomen.

374 1692 410 1729 p.
433 1677 554 1726 341),
578 1679 739 1727 Τίπὶςὶο
759 1680 876 1725 (Hist.
901 1679 1036 1727 Cyren.

373 1749 411 1786 p.
434 1737 529 1784 38),
561 1735 661 1780 aliis,
692 1736 858 1785 probata.
905 1735 1038 1772 Fertur

375 1792 472 1829 enim
503 1793 600 1829 inter
633 1791 773 1829 Iasonis
817 1793 934 1829 socios
965 1792 1035 1829 Mi-

376 1860 468 1897 nyas
489 1848 695 1899 Euplzemus
708 1878 719 1896 ,
758 1853 855 1886 teste
876 1848 1036 1885 Pindaro

376 1905 484 1954 Pyth.
506 1906 567 1952 lV,
589 1906 693 1953 455,
732 1906 791 1941 ubi
820 1905 891 1941 vid.
914 1904 1035 1941 Schol.

374 1961 454 2001 coll.
476 1962 674 2012 Spanhem.
697 1962 745 1998 ad
767 1961 977 1998 Callimach.
999 1963 1035 1997 in

374 2017 494 2068 Apoll.
523 2019 577 2058 75
612 2023 647 2055 et
672 2018 871 2055 Burmann.
901 2018 938 2054 in
963 2018 1036 2054 Ca-

373 2075 486 2124 talog.
525 2075 727 2123 Argonaut.
765 2088 793 2111 s.
839 2087 871 2111 V.
940 2074 1034 2111 Add.

372 2131 534 2169 Boeckh.
553 2132 601 2167 ad
620 2131 723 2167 Pind.
744 2130 855 2180 Pyth.
875 2130 924 2166 IV
947 2143 1033 2180 pag.

373 2188 468 2229 265.
505 2188 616 2224 Cuius
632 2188 808 2238 Euphemi
826 2200 1033 2236 compressu

371 2245 524 2292 gravida
540 2245 636 2281 facta
647 2243 801 2281 Lemnia
821 2243 940 2294 puella
954 2257 1034 2281 cnm

372 2301 472 2338 Batti
505 2302 779 2351 progenitorem
810 2305 918 2350 partu
956 2301 1033 2337 ecli-

371 2358 508 2403 disset,
554 2358 629 2395 inre
657 2357 714 2395 hic
741 2357 872 2393 Battus
901 2357 1034 2393 dicitur

372 2413 608 2463 Euphemida.
691 2413 743 2450 Ac
799 2412 1034 2460 Larcherum,

371 2470 471 2518 quod
492 2483 618 2507 omnes
633 2469 866 2518 Argonautas
886 2474 1034 2506 vocatos

372 2525 481 2562 fuisse
502 2526 645 2574 Minyas
657 2525 767 2576 [conf.
784 2527 883 2564 citat.
905 2527 952 2562 ad
974 2525 1033 2572 lv,

376 2582 468 2631 150]
491 2583 700 2628 contendit,
730 2583 781 2618 ita
803 2587 841 2618 ut
862 2583 1034 2619 Herodo-

373 2641 430 2674 tus
449 2651 537 2675 voce
565 2640 645 2675 τῶν
665 2636 861 2675 λ’Ἁινυέων
890 2639 1033 2675 adiecta

373 2707 453 2732 eum
478 2694 684 2745 simpliciter
708 2693 959 2741 Argonautam
978 2695 1033 2730 in-

375 2751 497 2789 dicare
527 2750 700 2797 voluerit,
748 2750 895 2786 missum
924 2751 1032 2786 sacia-

378 2821 480 2853 mus3
510 2807 578 2844 hoc
603 2819 688 2844 vero
711 2811 912 2851 teneamus,
931 2811 1032 2855 post-

377 2864 444 2900 hac
473 2876 619 2913 quoque
649 2864 683 2899 in
705 2863 850 2912 Cyrene
868 2862 1032 2901 floruisse

376 2921 487 2958 videri
507 2921 599 2958 hanc
623 2923 794 2968 gentem,
833 2919 860 2955 si
884 2919 1032 2968 quidem

375 2976 496 3028 plures
510 2977 686 3027 Euphemi
710 2977 854 3014 nomine
871 2976 1031 3025 insignes

1099 1003 1163 1039 viri
1187 1003 1234 1039 ibi
1264 1016 1330 1052 per
1356 1004 1591 1052 insequentes
1617 1008 1755 1041 aetates

1096 1063 1299 1104 occurrant,
1309 1064 1403 1096 teste
1417 1059 1460 1096 C.
1474 1061 1518 1096 O.
1532 1059 1685 1096 Miillero
1701 1060 1721 1096 l.
1733 1060 1753 1097 Ι.

1153 1114 1361 1168 χρεωμένῳ
1396 1113 1438 1153 δὲ
1470 1117 1525 1168 τῷ
1548 1115 1676 1164 Γρίνω
1696 1138 1750 1168 V—

1096 1173 1172 1225 χρᾷ
1191 1170 1220 1221 ἦ
1240 1171 1396 1221 Πυθίη]
1438 1172 1460 1208 i.
1494 1185 1524 1209 e.
1554 1174 1759 1209 sciscitanti

1096 1228 1209 1264 Grino
1235 1250 1289 1255 ———
1318 1228 1498 1265 oraculum
1539 1228 1652 1265 edixit
1679 1227 1756 1279 Py-

1096 1284 1182 1321 thia.
1225 1284 1277 1322 Ut
1294 1285 1389 1322 enim
1407 1285 1554 1322 verbum
1575 1286 1674 1336 χρᾶν
1695 1298 1753 1322 va-

1095 1340 1147 1379 let
1195 1353 1393 1390 responsum
1442 1341 1528 1378 dare
1574 1341 1755 1378 oraculum

1096 1399 1360 1451 sciscitantibus
1390 1395 1450 1447 (cfg
1473 1397 1552 1443 Vll,
1573 1400 1655 1439 220
1674 1397 1753 1436 coll.

1096 1454 1167 1500 IV,
1213 1456 1336 1502 155),
1391 1455 1440 1490 ita
1483 1455 1658 1505 χρῆσθαι
1697 1459 1754 1492 est

1096 1512 1296 1556 sciscitari,
1351 1510 1524 1547 consulere
1574 1511 1754 1548 oraculum

1096 1571 1135 1604 ut
1164 1567 1199 1613 l,
1232 1568 1298 1608 45.
1326 1566 1391 1607 85.
1436 1567 1504 1613 IV,
1537 1567 1627 1608 151.
1661 1567 1751 1608 155.

1098 1623 1190 1664 157.
1214 1625 1292 1664 163
1306 1621 1386 1674 (ubi
1399 1624 1466 1659 vid.
1481 1624 1605 1670 nott.).
1628 1623 1673 1669 V,
1688 1625 1751 1663 82,

1152 1679 1294 1725 κτίζειν
1336 1678 1378 1717 ἐν
1423 1674 1562 1731 Λιβύῃ
1609 1674 1751 1730 πόλιν]

1095 1735 1249 1785 Libyam
1268 1736 1313 1772 ab
1331 1734 1498 1785 Apolline
1515 1740 1754 1773 monstratam

1095 1792 1207 1829 suisse
1258 1791 1355 1828 haud
1403 1792 1612 1828 mirabimur
1631 1821 1643 1838 ,
1701 1792 1753 1828 ait

1094 1848 1235 1896 Thrige
1256 1848 1276 1884 l.
1293 1848 1314 1884 l.
1333 1861 1420 1897 pag.
1441 1848 1508 1894 51,
1539 1848 1569 1884 si
1591 1848 1681 1885 hanc
1697 1860 1753 1885 re-

1094 1905 1239 1952 gionem
1271 1905 1318 1941 ob
1349 1905 1514 1941 eximiam
1549 1904 1752 1942 ubertatem

1093 1962 1162 1997 iam
1182 1962 1226 1998 ab
1248 1961 1410 1998 Homero
1431 1961 1524 2008 (Od.
1544 1960 1608 2007 lV,
1629 1961 1682 2002 85
1695 1983 1750 1987 —

1093 2019 1167 2064 89)
1197 2017 1382 2054 laudatam
1407 2030 1474 2054 nec
1491 2017 1643 2054 Graecis
1669 2016 1752 2054 reli-

1093 2075 1171 2123 quis
1199 2074 1298 2111 Batti
1324 2078 1487 2124 tempore
1515 2072 1623 2123 plane
1652 2074 1750 2110 inco-

1092 2131 1229 2179 gnitam
1262 2130 1374 2167 fuisse
1397 2135 1619 2180 reputemus.
1679 2129 1751 2173 Qui

1092 2188 1187 2224 idem
1221 2199 1305 2236 pag.
1340 2185 1419 2226 104
1452 2199 1555 2235 seqq.
1589 2191 1749 2224 veterum

1091 2244 1304 2293 scriptorum
1325 2244 1530 2279 testimonia
1552 2242 1751 2291 laudesque

1091 2301 1138 2337 ‹le
1167 2300 1232 2337 hac
1260 2300 1409 2347 regione
1435 2298 1602 2347 collegit,
1641 2311 1749 2348 quam

1091 2356 1380 2394 amoenissimam
1399 2360 1511 2404 atque
1534 2355 1571 2391 in
1592 2355 1751 2403 regioni-

1091 2413 1159 2449 bus
1200 2413 1409 2460 caeteroqui
1448 2411 1602 2448 desertis
1638 2416 1748 2459 atquc

1093 2470 1205 2505 aridis
1227 2468 1481 2505 fertilissimam
1503 2467 1551 2503 ob
1572 2479 1748 2515 aquarum

1091 2526 1231 2575 copiam
1280 2525 1447 2572 aerisque
1500 2522 1747 2559 salubritatem

1091 2586 1231 2618 veteres
1261 2580 1513 2624 dilandarunt3
1553 2580 1663 2628 inque
1693 2579 1748 2615 his

1089 2638 1285 2687 praecipue
1294 2635 1473 2672 Pindarus
1484 2648 1525 2672 ac
1535 2634 1746 2685 Theophra-

1090 2697 1188 2738 stus,
1227 2698 1265 2728 ut
1293 2704 1380 2728 sane
1409 2691 1654 2740 intelligamus
1686 2704 1747 2728 cur

1091 2762 1135 2785 eo
1165 2748 1392 2799 potissimum
1415 2748 1630 2785 deduxerint
1649 2747 1745 2784 colo-

1091 2805 1186 2842 niam
1228 2804 1282 2842 vel
1322 2804 1444 2854 potius
1487 2805 1620 2842 ducere
1659 2804 1745 2840 iussi

1090 2862 1163 2898 sint
1196 2862 1241 2897 ab
1273 2861 1450 2911 Apolline.
1516 2860 1596 2898 Nec
1629 2861 1745 2908 magis

1090 2918 1296 2955 mirabimur
1322 2917 1477 2967 Libyam
1513 2917 1559 2954 ab
1599 2915 1745 2953 oraculo

1088 2975 1290 3025 praedicari
1309 2970 1562 3025 πολυήρατον
1579 2972 1639 3020 IV,
1654 2973 1743 3013 159.

1763 662 1842 703 347
