1863 3256
118 404 135 422 n
178 394 274 422 honor

137 429 188 455 eil(

100 436 266 524 pbmss‘m
241 497 343 555 &³2⁹⁰
347 505 379 524 υ,
438 474 579 524 ρεῖον,
613 467 737 512 οἶκόν
766 486 810 512 τε
840 469 1041 525 μέγιστον
1071 469 1174 526 εἶχε,
1209 472 1281 514 καὶ
1308 470 1601 526 ὁμοτράπεζος
1631 476 1705 529 βα-

230 428 378 492 ¹¹¹dii

172 532 178 556 l
200 539 232 556 02¹
302 539 356 556 ΙῚΙὶΙ
368 539 376 560 ἶ

118 539 170 624 gie
155 572 200 590 em
272 564 346 591 Eleu
329 573 378 593 um

152 597 214 624 viut
199 600 257 625 u.te

443 219 528 260 240

275 330 374 375 132
433 326 602 384 ἤκουον
637 327 856 384 μουσικήν
886 326 997 372 εἶναι
1026 327 1242 385 Ἑλλήνων
1272 333 1450 385 πρῶτοι.

832 220 1301 261 HERODOTI

1517 331 1620 376 Τότε
1651 332 1703 389 δὴ

433 396 458 442 ὁ
489 398 769 456 Δημοκηδης,
819 399 867 442 ἐν
903 406 1016 443 τοῖσι
1048 400 1266 444 Σούσοισι
1303 399 1578 456 ἐξιησάμενος
1614 409 1705 446 Λα-

437 540 547 582 σιλὲϊ
575 540 790 595 ἐγεγόνεε·
835 540 949 595 πλην
977 556 1021 583 τε
1051 540 1148 592 ἑνὸς
1178 545 1259 585 τοῦ
1290 543 1331 593 ἐς
1348 542 1560 599 Έλληνας
1592 543 1707 588 ἀπιέ-
1758 562 1761 565 ’

407 616 536 659 Ξναι,
585 610 727 653 πάντα
770 609 824 653 τὰ
870 610 978 652 ἄλλα
1023 612 1066 653 οἷ
1102 616 1259 668 παρῆν.

1329 614 1401 657 καὶ
1440 619 1568 657 τοῦτο
1605 615 1704 670 μὲν,
1717 623 1763 656 70

436 678 540 731 τοὺς
562 683 828 736 Αἰγυπτίους
859 679 1050 737 ἰητρούς,
1086 684 1129 724 οἳ
1159 684 1336 737 βασιλέα
1366 685 1579 740 πρότερον
1610 687 1705 728 ἰῶν-

434 767 507 803 το,
539 751 774 806 μέλλοντας
790 749 1227 805 ἀνασκολοπιεῖσθαι,
1260 754 1368 798 διότι
1391 755 1477 800 ὑπὸ
1497 757 1706 813 ’Έλληνος

437 822 591 877 ἰητροῦ
621 820 898 878 ἑσσώθησαν,
937 822 1148 876 τούτους,
1185 824 1362 879 βασιλέα
1392 828 1708 883 παραιτησάμε-

437 908 534 943 νος,
566 889 804 947 ἐῤῥύσατο·
842 897 972 937 τοῦτο
1004 894 1070 948 δὲ,
1101 893 1259 951 μάντιν
1282 894 1453 941 Ἠλεῖον
1478 897 1704 953 Πολυκρά·

379 1046 524 1082 iecerat.
570 1045 629 1084 De
647 1060 718 1099 quo
737 1049 817 1100 ipse
838 1050 970 1089 viderit
987 1051 1042 1088 vir

377 1102 516 1139 doctus.

547 1159 579 1196 C
591 1172 660 1210 ap
685 1162 870 1201 CXXXlI.

441 1209 535 1254 Τότε
555 1213 620 1267 δη]
653 1216 857 1257 EFlorent
868 1219 1039 1269 Schwgh.

379 1275 418 1309 et
439 1272 559 1309 Gaisf.
577 1280 794 1323 receperunt
814 1274 867 1314 δέ.
926 1276 1042 1325 Equi-

379 1329 463 1366 dem
484 1341 563 1366 cum
583 1328 762 1370 Matthiae
781 1332 964 1382 vulgatam
985 1333 1043 1371 hic

379 1385 537 1423 retinere
559 1385 681 1424 malui.

436 1438 717 1493 ὁμοτράπεζος]
753 1445 942 1482 Summum
972 1444 1042 1482 hoc

379 1498 478 1549 apud
492 1499 624 1536 Persas
641 1501 871 1549 censebatur,
892 1503 1041 1550 siquem

376 1568 401 1592 e
429 1556 584 1593 maxime
615 1556 782 1594 fidelibus
815 1571 877 1595 rex
903 1558 1042 1595 honore

379 1623 460 1648 cum
500 1610 580 1661 ipso
621 1613 669 1649 ad
697 1625 857 1651 mensem
898 1627 1043 1651 accum-

379 1666 490 1705 bendi
503 1668 725 1717 designaret.
765 1670 968 1708 Testantur
987 1670 1042 1708 lo-

379 1724 410 1762 ci
440 1722 577 1761 collecti
606 1737 628 1761 a
656 1726 828 1775 Kriigero
853 1724 918 1778 (ad
947 1727 1041 1765 Xen.

380 1779 497 1816 Anab.
529 1780 556 1827 Ι,
581 1781 617 1822 5.
641 1781 712 1831 15)
743 1787 780 1820 et
809 1795 831 1820 a
855 1784 975 1820 Sturz.
1006 1785 1043 1820 in

381 1835 470 1873 Lex.
500 1836 670 1888 Xenoph.
701 1838 751 1876 ΙΙΙ
785 1853 820 1889 p.
844 1841 950 1886 285,
982 1840 1043 1877 ubi

380 1893 608 1943 potissimum
630 1896 723 1932 conf.
744 1896 881 1946 Cyrop.
900 1896 980 1943 Vll,
1010 1899 1042 1936 1.

381 1951 434 1990 30
463 1954 499 1986 et
524 1950 640 1988 Anab.
670 1951 708 1998 Ι,
739 1954 777 1998 8,
808 1954 872 1993 18.
902 1955 940 1999 9,
976 1955 1040 1993 17·

379 2006 482 2043 Ctes.
517 2005 637 2044 Perss.
675 2007 860 2059 Excerptt.
900 2007 936 2060 ἓ.
972 2010 1039 2049 41.

379 2062 540 2100 Heeren.
559 2063 672 2101 Ideen
690 2065 718 2111 Ι,
735 2067 752 2103 1
775 2078 810 2115 p.
824 2067 917 2105 217.
948 2065 1039 2102 Inde

380 2120 548 2169 suspicor
587 2123 624 2156 et
662 2121 823 2159 Ctesiam
855 2122 1038 2170 Cnidium,

378 2175 441 2224 qui
462 2174 571 2212 multo
601 2181 686 2226 post
705 2177 894 2216 Artaxerxi
914 2178 1040 2216 mede-

378 2232 507 2277 batur,
537 2228 653 2283 (plut.
679 2233 805 2271 Artax.
826 2232 875 2274 14
903 2235 950 2272 in.
975 2235 1039 2274 18.

379 2289 454 2334 21)
475 2288 577 2324 simili
600 2289 737 2328 honore
758 2303 780 2328 a
799 2304 887 2340 rege
910 2291 1041 2329 Persa-

379 2356 457 2379 rum
485 2344 655 2382 affectum
682 2347 820 2394 suisse3
849 2349 1039 2397 ipsumque

378 2398 639 2448 Hippocratem
652 2401 739 2439 talia
752 2408 936 2440 nacturum
949 2404 1037 2440 fuis-

380 2467 440 2500 se,
472 2456 500 2491 si
518 2457 564 2493 ad
587 2458 682 2506 regis
707 2459 822 2495 aulam
850 2460 1037 2506 accedere,

379 2511 683 2562 conditionesque
693 2514 833 2552 oblatas
846 2516 942 2563 (nam
956 2511 1038 2554 ἰσό-

381 2582 495 2617 τιμον
531 2568 718 2619 Περσέων
747 2574 830 2616 τοῖς
863 2567 1038 2622 α’ρίστοις

382 2637 463 2661 euin
477 2625 631 2663 reddere
651 2626 763 2663 voluit
781 2640 856 2674 rex,
867 2628 926 2663 vid
940 2629 1038 2677 Opp.

381 2679 557 2730 Hippocr.
583 2681 636 2729 ll,
665 2684 782 2723 1272.
809 2684 866 2720 ed.
896 2684 1037 2721 Genev.

385 2736 510 2787 1662)
535 2738 695 2788 recipere
713 2739 897 2776 voluisset.

420 2791 629 2843 μέλλοντας
641 2789 1035 2845 ἀνασκολοπιεῖσθαι]

1100 1055 1209 1090 σθαι.
1242 1053 1350 1089 Conf.
1371 1052 1480 1091 Dion.
1493 1053 1680 1103 Chrysost.
1695 1055 1759 1095 Or.

1098 1110 1153 1148 77
1176 1121 1261 1158 pag.
1283 1108 1376 1150 653.
1424 1110 1464 1147 ln
1482 1110 1663 1148 Herodoti
1681 1110 1761 1148 loco

1098 1164 1300 1202 infinitivus
1320 1166 1429 1203 futuri
1449 1167 1559 1204 medii
1587 1180 1654 1217 pro
1676 1179 1762 1218 pas-

1099 1221 1176 1258 sivo
1208 1222 1320 1271 accipi
1351 1223 1475 1269 debet,
1506 1224 1553 1261 de
1582 1236 1656 1272 quo
1690 1236 1759 1260 usu

1098 1277 1238 1316 Duker.
1252 1279 1300 1314 ad
1314 1278 1477 1329 Thucyd.
1499 1280 1545 1326 ΙΙ,
1558 1281 1610 1320 87
1633 1285 1667 1317 et
1679 1280 1759 1326 VH,

1097 1333 1165 1374 25.
1197 1334 1338 1377 Quibus
1358 1335 1426 1372 alia
1449 1336 1552 1372 addit
1568 1336 1700 1386 Poppo
1724 1337 1761 1372 in

1099 1390 1157 1427 ed.
1177 1390 1343 1440 Thucyd.
1367 1391 1396 1437 Ι,
1420 1394 1439 1431 1
1466 1405 1502 1442 p.
1531 1394 1621 1433 192.
1651 1393 1759 1429 Conf.

1098 1445 1265 1495 Thucyd.
1289 1447 1315 1494 l,
1337 1449 1401 1488 68.
1423 1468 1480 1474 —
1499 1443 1761 1487 ἀνασκολοπί-

1100 1503 1177 1549 ζειν
1188 1518 1204 1539 e
1218 1502 1304 1552 palo
1320 1504 1540 1553 suspendere,
1551 1504 1646 1542 idem
1660 1505 1760 1554 quod

1099 1554 1391 1610 α’νασταυροῦν,
1409 1565 1449 1597 ut
1468 1566 1621 1610 apparet
1640 1573 1683 1598 ex
1696 1561 1760 1608 lX,

1099 1617 1164 1656 78.
1198 1614 1295 1654 Add.
1316 1616 1380 1663 ΙΙΙ,
1402 1617 1493 1658 159.
1508 1617 1569 1663 lV,
1579 1616 1645 1657 43.
1665 1619 1761 1665 202,

1101 1672 1314 1721 quibuscum
1334 1673 1484 1719 consen,
1499 1686 1594 1722 quae
1612 1674 1659 1711 de
1678 1687 1758 1711 cru-

1100 1729 1149 1764 cis
1171 1727 1344 1779 supplicio
1366 1729 1519 1766 diximus
1548 1730 1596 1766 ad
1618 1729 1644 1776 l,
1668 1731 1759 1771 128.

1100 1784 1211 1828 Quod
1240 1798 1327 1822 vero
1361 1798 1423 1824 rex
1458 1787 1572 1823 iratus
1602 1785 1675 1824 tale
1712 1787 1761 1824 de

1098 1839 1290 1890 Aegyptiis
1308 1842 1456 1879 medicis
1467 1842 1680 1892 supplicium
1701 1854 1760 1880 su·-

1098 1897 1147 1933 mi
1168 1897 1334 1944 voluerit,
1353 1899 1390 1934 id
1408 1911 1429 1934 a
1454 1910 1581 1947 regum
1599 1898 1760 1936 orienta-

1096 1952 1182 1990 lium
1209 1954 1351 1991 ratione
1382 1954 1666 2004 haudquaquam
1693 1955 1759 1992 ab·

1096 2009 1233 2046 horret.
1292 2011 1364 2058 Sic,
1395 2011 1447 2048 uti
1464 2011 1532 2048 hoc
1552 2017 1644 2057 utar,
1669 2024 1758 2060 rege

1095 2070 1240 2103 mortuo
1251 2094 1262 2112 ,
1293 2067 1472 2112 medicos,
1503 2068 1603 2116 quod
1625 2067 1759 2105 seilicet

1095 2123 1191 2171 regis
1222 2127 1376 2160 mortem
1407 2136 1482 2160 non
1514 2124 1757 2174 impedierint,

1097 2191 1235 2216 summo
1258 2179 1337 2216 loco
1359 2181 1457 2230 apud
1482 2180 1612 2217 Persas
1636 2180 1756 2226 defici,

1096 2247 1169 2272 non
1190 2235 1294 2272 aliter
1307 2240 1418 2284 atque
1428 2236 1644 2285 astrolog08‚
1657 2236 1756 2284 quod

1096 2290 1169 2328 scil.
1190 2292 1285 2340 regis
1307 2293 1448 2331 obitum
1467 2305 1541 2328 non
1562 2291 1753 2342 praedixe-

1094 2348 1180 2394 rint,
1210 2348 1317 2385 docet
1346 2347 1608 2385 Rosenmiiller.
1627 2346 1698 2383 Alt.
1719 2361 1754 2384 u.

1094 2403 1189 2441 Neu.
1211 2403 1455 2452 Morgenland
1477 2403 1523 2440 T.
1543 2403 1595 2439 lv
1615 2416 1651 2453 p.
1672 2403 1755 2444 352

1095 2472 1147 2496 nr·
1172 2460 1276 2499 1081
1308 2459 1356 2496 ad
1374 2459 1516 2496 Daniel.
1539 2460 1584 2506 V,
1606 2460 1669 2500 13.

1153 2513 1316 2565 βασιλέα
1338 2512 1701 2566 παραιτησάμενος]
1732 2515 1755 2552 ἰ.

1096 2584 1127 2608 e.
1149 2571 1354 2621 deprecatus
1375 2572 1472 2621 apud
1496 2585 1609 2620 regem
1626 2585 1693 2622 pro
1710 2572 1755 2608 il-

1095 2626 1152 2672 lis,
1181 2632 1221 2663 ut
1243 2627 1314 2663 scil.
1332 2629 1473 2664 veniam
1493 2630 1534 2665 iis
1555 2629 1659 2666 daret
1679 2641 1754 2672 rex,

1094 2682 1307 2732 supplicium
1325 2686 1538 2722 remitteret.
1568 2685 1625 2722 Cf.
1648 2684 1677 2731 Ι,
1689 2686 1753 2724 90.

1095 2738 1159 2780 24.
1171 2739 1216 2784 V,
1230 2741 1303 2779 33:
1334 2739 1563 2791 παραιτέετο
1575 2737 1641 2780 τὸν
1655 2739 1754 2791 Πέρ-

1096 2806 1172 2844 σην
1210 2794 1355 2833 Persam
1392 2809 1539 2835 exorare
1574 2797 1754 2834 nitebatur

385 2850 424 2887 ln
447 2851 589 2889 duobus
610 2850 709 2889 libris
734 2847 1038 2900 ἅνασκολοπίζε-
1089 2864 1237 2902 poenam
1267 2852 1508 2904 deprecando,
1558 2858 1598 2892 ut
1631 2853 1753 2892 reddit

1769 908 1852 956 265
