1946 3272
481 221 538 260 8⁰
890 220 1367 259 HERODOTI

480 328 550 373 ἐπὶ
578 329 655 381 τοὶς
682 327 849 384 θύρας,
898 328 1173 384 Πολυκράτεϊ
1211 328 1295 386 ἔφη
1330 330 1496 374 ἐθέλειν
1536 332 1682 376 ἐλθεῖν
1710 331 1753 384 ἐς

451 400 601 452 Ξὸψιν.
659 400 936 456 χωρήσαντος
966 399 1011 442 δέ
1043 402 1087 444 οἱ
1114 399 1295 452 τούτου,
1327 401 1463 457 ἔλεγε,
1495 401 1647 453 διδούς
1674 401 1753 446 τὸν

479 473 634 528 ἰχθῦν,
676 465 764 522 „³52
795 472 999 525 βασιλεῦ,
1037 470 1120 526 ἐγώ
1152 470 1278 514 τόνδε
1308 470 1440 523 ἑλών,
1483 472 1565 515 οὐκ
1599 472 1755 516 ἐδικαί-

480 555 572 586 ωσα
602 541 751 598 φέρειν
780 540 822 591 ἐς
851 539 1042 596 ἀγορήν,
1073 542 1226 594 καίπερ
1256 557 1303 596 γε
1334 541 1417 584 ἐών
1447 539 1754 600 ἀποχειροβίω-

478 630 577 664 τος,
608 610 717 654 ἄλλά
737 628 810 666 μοι
840 610 983 655 ἐδόκεε
1004 615 1082 654 σεῦ
1106 627 1150 654 τε
1182 609 1293 654 εἶναι
1323 611 1441 663 ἄξιος
1471 615 1544 656 καὶ
1572 618 1648 668 τῆς
1678 618 1810 670 σῆς95

450 682 639 738 Βᾶρχῆς·
681 682 752 724 σοὶ
783 681 837 738 δή
866 699 943 737 μιν
973 683 1123 736 φέρων
1153 683 1360 737 δίδωμι.“
1414 681 1463 726 Ὁ
1495 684 1565 734 δὲ,
1603 683 1755 740 ἡσθεὶς

478 760 590 796 τοῖσι
610 753 750 799 ἔπεσι,
783 751 1001 809 ἀμείβεται
1030 754 1198 796 τοῖσδε·
1241 751 1430 806 ,,Κάρτα
1460 769 1504 796 τε
1535 750 1583 798 εὗ
1613 757 1754 812 ἐποίη-

480 835 577 873 σας·
625 823 700 866 καὶ
738 822 864 878 χάρις
903 823 1052 879 διπλέη
1089 827 1177 866 τῶν
1207 839 1250 866 τε
1279 823 1424 879 λόγων
1453 825 1525 867 καὶ
1554 830 1634 868 τοῦ
1665 825 1754 869 δώ·-

450 900 587 948 4ρου·
640 894 713 936 καί
753 905 800 936 σε
845 894 914 937 ἐπὶ
956 895 1136 936 δεῖπνον
1175 894 1439 951 καλέομεν.“
1498 893 1549 939 ‘0
1582 896 1660 952 μὲν
1700 896 1754 952 δή

478 962 644 1016 ἁλιεύς,
687 963 797 1019 μέγα
833 962 1095 1019 ποιεύμενος
1133 969 1295 1015 ταῦτα,
1341 964 1408 1021 ἤϊε
1446 965 1489 1016 ἐς
1525 966 1577 1010 τὰ
1609 969 1749 1011 οἰκία·

476 1034 553 1078 τόν
584 1035 630 1078 δὲ
660 1037 790 1090 ἰχθῦν
817 1034 1054 1091 τάμνοντες
1095 1037 1140 1079 οἵ
1167 1035 1456 1090 θεράποντες,
1497 1035 1779 1092 εὑρίσκουσιγι

477 1106 525 1151 ἐν
547 1110 601 1164 τῇ
619 1104 753 1163 νηδύϊ
780 1105 918 1149 αὐτοῦ
948 1106 1160 1150 ἐνεοῦσαν
1189 1107 1269 1163 τήν
1287 1106 1595 1163 Πολυκράτεος
1617 1121 1754 1164 σφρη-

453 1180 611 1233 5γῖδα·
664 1177 723 1229 ὡς
754 1178 799 1221 δὲ
831 1176 949 1222 εἶδόν
978 1195 1022 1221 τε
1051 1179 1124 1222 καὶ
1156 1178 1314 1235 ἔλαβον
1352 1178 1551 1235 τάχιστα,
1593 1179 1755 1236 ἔφερον

476 1247 762 1305 κεχαρηκότες
797 1248 917 1303 παρὰ
953 1248 1032 1292 τόν
1062 1249 1363 1303 Πολυκράτεα·
1410 1250 1604 1302 διδόντες
1635 1252 1680 1295 δέ
1711 1251 1754 1294 οἱ

448 1318 562 1375 6τὴν
592 1321 837 1375 σφρηγῖδα,
869 1320 1017 1376 ἔλεγον
1045 1321 1152 1379 ὅτεῳ
1182 1318 1329 1378 τρόπῳ
1361 1320 1536 1378 εὑρέθη.
1588 1322 1678 1365 Τόν
1706 1321 1752 1365 δὲ

479 1388 539 1440 ὥς
569 1390 725 1446 ἐσῆλθε
763 1396 890 1434 θεῖον
933 1389 1044 1436 εἶναι
1085 1391 1136 1436 τὸ
1167 1396 1369 1447 πρῆγμα,
1417 1392 1578 1448 γράφει
1613 1392 1657 1443 ἐς
1690 1396 1780 1449 βι-5

476 1463 602 1518 βλίον
630 1461 789 1513 πάντα,
831 1461 886 1505 τὰ
912 1461 1155 1520 ποιήσαντά
1185 1479 1260 1520 μιν
1291 1461 1363 1508 οἷα
1391 1463 1752 1521 καταλελαβήκεε·

478 1610 735 1665 χωρήσαντος
765 1612 808 1653 δέ
842 1614 884 1654 οἵ
911 1610 1080 1665 τούτου]
1145 1618 1224 1659 188
1246 1615 1326 1654 coll.
1349 1615 1504 1654 Dorvill.
1527 1616 1574 1654 ad
1596 1615 1738 1653 Charit.
1767 1628 1805 1666 p.

422 1672 445 1708 i.
476 1684 507 1708 e.
541 1672 603 1707 hoc
637 1685 713 1708 cum
745 1674 778 1708 ei
805 1674 1023 1709 successisset
1054 1685 1082 1708 s.
1142 1673 1236 1713 564.
1271 1671 1367 1723 μέγα
1403 1678 1550 1723 praeter
1581 1671 1698 1709 Iocum
1729 1672 1807 1709 Iau-

422 1740 497 1764 cum
528 1728 688 1765 adeundi
724 1730 858 1778 copiam
888 1731 921 1765 ei
939 1728 1083 1778 fecisset
1142 1730 1268 1766 datum
1292 1729 1355 1775 IX,
1390 1732 1466 1770 111
1501 1730 1684 1766 invenitur
1706 1728 1807 1775 VIII,

419 1797 493 1821 rex.
552 1785 713 1822 Verbum
746 1789 887 1835 χωρεῖν
924 1799 952 1822 ε.
982 1799 1085 1833 προ-

421 1844 562 1891 χωρεῖν
584 1842 682 1878 haud
702 1842 911 1890 infrequens
932 1842 978 1879 de
995 1841 1084 1891 feli-

421 1899 510 1934 cz'ori
535 1911 705 1935 successu.
777 1898 910 1935 Attulit
934 1898 1084 1935 VVesse-

421 1954 508 2003 ling.
529 1956 574 2000 V,
603 1957 667 1996 62.
694 1955 792 2001 VIII,
813 1956 902 1994 102.
923 1954 1002 2001 VII,
1031 1956 1082 1994 10

421 2008 458 2060 ἓ.
490 2014 529 2056 2,
562 2011 691 2059 quibus
713 2011 799 2047 add.
830 2010 886 2056 V,
918 2012 983 2051 89.
1015 2009 1083 2051 49.

419 2066 519 2112 vlu,
542 2069 610 2113 68,
632 2080 678 2104 ne
700 2067 816 2117 plura.
839 2087 894 2093 ——-
924 2061 1081 2115 οἷποχει-

421 2123 613 2173 ροβίωτος
649 2124 679 2160 is
714 2127 792 2170 est,
833 2123 895 2172 qui
935 2135 1082 2159 suarum

420 2180 532 2229 ipsius
554 2193 725 2216 manuum
745 2192 857 2229 opera
873 2180 982 2215 vitam
1001 2191 1083 2215 sus-

420 2240 535 2273 tentat
553 2236 759 2285 victumque
776 2237 843 2272 sibi
870 2237 948 2285 ipse
969 2247 1083 2284 quae-

420 2293 477 2328 rit.
509 2292 593 2335 Quo
612 2294 741 2330 eodem
759 2292 965 2341 significatu
981 2292 1079 2341 apud

419 2348 508 2384 alios
527 2349 707 2386 invenitur
727 2344 956 2399 αὐτουργός.

478 2402 575 2456 μέγα
597 2401 834 2455 ποιεύμενος
855 2402 994 2453 ταῦτα]
1016 2418 1078 2453 με-

419 2456 520 2512 γάλα
545 2462 691 2499 exhibet
722 2462 904 2498 sancrosti
935 2466 970 2497 et
991 2462 1079 2496 vin-

421 2518 555 2554 dobon.
574 2518 674 2564 liber,
706 2519 767 2567 qui
786 2519 893 2553 iidem
915 2517 994 2553 libri
1015 2516 1078 2562 IX,

423 2575 495 2614 111
523 2575 700 2624 praebent
721 2573 830 2624 μέγα,
849 2574 906 2609 ιὼί
924 2573 1077 2609 Floren-

419 2630 516 2666 tinus
531 2630 663 2679 aliique
675 2627 843 2680 μεγάλας
862 2630 961 2678 quod
982 2629 1078 2665 idem

420 2686 601 2723 invenitur
622 2689 657 2723 in
689 2688 742 2723 his
769 2687 853 2724 Iocis
873 2699 895 2721 a
923 2684 1077 2721 Wessel.

419 2743 553 2780 allatis:
586 2744 725 2781 Herod.
750 2743 793 2789 II,
826 2745 914 2787 121,
937 2739 973 2779 4.
1005 2741 1078 2776 Ρο-

420 2799 540 2849 Iyaen.
572 2800 651 2848 YII,
687 2803 750 2846 10,
782 2802 818 2840 8.
854 2799 1005 2834 Homer.
1037 2797 1076 2833 II.

420 2856 518 2904 XIII,
534 2859 628 2899 282.
660 2856 821 2907 Euripid.
837 2853 1076 2891 Andromach.

1142 1787 1188 1831 3,
1227 1782 1375 1837 μεγαλα
1408 1785 1435 1832 Ι,
1462 1788 1554 1832 119,
1587 1785 1687 1834 quod
1718 1784 1805 1822 mihi

1142 1842 1361 1879 documento
1398 1845 1474 1889 est,
1523 1846 1719 1890 utrumque
1748 1841 1805 1877 di·

1141 1899 1246 1935 cendi
1260 1911 1375 1947 genus
1394 1910 1512 1946 aeque
1533 1897 1716 1948 placuisse
1727 1897 1806 1935 He-

1138 1955 1284 1991 rodoto.
1306 1977 1357 1981 —
1389 1954 1450 1989 Ad
1469 1955 1622 1991 sormam
1641 1968 1805 2004 κεχαρη-

1139 2006 1247 2056 κότες
1272 2011 1367 2048 conf.
1388 2009 1521 2047 Matth.
1543 2011 1608 2047 Gr.
1631 2010 1697 2049 Gr,
1718 2022 1805 2061 pag.

1201 2119 1280 2161 To'v
1301 2119 1343 2161 δὲ
1368 2119 1422 2168 ὦς
1449 2121 1598 2173 ἐσῆλθε
1620 2125 1739 2161 θεῖον
1766 2136 1803 2160 κ.

1139 2195 1170 2217 τ.
1194 2179 1239 2229 λ.]
1274 2181 1295 2216 ἰ.
1315 2192 1346 2216 e.
1375 2192 1451 2216 cum
1480 2192 1557 2215 vero
1585 2181 1699 2230 ipsum
1720 2178 1802 2215 sub-

1138 2238 1205 2273 iret
1233 2237 1413 2285 cogitatio,
1445 2235 1604 2272 divinam
1635 2248 1705 2272 esse
1731 2247 1802 2271 rem

1140 2306 1167 2329 s.
1206 2292 1382 2328 (livinitus
1417 2292 1479 2329 lwc
1515 2294 1587 2342 ipsi
1620 2291 1799 2329 accidisse.

1137 2349 1261 2385 verbo
1282 2348 1428 2399 ἐσῆλθε
1448 2354 1483 2386 et
1506 2349 1665 2384 dativum
1687 2352 1724 2384 et
1741 2359 1801 2384 ac-

1136 2406 1332 2441 cusativum
1367 2405 1506 2441 adstrui
1545 2404 1632 2440 satis
1659 2408 1798 2440 notum.

1136 2461 1191 2497 Ex
1206 2462 1395 2499 Herodoto
1417 2461 1476 2498 Tu
1493 2461 1587 2496 conf.
1611 2460 1637 2506 I,
1652 2458 1717 2501 24.
1733 2461 1796 2499 86.

1136 2518 1200 2564 ΙΙΙ,
1222 2517 1283 2557 14.
1306 2517 1368 2562 U,
1393 2517 1480 2558 125.
1503 2516 1602 2561 wll,
1628 2518 1718 2556 137.

1194 2569 1337 2624 γράφει
1367 2571 1405 2618 ἐς
1438 2572 1606 2622 βιβλίον]
1640 2571 1797 2623 βιβλίον

1137 2630 1182 2666 de
1204 2630 1328 2666 tabula
1351 2641 1378 2664 s.
1399 2629 1536 2675 charta,
1559 2629 1595 2665 in
1617 2630 1686 2677 qm}
1709 2628 1797 2677 quid

1135 2686 1272 2736 scripto
1302 2685 1559 2733 consignatur,
1590 2685 1797 2733 intelligen-

1135 2742 1221 2778 dum
1237 2774 1246 2789 ,
1292 2746 1332 2778 ut
1363 2741 1403 2788 I,
1436 2743 1525 2782 123.
1571 2741 1661 2782 124·
1705 2740 1795 2782 125.

1134 2798 1214 2843 VII,
1236 2800 1327 2839 211.

1190 2850 1236 2893 τοὶ
1260 2848 1484 2904 ποιήσαντά
1504 2869 1572 2904 μιν
1593 2848 1658 2893 οἷα
1679 2867 1793 2892 κατα-
