1863 3256
480 145 1174 189 MELPOMENE.1V.

1384 155 1468 193 369

188 256 358 310 Ἰνδούς
396 274 440 303 τε
471 256 790 312 κατεστρέψατο
821 259 1030 310 Δαρεῖος,
1078 256 1153 299 καὶ
1181 259 1235 312 τῇ
1264 258 1467 316 θαλάσσῃ

164 333 186 369 4
198 328 336 387 ταύτῃ
381 330 546 386 ἐχρᾶτο.

604 327 722 373 οὕτω
759 327 832 372 καὶ
863 331 938 384 τῆς
963 325 1104 384 Ἀσίης
1132 325 1248 382 πλὴν
1277 327 1329 370 τοὶ
1359 328 1470 383 πρὸς

193 399 343 456 ἠέλιον
379 400 635 456 ἀνίσχοντα,
672 399 725 444 τοὶ
765 398 872 442 ἄλλα
902 397 1139 455 ἀνεύρηται
1168 397 1302 453 ὁμοῖα
1331 414 1469 451 παρε-

67 465 134 513 45
192 471 351 527 χομὲνη
380 473 435 524 τῇ
467 470 625 527 Λιβύῃ.
678 470 733 515 Ἡ
750 471 796 516 δὲ
818 471 871 527 δή
891 468 1087 527 Εὐρώπη
1114 468 1224 524 πρὸς
1252 467 1519 526 οὐδαμῶν45

195 634 263 676 καὶ
278 637 328 690 τῇ
342 630 529 690 θαλάσσῃ
545 631 668 691 ταύτῃ
687 634 798 688 ἔχρᾶ·

139 692 207 743 το]
239 692 456 742 Intelligitur
474 705 596 739 mare,
626 694 727 742 quod
746 693 804 730 ln·-

137 750 222 787 diae
262 748 364 787 alluit
401 761 507 794 oras;
552 750 655 799 quod
682 751 803 801 ipsum

136 806 331 844 Herodoto
374 806 599 854 incognitum
636 807 692 845 vel
735 807 804 844 hac

135 861 383 914 appellatione
400 862 592 900 indefinita
615 864 802 913 designari

137 918 193 956 vel
214 918 334 956 latiori
374 919 437 956 illo
465 919 563 956 rubri
596 921 704 957 maris
734 934 801 957 no-

137 976 235 1014 mine
255 975 426 1014 observat
447 976 613 1026 Breiger.
630 977 653 1015 Ι.
670 977 693 1014 l.
714 990 800 1028 pag.

141 1036 193 1075 12
217 1036 295 1070 not.

195 1085 301 1128 οὕτω
325 1086 392 1127 καὶ
422 1090 494 1139 τῆς
511 1083 646 1139 Ἀσίης
669 1111 719 1115 —
752 1091 803 1143 τῇ

137 1141 303 1200 Λιβύῃ]
360 1146 455 1182 Cum
505 1145 709 1195 Schweigh.
766 1150 803 1183 et

139 1202 256 1239 Gaisf.
278 1202 377 1240 edidi
398 1200 673 1252 παρεχομένη,
702 1203 802 1250 quod

138 1259 254 1296 tribus
291 1258 391 1295 libris
428 1257 576 1295 allatum
612 1263 802 1309 praestare

138 1315 329 1353 videbatur
357 1314 504 1352 lectioni
526 1315 611 1352 olim
629 1315 802 1364 vulgatae

137 1369 433 1423 παρεχομένην,
476 1385 586 1421 quam
616 1372 722 1409 Reiz.
759 1385 802 1410 ac

136 1428 317 1466 Borheck.
331 1432 515 1466 mutarant
530 1429 566 1465 in
583 1427 800 1481 παρεχομέ-

138 1500 201 1540 νῃ.
224 1485 278 1523 Ac
288 1490 503 1523 structuram
514 1485 581 1523 loci
594 1486 623 1522 si
637 1491 799 1536 spectes,

137 1540 388 1594 παρεχομένη
405 1555 480 1579 non
497 1543 565 1579 nisi
586 1555 653 1593 per
674 1555 801 1580 sensus

138 1600 322 1648 quandam
335 1604 549 1636 structuram
562 1612 643 1637 cum
655 1605 802 1637 antece-

139 1656 311 1694 dentibus
321 1656 510 1702 convenit,
500 1670 507 1676 ·
529 1660 568 1693 ut
577 1656 685 1693 verba
697 1652 801 1695 οὕτω

138 1710 207 1751 καὶ
237 1715 328 1763 τῆς
352 1708 522 1762 Ἀσίης
551 1709 656 1762 πλην
686 1729 734 1752 τα
766 1728 802 1752 κ.

138 1783 170 1807 τ
202 1771 234 1808 λ.
279 1770 417 1836 posita
432 1770 684 1807 existimentur
713 1784 803 1821 pro:

140 1821 246 1865 οὕτω
264 1824 332 1865 καὶ
361 1842 386 1877 η
408 1820 545 1876 Ἀσίη
571 1824 677 1878 πλην
698 1842 744 1865 τα
767 1842 802 1866 κ

138 1897 170 1921 τ.
198 1884 231 1921 λ.
284 1883 417 1920 Omnia
444 1883 512 1921 rite
544 1884 802 1933 procederent,

138 1940 168 1976 si
190 1939 372 1989 legeretur
397 1936 670 1991 παρεχόμενα,
702 1941 802 1990 quod

137 2001 263 2034 tamen
282 1996 378 2033 libris
393 1997 512 2034 invitis
525 1997 672 2035 minime
685 1998 802 2035 ausim

138 2053 312 2103 recipere.
345 2053 435 2091 Inde
450 2053 539 2091 haec
549 2055 625 2092 fere
635 2053 702 2091 loci
714 2067 804 2092 ena-

139 2110 252 2147 scitur
284 2111 485 2148 sententia:
516 2112 570 2147 ita
590 2112 696 2148 ctiam
718 2111 802 2148 reli-

138 2180 229 2217 quas
249 2166 358 2204 Asiae
371 2170 495 2217 partes
510 2189 566 2195 —
586 2168 719 2206 similia
740 2181 803 2205 ex-

138 2224 253 2261 hibere
282 2228 491 2274 compertum
520 2228 571 2262 est
601 2228 707 2275 atque
734 2225 803 2263 Li-

138 2281 253 2330 byam.
293 2281 642 2331 Schweighaeusero
667 2282 804 2334 proba-

138 2337 210 2375 bile
272 2338 440 2386 videtur,
509 2338 562 2376 sic
630 2339 803 2390 scriptum

140 2394 271 2432 fuisse:
313 2390 418 2433 ου’τω
458 2394 527 2433 καὶ
560 2411 631 2446 της
668 2391 804 2446 Ἀσίης

140 2470 194 2476 -
224 2466 272 2489 τα
309 2448 408 2490 ἄλλα
436 2447 653 2503 ανεύρηται
686 2448 802 2503 ὁμοῖα

140 2520 212 2555 περ
232 2505 394 2561 ἐχομένῃ
414 2505 658 2564 τῆΛιβύη,“
650 2524 672 2546 1.
692 2523 721 2547 e.
749 2511 802 2547 zta

141 2562 248 2599 Asiae
264 2585 319 2591 —
342 2565 480 2614 reliqua
499 2567 686 2616 explorata
704 2570 801 2614 sunt,

136 2620 276 2669 pariter
301 2624 390 2657 certe
418 2626 524 2671 atque
543 2625 714 2672 contegua
732 2623 802 2660 Li-

141 2676 222 2726 bya.
279 2676 405 2722 „Nam
443 2678 802 2729 (Schweighaeuseri

142 2736 226 2769 sunt
263 2733 393 2780 verba)
441 2736 542 2783 quod
579 2736 651 2773 iam
691 2741 803 2775 antea

141 2794 336 2826 monuerat
365 2790 463 2840 (cap.
492 2793 544 2831 39
563 2797 599 2829 et
617 2792 692 2841 42)
722 2806 802 2831 con-

197 2845 409 2882 Hauonovr.
439 2846 485 2883 Il.

861 638 1001 685 tz‘guam
1030 649 1101 674 esse
1128 636 1237 674 Asiae
1270 635 1448 687 Libyam,
1487 635 1526 673 id

860 694 982 731 statim
1004 707 1034 730 c.
1054 693 1108 735 45
1131 694 1261 731 iterum
1280 698 1400 742 urget,
1419 705 1529 730 unam

860 763 930 787 esse
959 753 1164 787 continuam
1195 754 1350 793 terram5
1403 751 1529 800 itaque

859 807 908 844 nil
929 819 1060 845 causae
1081 807 1212 854 fuisse,
1243 820 1306 844 cur
1323 811 1396 845 tres
1417 807 1529 845 veluti

860 864 1054 901 distinctae
1074 868 1111 901 et
1130 876 1151 901 a
1171 877 1210 901 se
1232 864 1383 901 invicem
1404 864 1528 901 seiun-

859 925 941 958 ctae
967 926 1087 958 terrae
1113 922 1403 958 statuerentur.“
1446 919 1529 958 Nec

858 982 984 1015 tamen
1003 977 1071 1014 hac
1093 978 1350 1014 emendatione
1370 990 1463 1027 opus
1475 977 1530 1014 vi-

860 1034 1004 1071 debitur
1023 1034 1233 1084 reputanti,
1264 1034 1382 1070 locum
1406 1047 1449 1071 ex
1472 1046 1530 1081 ea,

860 1102 956 1140 quae
976 1090 1157 1127 Herodoti
1189 1090 1320 1136 suerit,
1354 1091 1529 1140 opinione

862 1147 909 1183 de
956 1146 1194 1183 similitudine
1243 1146 1382 1183 formae
1420 1146 1529 1184 Asiae

860 1206 971 1251 atque
992 1202 1139 1240 Africae
1167 1202 1340 1253 explicari
1369 1202 1527 1249 debere3

860 1259 934 1308 qua
957 1257 1033 1295 scil.
1058 1264 1214 1308 utraque
1236 1263 1334 1297 terra
1355 1260 1444 1296 mari
1460 1259 1528 1296 cir-

859 1316 1019 1352 cumflua
1053 1320 1091 1352 et
1124 1314 1363 1366 paeninsulae
1396 1317 1443 1353 ad
1472 1317 1527 1352 in-

859 1376 934 1409 star
956 1378 1126 1422 porrecta
1147 1372 1413 1422 perhiberetur,
1443 1385 1527 1410 ma-

859 1441 973 1478 reque
998 1428 1159 1466 lndicum
1182 1442 1224 1466 ac
1240 1428 1389 1467 boreale
1409 1430 1527 1479 magis

860 1486 928 1522 sibi
961 1485 1130 1523 vicinum.
1180 1486 1298 1524 Recte
1331 1486 1527 1524 verborum

859 1542 1158 1580 Herodoteorum
1222 1555 1367 1580 sensum
1430 1544 1528 1592 cepit

858 1598 1013 1648 Lange,
1072 1599 1122 1635 sic
1174 1603 1342 1636 vertens:
1401 1600 1527 1646 „Alsa

861 1656 925 1693 hat
964 1668 1048 1692 man
1086 1655 1269 1702 entcleckt,
1312 1655 1397 1693 dass
1434 1657 1527 1694 auch

861 1713 970 1749 Asien
999 1713 1120 1750 ebenso
1145 1712 1343 1761 besclcaffen
1363 1715 1432 1760 ist,
1461 1715 1527 1751 wie

860 1769 1065 1820 Libyen;“
1101 1782 1168 1807 nec
1196 1769 1303 1807 aliter
1322 1770 1399 1808 sere
1419 1770 1529 1816 Miot,

860 1826 1143 1876 itemqueltalus
1161 1827 1419 1877 interpres.-—
1438 1826 1529 1864 Ver-

861 1884 946 1920 bum
967 1881 1212 1933 παρέχεσθαι
1242 1884 1433 1932 (praebere,
1464 1897 1528 1920 ex-

860 1938 997 1991 hibere)
1011 1941 1184 1989 frequens
1193 1938 1335 1984 Nostro
1346 1940 1528 1990 scriptori,

860 2001 901 2034 ut
928 1997 982 2044 Il,
1019 1996 1112 2037 174.
1154 1996 1228 2043 IV,
1267 1996 1334 2038 46.
1364 1997 1429 2038 53.
1460 1999 1513 2039 75

861 2056 927 2096 82.
954 2055 1019 2094 86.
1038 2055 1104 2094 91.
1136 2053 1227 2100 Vll,
1259 2055 1295 2093 6.
1321 2056 1412 2095 161.

918 2108 1024 2161 πλήν
1055 2106 1102 2148 τοὶ
1133 2106 1237 2161 πρός
1263 2106 1402 2160 η’έλιον
1434 2106 1527 2150 ἄνι’-

862 2166 1027 2219 σχοντα]
1063 2167 1084 2205 i.
1105 2180 1137 2204 e.
1157 2170 1295 2216 praeter
1313 2181 1374 2204 eas
1387 2171 1524 2218 partes,

862 2237 951 2275 quae
993 2225 1038 2260 ab
1070 2222 1181 2260 India
1212 2225 1375 2261 orientem
1405 2237 1526 2261 versus

861 2281 1125 2328 extenduntur,
1156 2281 1327 2330 regiones
1352 2281 1425 2318 scil.
1447 2281 1528 2319 He-

860 2340 991 2376 rodoto
1021 2350 1171 2388 prorsus
1198 2338 1427 2387 incognitas,
1467 2339 1529 2388 qui

859 2396 954 2433 ultra
979 2394 1090 2432 lndos
1115 2395 1262 2432 deserta
1287 2407 1369 2433 esse
1392 2395 1527 2432 nemini

857 2452 1005 2502 cognita
1027 2464 1139 2502 supra
1156 2450 1229 2498 IV,
1259 2451 1313 2491 40
1342 2456 1528 2502 posuerat.

857 2531 914 2537 —
953 2504 1090 2559 η’έλιον
1123 2520 1203 2544 cum
1238 2507 1444 2558 Schweigh.
1488 2513 1525 2544 et

859 2566 976 2604 Gaisf.
995 2565 1121 2615 scripsi
1140 2577 1210 2615 pro
1228 2560 1356 2614 ἥλιον.

1058 2622 1090 2659 C
1103 2634 1173 2671 ap.
1204 2620 1319 2658 XLV.

913 2676 1016 2717 Ἡδὲ
1031 2675 1081 2729 δή
1098 2673 1280 2728 Εὐρώπη
1297 2673 1394 2728 πρὸς
1406 2671 1527 2714 ου’δα-

860 2737 949 2788 μῶν
971 2730 1130 2786 φανερή
1150 2732 1231 2772 ἐστι
1252 2730 1527 2784 γινωσκομένη

860 2808 895 2832 x.
916 2807 946 2830 τ.
966 2790 1026 2842 λ.]
1057 2793 1293 2841 Repetuntur
1323 2789 1412 2826 haec
1432 2789 1527 2826 infra

1194 2844 1247 2886 24

1534 470 1668 497 AnFm
1660 480 1715 506 (ψη
1743 475 1801 500 ‹Ji-r

1529 511 1564 529 en
1550 506 1598 529 ῐΙῐΊ
1604 504 1639 529 li*
1683 511 1713 532 et
1756 516 1802 533 sc-

1527 540 1596 571 pten
1579 538 1657 564 niotr

1670 540 1789 567 111111011-
