1863 3256
114 941 174 970 Fun
205 951 262 969 uon

111 976 219 1004 mulos.

436 169 521 208 336

825 171 1294 212 HERODOTI

435 279 556 334 βοῶν
587 277 636 321 τό
674 279 809 323 κόλον
840 279 912 322 διά
943 284 1079 324 ταῦτα
1110 280 1164 324 οὐ
1202 282 1331 337 φύειν
1368 282 1495 337 κέρεα
1524 281 1696 328 αὐτόθι.

409 349 676 404 ν2μαρτυρεέι
707 350 752 393 δέ
783 366 858 404 μοι
881 352 935 406 τῇ
961 351 1114 408 γνώμῃ
1138 350 1333 410 Ὁμήρου
1354 353 1456 404 ἔπος
1479 353 1525 397 ἐν
1550 352 1699 399 Ὀδυσ-

441 421 554 477 σείῃ,
587 420 684 476 ἔχον
715 417 816 463 ὦδε·

475 510 549 544 Καὶ
574 507 740 554 Λιβύην,
777 506 845 542 ὅθι
868 505 909 543 τ’
935 505 1044 554 ἄρνες
1073 507 1178 557 ἄφαρ
1202 512 1330 556 κεραοὶ
1353 511 1558 548 τελέθουσι.

442 588 589 641 ὀρθῶς
620 587 861 641 εἰρημένον,
896 586 944 630 ἐν
965 595 1078 633 τοῖσι
1107 596 1310 646 θερμοῖσι
1333 592 1441 648 ταχύ
1471 594 1763 648 παραγίνε-3ο

413 664 551 702 Βσθαι
580 658 632 700 τὰ
662 656 800 712 κέρεα.
858 658 906 701 ἐν
937 660 982 703 δὲ
1012 666 1125 704 τοῖσι
1155 665 1368 718 ἰσχυροῖσι
1403 664 1558 719 ψύχεσι
1593 664 1622 720 ἦ
1652 663 1706 708 ου’

444 728 548 784 φύει
577 727 705 782 κέρεα
733 728 784 771 τό.
816 729 973 786 κτήνεα
1004 730 1165 788 ἀρχήν,

1211 735 1239 788 ἢ
1278 733 1453 790 φύοντα
1491 735 1595 791 φύει
1633 737 1708 792 μό-

443 816 523 855 γις.
565 799 758 842 ἐνθαῦτα
787 800 866 854 μέν
895 818 981 844 νυν
1012 802 1084 844 διὰ
1113 802 1164 845 τὰ
1195 803 1335 859 ψύχεα
1363 807 1528 860 γίνεται
1557 811 1707 850 ταῦτα.

317 877 382 920 30
445 869 670 925 Θωυμοίζω
701 869 768 920 δὲ,
810 871 1095 927 (προσθήκας
1136 873 1218 928 γὰρ
1251 875 1305 930 δή
1338 892 1411 930 μοι
1452 876 1476 919 ὁ
1507 877 1639 932 λόγος
1667 879 1709 930 ἐξ

289 941 387 976 &⁵13⁰st
444 941 576 998 ἀρχῆς
614 940 830 997 wlffino.)
872 941 938 985 ὅτι
978 943 1024 986 ἐν
1063 947 1116 1000 τῇ
1151 943 1294 1001 Ἠλείῃ
1335 945 1451 1002 πάσῃ
1493 946 1611 1003 χώρῃ
1652 947 1706 991 οὐ
1772 964 1855 1007 294

444 1013 649 1056 δυνέαται
678 1014 879 1068 γίνεσθαι
910 1013 1108 1069 ἡμίονοι,
1141 1015 1242 1059 οὔτε
1263 1020 1438 1072 ψυχροῦ
1463 1022 1543 1061 τοῦ
1563 1017 1765 1074 χώρου36

416 1083 614 1135 Ξέὀυτος,
649 1082 750 1128 οὔτε
781 1084 917 1129 ἄλλου
947 1090 1144 1143 φανεροῦ
1175 1088 1318 1130 αἰτίου
1350 1085 1541 1140 οὐδενός.
1601 1089 1709 1145 φασὶ

582 1276 695 1327 Cap.
724 1277 858 1316 XXIX.

446 1330 488 1372 τό
513 1329 652 1387 κόλον]
712 1335 960 1383 „Eustathius
998 1337 1049 1374 ait

390 1386 512 1430 κόλον
540 1391 664 1429 [onum
688 1405 768 1430 esse
806 1397 843 1430 et
874 1395 1050 1443 κυριολε-

391 1461 455 1486 κτε
461 1451 575 1485 ῖσθαι
594 1449 640 1485 de
664 1449 836 1486 arietibus
863 1454 900 1487 et
919 1450 1048 1496 bobus,

390 1505 558 1541 cornibus
580 1505 743 1551 defectis,
767 1507 813 1542 ad
831 1506 932 1542 lliad.
953 1502 991 1544 π’
1011 1519 1047 1555 p.

394 1560 515 1605 1049,
536 1562 586 1600 17
605 1575 632 1597 S·
658 1563 779 1609 1062,
803 1564 869 1601 30,
900 1563 1049 1612 Oppor-

343 1661 345 1665 .
391 1620 478 1653 tune
500 1616 744 1666 Hippocrates
764 1618 811 1655 de
834 1619 1051 1667 Scytharum

392 1672 575 1709 curribus:
579 1670 665 1719 τοὶς
687 1671 729 1711 ὁὲ
752 1670 904 1724 ἁμάξας
919 1674 1052 1714 ε’λκου-
1060 1687 1065 1691 ’

394 1741 432 1767 σι
434 1725 588 1795 ζεύγεα
608 1730 783 1780 -βοων
802 1729 927 1782 κέρως
941 1728 1049 1800 α’τερ·

394 1799 442 1824 ου
462 1800 535 1837 γαρ
558 1785 690 1836 ε’χουσι
706 1785 849 1839 κε’ρατα
868 1803 947 1828 υπο
971 1784 1052 1838 ψύ-

393 1855 502 1892 χεος,
538 1842 596 1880 De
616 1855 690 1880 aer.
712 1856 771 1893 aq.
797 1848 837 1881 et
855 1844 942 1882 loce
963 1857 1050 1895 pag.

393 1900 471 1940 291
518 1897 572 1950 [ξ.
599 1901 653 1940 93
679 1899 827 1949 Cor.].“
874 1900 1052 1938 Wesse-

393 1954 512 2003 ling.
542 1956 708 2005 Respicit
721 1956 934 1995 Herodotea
954 1958 1052 1994 idem

391 2010 559 2048 Eustath.
591 2012 640 2048 ad
661 2012 796 2061 Odyss.
819 2027 904 2064 pag.
933 2013 1053 2060 1485,

396 2069 448 2108 10
470 2080 498 2105 s.
527 2067 619 2114 152,
653 2068 720 2109 35.
779 2070 886 2113 Quae
917 2070 1052 2107 Strabo

393 2123 532 2172 profert
555 2124 622 2161 VH
655 2138 690 2174 p.
723 2128 805 2167 307
836 2139 864 2162 s.
893 2126 971 2167 471
996 2127 1052 2174 C.,

395 2192 437 2216 ex
452 2180 675 2217 Herodoteis
692 2182 838 2220 fluxisse
859 2189 955 2221 recte
976 2196 1054 2219 mo-

395 2240 457 2272 net
472 2236 644 2274 Valcken.
676 2238 785 2275 Italus
803 2238 985 2276 Herodoti
998 2239 1053 2276 in-

393 2294 536 2341 terpres
558 2294 716 2343 itemque
738 2295 876 2332 Comes
897 2297 943 2333 ad
958 2296 1053 2346 Hip-

393 2348 532 2397 pocr.l.
564 2351 774 2387 recentioris
802 2353 1054 2400 peregrinato-

394 2403 464 2450 ris,
496 2403 637 2452 Pallas,
668 2407 774 2443 affert
795 2409 1053 2454 testimonium,

397 2459 576 2509 hodieque
596 2475 660 2512 per
671 2462 865 2501 Tartariae
885 2465 1052 2513 regiones

398 2516 548 2553 inveniri
596 2517 683 2555 alias
724 2531 871 2568 quoque
908 2521 1055 2567 bestias,

398 2573 579 2610 cornubus
603 2579 780 2620 carenteS‚
803 2589 835 2611 v.
861 2590 889 2613 c.
911 2590 1054 2627 capros,

399 2629 542 2666 arietes.

457 2683 664 2751 μαρτυρέει
687 2684 730 2724 δέ
753 2701 820 2736 μοι
840 2702 886 2741 τῃ
916 2683 1054 2741 γιώμῃ

399 2736 576 2794 Ὁμηρου
610 2741 716 2793 ε’πος]
756 2744 906 2781 Retinui
932 2741 1016 2780 'mlo
992 2757 1058 2793 εις-3

400 2801 497 2845 tam,
528 2798 699 2846 Medicei‚
728 2799 941 2849 Florentini,
967 2801 1056 2838 alio-

1106 1291 1182 1314 rum
1199 1278 1414 1317 auctoritate
1435 1280 1623 1318 firmatam.
1667 1279 1764 1319 Nam

1106 1348 1173 1385 pro
1193 1334 1234 1374 δέ
1260 1350 1328 1386 μοι
1352 1343 1591 1386 reposuerant
1617 1335 1660 1376 δέ
1687 1353 1764 1387 μου

1107 1397 1142 1428 et
1193 1397 1277 1430 ante
1312 1387 1487 1443 Ὁμήρου
1538 1395 1767 1432 inseruerant

1106 1448 1194 1494 καί,
1244 1454 1436 1498 utrumque
1474 1463 1517 1487 ex
1555 1450 1689 1488 Aldina
1731 1455 1767 1488 et

1106 1506 1291 1542 Sancrosti
1309 1506 1410 1542 libro.
1432 1527 1488 1532 —
1517 1506 1668 1544 Homeri
1684 1519 1767 1544 ver-

1106 1574 1179 1606 sus,
1202 1561 1262 1609 qui
1283 1563 1424 1608 citatur,
1448 1567 1566 1599 exstat
1585 1563 1619 1599 in
1631 1564 1765 1613 Odyss-

1105 1618 1170 1663 IV,
1194 1618 1258 1658 85.
1297 1618 1356 1655 Tu
1378 1619 1474 1655 conf.
1497 1623 1593 1656 nott.
1618 1619 1666 1656 ad
1689 1619 1766 1658 He-

1106 1674 1226 1710 rodot.
1250 1673 1295 1720 II,
1323 1676 1412 1715 116.

1166 1726 1276 1781 ἄφαρ
1335 1729 1471 1780 κεραοὶ
1533 1728 1766 1782 τελέθουσι]

1108 1785 1334 1824 Scholiastae
1360 1788 1548 1825 Homerici
1586 1789 1767 1838 interpre-

1108 1843 1302 1880 tationem:
1332 1842 1475 1894 ταχέως
1497 1845 1768 1895 κερατοφυοῦ-

1110 1910 1149 1937 σι
1173 1895 1238 1937 δια>
1256 1896 1330 1949 τήν
1349 1896 1572 1951 θερμότητα
1590 1914 1668 1938 cum
1689 1900 1767 1938 He-

1109 1955 1240 1991 rodoto
1259 1957 1451 1994 convenire
1464 1963 1589 1995 monet
1599 1956 1767 1994 Nitzseh.

1109 2012 1145 2048 in
1170 2017 1259 2049 nott.
1279 2013 1326 2049 ad
1351 2013 1504 2050 Homeri
1531 2013 1553 2050 1.
1574 2013 1596 2049 l.
1616 2027 1651 2063 p.
1671 2012 1766 2053 241.

1109 2067 1162 2105 Ae
1181 2081 1269 2106 sane
1287 2070 1434 2120 saepius
1454 2070 1767 2119 apulHomerum

1109 2124 1288 2162 iuvenitur
1311 2123 1420 2178 ἄφαρ
1442 2128 1531 2174 cito,
1563 2126 1728 2164 celeriter.

1307 2216 1338 2253 C
1349 2228 1414 2267 ap.
1451 2215 1568 2253 XXX.

1166 2290 1404 2345 προσθήκας
1421 2316 1476 2321 --
1495 2292 1660 2343 ἐδίζητο]
1693 2292 1768 2332 ἐδί-

1113 2350 1200 2400 ζητο
1235 2365 1301 2401 pro
1330 2350 1472 2398 ἐδίζετο
1511 2351 1654 2388 exhibui
1686 2363 1767 2387 cum

1111 2412 1264 2444 recentt.
1282 2408 1368 2444 edd.
1400 2407 1456 2443 Cf.
1477 2406 1506 2453 l,
1527 2406 1590 2446 65.
1623 2406 1662 2442 1η
1682 2407 1768 2455 qui-

1111 2463 1262 2500 busdam
1297 2463 1395 2499 libris
1441 2468 1559 2500 exstat
1596 2459 1769 2513 ἐζήτησε,

1113 2532 1207 2568 quae
1228 2519 1395 2567 vuigatae
1414 2519 1576 2556 lectionis
1597 2526 1650 2556 est
1670 2519 1769 2568 glos-

1113 2588 1165 2613 sa.
1197 2571 1435 2625 προσθήκας
1454 2576 1652 2612 additiones
1675 2575 1769 2613 aeci-

1113 2633 1174 2681 pio
1211 2632 1464 2680 digressiones,
1523 2633 1653 2681 quibus
1688 2631 1769 2669 No-

1115 2693 1227 2725 strum
1252 2689 1356 2726 valde
1379 2688 1554 2726 delectari
1573 2701 1679 2726 nemo
1703 2700 1768 2725 ne-

1115 2746 1191 2781 scit.
1234 2745 1341 2781 Conf.
1374 2749 1464 2782 nott.
1489 2745 1536 2783 ad
1560 2745 1588 2792 l,
1615 2747 1668 2785 23
1689 2743 1768 2781 coll.

1115 2801 1179 2847 ΙΙΙ,
1197 2803 1262 2841 60.
1295 2801 1355 2849 lv,
1379 2804 1470 2842 167.
