1863 3256
185 275 270 316 654
659 272 1214 313 EXCURSUSV

187 398 338 435 mosque
355 399 421 436 per
438 384 561 424 Asiam
584 392 697 425 artem
726 387 943 424 metallorum
964 383 1240 432 effodiendorum
1261 385 1464 423 exercuisse
1480 385 1616 431 videri3
1653 390 1694 422 ut

188 455 293 491 huius
316 454 381 491 viri
405 454 499 492 docti
520 455 652 492 iudicio
672 455 903 504 Gryphoruni
923 463 1051 488 aurum
1072 450 1207 488 nullum
1228 450 1325 488 aliud
1345 452 1542 490 existimari
1562 453 1695 491 debeat

188 522 259 559 nisi
287 534 413 559 aurum
442 535 463 559 e
494 523 645 561 metallis
665 535 693 558 s.
712 521 847 558 fodinis
867 518 1096 569 acquisitum.
1141 519 1247 562 Quae
1269 533 1358 568 gens
1379 522 1533 560 maxime
1554 524 1695 559 remota

184 593 374 641 minusque
395 592 540 641 cognita
559 603 637 627 cum
656 588 780 634 suerit,
809 588 958 633 sactum,
989 591 1040 634 ut,
1069 599 1164 635 quae
1185 587 1230 624 de
1255 587 1322 624 hac
1346 592 1459 636 gente
1475 590 1565 626 mira
1585 601 1693 640 prae-

184 660 412 704 dicarentur,
443 671 523 695 cum
551 656 671 694 sabula
700 656 747 692 de
771 656 829 692 avi
851 655 1004 705 Grypho
1030 666 1115 691 mox
1144 655 1454 693 confunderentur
1476 660 1511 694 et
1532 657 1569 693 in
1587 667 1694 693 unam

184 726 337 764 eandem
365 726 469 775 quasi
500 723 742 760 coalescerent
768 722 926 759 fabulam
940 724 990 768 Ὀ.
1057 722 1110 759 Ac
1140 735 1229 760 sane
1260 735 1367 771 quam
1389 724 1544 761 maxime
1565 728 1692 761 tenen—

186 795 293 840 dum,
330 794 376 830 de
403 793 445 829 iis
477 791 534 827 hic
565 791 626 838 agi
657 791 783 836 terris,
813 801 908 838 quae
935 789 1137 826 fabularum
1169 803 1235 839 per
1263 804 1406 828 omnem
1427 793 1502 829 sere
1520 792 1695 828 orientem

187 873 393 912 sparsarum
422 858 554 895 suerint
579 858 822 895 feracissimae
847 858 1014 907 adeoque
1032 861 1226 907 parenteS‚
1256 859 1376 905 unde,
1406 873 1501 908 quae
1525 859 1562 895 in
1585 859 1696 896 Indo-

186 941 266 965 rum
295 927 561 973 Persarumque
588 925 721 973 mythis
751 925 998 975 reperiantur,
1032 924 1208 974 pleraque
1233 926 1304 961 sint
1333 927 1542 976 repetenda.
1599 926 1695 963 Nam

187 994 310 1032 sabula
333 994 380 1030 de
400 992 561 1042 Gryphis
582 993 630 1029 ad
659 993 808 1030 easdem
829 992 937 1029 Asiae
958 993 1126 1040 regiones
1155 993 1371 1042 pertinebit,
1406 995 1453 1030 ad
1477 1005 1566 1042 quas
1591 989 1696 1030 fabu-

187 1062 258 1098 lam
278 1061 324 1097 de
345 1060 500 1097 formicis
523 1059 596 1105 111,
629 1062 708 1101 102
735 1060 971 1109 relegandam
997 1060 1225 1106 censuimus,
1255 1060 1302 1096 ad
1329 1060 1407 1097 loca
1433 1062 1502 1099 ista
1529 1063 1697 1100 sabulosa

187 1128 437 1176 montiumque
467 1128 575 1176 iuga,
605 1140 700 1177 quae
734 1141 777 1165 ex
797 1128 989 1165 Persarum
1017 1128 1242 1176 aliarumque
1263 1129 1413 1166 orientis
1435 1131 1595 1177 gentium
1617 1130 1697 1181 opi-

187 1197 297 1233 nione
317 1199 493 1233 terrarum
512 1197 638 1233 orbem
661 1196 830 1234 claudere
851 1200 888 1233 et
908 1195 1011 1245 quasi
1032 1195 1297 1233 conterminare
1317 1198 1551 1247 putabantur.
1591 1198 1698 1235 Conf.

186 1263 349 1301 Heeren.
380 1262 491 1300 Ideen
524 1263 562 1310 1,
597 1266 615 1302 1
648 1277 685 1314 p·
713 1266 766 1304 93
796 1277 898 1313 seqq.
930 1263 1022 1303 342.
1054 1264 1091 1311 Ι,
1123 1266 1149 1304 2
1176 1278 1212 1314 p-
1231 1266 1313 1305 286
1336 1278 1439 1315 seqq.
1466 1265 1543 1304 coll.
1564 1266 1698 1304 Ritter.

186 1330 359 1368 Vorhalle
387 1335 454 1367 etc.
485 1342 568 1380 pag.
591 1333 674 1372 226
703 1344 780 1381 seq.
828 1332 920 1370 Inde
939 1331 988 1368 nil
1005 1331 1157 1378 mirum,
1187 1331 1222 1368 in
1246 1333 1435 1370 ruderibus
1459 1333 1700 1384 Persepolita-

186 1398 242 1435 nis
263 1398 457 1448 Gryphum
485 1410 588 1435 avem
621 1399 804 1450 hodieque
833 1403 1145 1450 repraesentatam
1173 1400 1355 1449 conspici,
1385 1403 1528 1450 qualem
1553 1401 1698 1439 Ctesias

186 1465 209 1502 l.
242 1465 266 1502 l.
291 1465 504 1515 descripsit,
534 1465 717 1505 indicante
736 1468 896 1506 Heeren.
922 1467 945 1504 l.
970 1467 1046 1513 1.1,
1080 1468 1097 1504 1
1130 1480 1167 1516 p.
1188 1468 1282 1507 239.
1322 1467 1560 1517 Maltebrun.‚
1591 1482 1700 1518 quem

187 1531 347 1570 fabulam
383 1533 430 1569 de
466 1532 622 1569 formicis
657 1548 775 1585 aeque
806 1549 848 1573 ac
885 1537 932 1573 de
965 1533 1116 1584 gryphis
1153 1535 1336 1583 copiosius
1377 1540 1556 1574 tractasse
1593 1549 1702 1588 supra

189 1599 366 1644 diximus,
406 1600 453 1637 de
474 1601 623 1650 gryphis
653 1602 758 1640 aliter
779 1616 928 1653 prorsus
957 1602 1085 1638 statuit
1115 1601 1312 1646 (Nouvell.
1339 1601 1480 1641 Annall.
1501 1606 1537 1642 d.
1560 1603 1700 1653 Voyag.

192 1667 225 1703 11
245 1679 332 1717 pag.
351 1669 432 1707 380
449 1668 584 1716 seqq).
622 1668 793 1720 Namque
811 1672 846 1708 in
864 1670 1071 1716 montibus,
1101 1669 1162 1705 ubi
1181 1668 1260 1705 Indi
1278 1670 1376 1707 fluvii
1395 1673 1466 1709 sint
1484 1671 1608 1711 fontes
1626 1685 1704 1711 me-

192 1734 354 1783 tallaque
373 1747 496 1782 aurea,
524 1736 661 1785 aquilas
679 1751 825 1788 quoque
845 1739 955 1776 fuisse
977 1740 1079 1787 putat
1090 1735 1322 1786 vulturesque
1345 1740 1501 1777 enormis
1519 1741 1704 1790 magnitu-

194 1803 309 1849 dinis;
334 1802 443 1839 Indos
461 1815 546 1840 vero
565 1803 743 1851 homines,
765 1807 826 1856 qui
839 1807 874 1843 in
890 1806 945 1843 his
965 1803 1119 1843 metallis
1137 1817 1229 1854 opus
1248 1806 1420 1854 facerent,
1447 1808 1562 1846 multa
1583 1809 1630 1847 de
1645 1808 1702 1845 his

193 1870 321 1907 avibus
337 1883 524 1908 enarrasse
541 1872 743 1922 mirumque
760 1876 797 1912 in
813 1875 958 1911 modum
973 1885 1237 1922 exaggerasse3
1272 1887 1356 1911 mox
1377 1876 1509 1913 additis
1530 1876 1585 1923 iis,
1608 1888 1703 1926 quae

195 1939 244 1976 de
265 1938 433 1988 periculis
454 1939 638 1978 hominum
657 1942 693 1978 in
714 1942 781 1979 illis
803 1943 956 1980 metallis
976 1943 1216 1980 laborantium
1238 1944 1314 1980 sive
1332 1956 1398 1992 per
1417 1944 1561 1981 deserta
1578 1943 1613 1981 T
1616 1943 1704 1981 ibeti

193 2018 329 2056 parvae
358 2018 400 2044 ac
414 2007 618 2047 Buehariae
649 2011 954 2060 proficiscentium
974 2012 1020 2049 ab
1038 2010 1116 2047 istis
1140 2012 1227 2061 ipsis
1249 2011 1360 2048 beluis
1381 2012 1571 2049 ferrentur.
1622 2011 1706 2049 No-

194 2077 269 2110 stra
291 2074 384 2111 adeo
409 2077 582 2114 memoria
607 2079 643 2114 in
663 2079 828 2117 Siberiae
858 2078 982 2116 insulis
1003 2079 1077 2116 avis
1107 2080 1291 2116 cuiusdam
1315 2079 1471 2128 ingentis
1493 2091 1578 2118 ossa
1601 2080 1705 2117 dete-

195 2145 254 2178 cta
282 2153 385 2188 esse;
424 2155 531 2192 quam
562 2145 646 2183 olim
677 2159 825 2196 quoque
853 2148 888 2183 in
909 2148 999 2184 Imai
1028 2147 1212 2184 montibus
1236 2147 1434 2194 exstitisse,
1476 2147 1564 2184 nihil
1595 2147 1707 2184 abso-

194 2221 291 2245 num.
342 2209 467 2247 Linkii
498 2215 718 2251 sententiam
749 2213 918 2265 (Urwelt
937 2228 1022 2265 pag.
1045 2216 1176 2263 259),
1214 2216 1285 2265 qua
1309 2215 1465 2252 fabulam
1492 2216 1539 2253 de
1557 2215 1705 2265 gryphis

195 2288 276 2312 cum
306 2277 427 2314 fabula
449 2278 497 2317 de
523 2281 680 2320 formicis
696 2287 782 2333 post
805 2284 992 2321 confusam
1018 2296 1238 2333 omnemque
1263 2284 1300 2320 in
1324 2283 1451 2321 Indiae
1473 2287 1592 2320 terras
1614 2282 1706 2320 rele-

220 2448 222 2450 ν
288 2439 369 2472 pag.
394 2430 493 2472 589.)
528 2430 686 2464 Vfflcker.
716 2430 736 2463 Ι.
762 2432 783 2464 Ι.
818 2443 896 2476 pag.
925 2432 1012 2474 189,
1047 2443 1135 2476 quae
1161 2430 1358 2464 Herodotus
1393 2429 1509 2463 tradat
1543 2430 1586 2463 dc
1611 2430 1704 2475 Gry-

289 2485 366 2529 phis
391 2485 621 2530 Arimaspisve
649 2499 832 2533 eorumque
866 2500 971 2529 auro,
1015 2499 1056 2522 ea
1087 2488 1250 2522 historico
1286 2486 1505 2520 fundamento
1538 2487 1636 2521 inniti
1672 2491 1708 2522 et

288 2540 363 2575 veri
383 2541 463 2586 quid
490 2543 664 2576 continere
688 2550 804 2586 ratus,
827 2547 912 2580 lianc
936 2552 1063 2580 terram
1087 2546 1130 2578 ab
1154 2545 1206 2578 his
1229 2544 1389 2588 gentibus
1408 2543 1590 2585 incultam,
1616 2543 1707 2578 auri-

289 2601 415 2642 feram,
441 2600 529 2633 unde
553 2611 668 2633 aurum
694 2601 736 2633 ad
763 2602 918 2635 Graecos
944 2602 1105 2636 Ponticos
1131 2602 1267 2635 allatum
1292 2600 1417 2642 fuerit,
1442 2600 1476 2634 in
1500 2601 1582 2635 Asia
1605 2613 1707 2648 supe-

290 2657 373 2692 riori
398 2657 492 2691 circa
515 2661 644 2691 montes
667 2657 754 2690 Altai
781 2659 898 2702 quaeri
924 2659 1008 2692 vult.

248 2727 281 2770 ·)
306 2727 394 2760 Hinc
419 2726 510 2760 Mela
534 2725 588 2766 11,
616 2727 652 2765 1,
679 2727 738 2759 11:
772 2746 816 2750 —
864 2731 942 2768 „est
967 2726 1062 2770 regio
1087 2726 1168 2759 ditis
1193 2725 1369 2759 admodum
1395 2726 1476 2767 soli,
1500 2725 1707 2760 inhabitabi-

291 2783 332 2816 lis
365 2787 493 2816 tamen:
535 2783 614 2827 quia
643 2781 781 2827 Gryphi
814 2794 949 2816 saevum
985 2795 1025 2817 ac
1056 2783 1214 2827 pertinax
1248 2784 1394 2817 serarum
1427 2794 1558 2827 genuS,
1591 2794 1707 2816 aurum

291 2845 384 2873 terra
414 2839 548 2885 penitus
581 2845 733 2885 egestum
765 2840 849 2874 mire
879 2846 993 2875 amant
1024 2841 1176 2884 mireque
1206 2841 1401 2875 custodiunt
1427 2846 1462 2874 et
1487 2845 1565 2874 sunt
1593 2839 1710 2873 infesti

294 2896 580 2941 attingentibus.“
