1863 3256
63 351 141 378 hunc
164 350 272 378 tertius
291 351 338 378 tu-

64 386 195 411 mutunus
230 389 259 411 et
291 392 339 410 ea-

62 417 201 450 hulmus,
224 425 241 444 a
257 417 338 444 'rhe-

62 450 106 477 bis
126 459 218 484 usquo
233 451 271 477 ad
289 459 338 478 co-

80 484 195 510 lumnas
208 485 322 511 nercu-

150 518 241 545 coliefl
268 519 338 545 salis

62 551 206 577 donorum
223 552 339 579 dicrum

62 584 171 611 itinere
183 585 339 619 distanth

62 627 186 651 ‹pion-nin
210 620 338 646 vertices

62 652 249 679 eiaculantur
265 661 338 679 cea-

63 685 91 710 le
107 693 232 720 aquarn:
252 687 339 722 primi

63 719 100 747 ab
118 721 253 756 Aegypto
270 723 335 749 Am-

62 518 117 543 lis:

391 239 476 280 598

338 842 538 880 directione
572 842 618 878 ab
655 842 843 880 occidente
875 843 994 880 orien-

337 902 414 936 tem
433 911 556 935 versus
578 911 694 947 usque
714 899 761 935 ad
782 898 996 949 Elephanti-

337 967 423 1000 nen,
443 955 503 991 ubi
520 954 726 1004 Aegyptum
744 956 866 1001 intrat,
891 968 997 992 cursu

337 1012 389 1048 ita
408 1014 546 1047 mutato
560 1040 569 1057 ‚
599 1016 638 1047 ut
659 1016 756 1048 recta
775 1012 995 1062 septentrio-

336 1079 421 1104 nem
459 1067 598 1104 tendat.
653 1066 713 1104 De
751 1080 823 1116 qua
863 1068 997 1117 triplici

336 1122 481 1171 Libyae
504 1123 705 1170 divisione,
750 1136 858 1173 quarn
887 1136 997 1173 supra

339 1179 413 1216 iam
430 1179 615 1228 attigimus
634 1181 682 1216 ad
704 1179 748 1227 ΙΙ,
778 1182 832 1221 32
860 1194 896 1231 p.
916 1180 997 1220 546

339 1236 435 1274 conf.
462 1241 655 1286 praeterea
671 1236 942 1274 Schiichthorst.
962 1251 997 1286 p.

340 1293 366 1331 8
389 1305 467 1341 seq.
512 1291 689 1330 Niebuhr.
709 1293 832 1329 Verm.
854 1294 999 1330 Sehrift.

339 1348 357 1385 l
381 1362 418 1398 p.
442 1346 534 1388 144.
585 1349 704 1386 {delet
730 1349 766 1385 in
783 1349 998 1398 Fundgrub.

343 1405 380 1441 d.
393 1404 533 1440 Orient.
551 1404 600 1441 lV
614 1418 651 1454 p.
664 1403 758 1445 394.
785 1406 890 1448 Quae
906 1405 1001 1442 ultra

293 1492 295 1497 Α
341 1461 486 1497 deserta
507 1461 646 1498 Sahara
665 1462 908 1498 extenduntur
927 1466 1001 1498 ter-

340 1529 428 1562 rae,
459 1518 590 1553 easrad
607 1516 763 1565 Libyam
786 1518 1001 1554 Herodotus

342 1574 402 1609 vix
420 1573 556 1609 referre
574 1573 738 1619 videtur,
771 1574 834 1622 qui
860 1574 889 1610 si
914 1574 1003 1623 quid

342 1629 491 1665 omnino
526 1629 573 1666 de
607 1628 662 1665 his
690 1635 911 1679 compertum
940 1630 1004 1666 ha-

341 1685 481 1731 buerit,
511 1686 559 1721 ad
580 1684 812 1736 Aethiopiam
831 1687 968 1723 retulit.

399 1735 534 1792 ὀφρύη
552 1737 724 1792 ψάμμης
737 1737 911 1792 κατήκει]
932 1743 954 1780 i.
970 1755 1001 1779 e.

341 1810 453 1846 supra
478 1797 617 1848 Libyae
641 1802 793 1836 tractum
814 1800 1003 1836 belluosum

338 1855 542 1905 porrigitur
582 1856 806 1903 supercilium
844 1856 900 1903 (s.
929 1860 1005 1892 tra-

345 1915 426 1946 ctus
442 1939 451 1957 ,
493 1911 676 1960 tumulus)
721 1926 928 1959 termimum,
980 1924 1005 1947 a

349 1966 478 2004 Thebis
499 1970 727 2018 Aegyptiacis
750 1969 799 2005 ad
826 1970 1005 2006 columnas

345 2022 544 2062 Herculeas
597 2027 787 2072 pertinens.
861 2026 1004 2062 Eodem

345 2092 457 2116 sensu
498 2075 633 2130 ὀφρύη
671 2081 743 2129 IV,
783 2084 874 2123 182.
912 2081 1004 2121 185.

343 2137 455 2186 Apud
475 2136 602 2185 Polyb.
625 2138 688 2184 ΙΙΙ,
712 2141 777 2178 71.
811 2133 942 2188 ὀφρύς
965 2137 1007 2174 (le

345 2192 418 2229 loco
441 2192 553 2236 echte,-
594 2193 698 2243 plum
726 2195 798 2231 vid.
829 2195 864 2231 in
884 2195 1006 2232 Lexic.

344 2248 552 2298 Polybi-dno
584 2263 620 2299 p.
647 2250 740 2290 418.
791 2251 886 2288 Hinc
908 2251 1008 2288 Hee-

346 2317 423 2342 ren.
447 2305 467 2341 l.
489 2306 510 2342 Ι.
534 2305 589 2352 ΙΙ,
618 2309 635 2346 1
664 2320 699 2356 p.
723 2309 746 2347 9
768 2308 908 2344 reddit:
952 2309 1010 2344 ein

349 2358 589 2405 Samum-iulg
628 2362 707 2400 coli.
729 2364 864 2401 Ritter.
895 2364 1009 2401 Erdk.

348 2416 363 2453 l
388 2429 423 2465 p.
452 2420 570 2457 1002.
611 2418 765 2456 Deserta
786 2420 933 2457 Sahara
953 2421 1009 2457 in-

347 2472 459 2509 dicari
485 2474 621 2509 dudum
643 2477 782 2512 monuit
800 2476 954 2514 Rennel.
972 2490 1008 2526 p.

349 2527 458 2574 571,
500 2531 680 2566 nonnullis
710 2533 882 2568 distincta
914 2534 1011 2569 oasi-

348 2584 429 2630 bus,
452 2586 488 2621 in
509 2586 638 2633 quibus
662 2589 838 2625 nomades
851 2602 931 2625 cum
952 2602 1010 2625 ar-

347 2642 481 2677 mentis
499 2646 700 2678 versentur.
733 2644 828 2679 Add.
851 2645 1008 2681 liecrcn.

346 2695 369 2733 Ι.
390 2697 412 2733 Ι.
454 2697 571 2735 ldeler
595 2699 631 2735 in
653 2699 818 2747 Fundgr.
851 2701 897 2736 lv
920 2713 1008 2750 pag.

347 2752 430 2793 394
453 2767 530 2802 seq.

405 2805 495 2856 οἷλὸς
512 2809 592 2848 ἐστι
611 2805 766 2863 τρύφεα
786 2808 886 2849 κατα
911 2808 1003 2861 χόν-

347 2864 466 2914 δρους
499 2862 693 2917 μεγάλους
714 2867 757 2907 ἐν
777 2869 1002 2918 κολωνοῖσι]

787 235 1254 277 HERODOTI

396 344 543 404 ὀφρύη
572 346 748 403 ψάμμης
777 345 970 398 κατήκει,
1001 346 1325 398 παρατείνουσα
1354 345 1438 390 ἀπὸ
1474 346 1651 403 Θηβέων

365 422 484 461 Ξτῶν
513 418 784 473 Αἰγυπτιέων
822 415 889 458 ἐπὶ
919 412 1181 472 ἹΙρακληΐας
1218 417 1385 472 στήλας.
1441 418 1488 461 ἐν
1522 418 1567 461 δὲ
1599 421 1708 474 τῇόο

396 488 544 545 ὀφρύῃ
602 487 736 542 ταύτῃ
782 483 964 541 μάλιστα
1015 486 1088 529 διὰ
1136 486 1239 530 δέκα
1291 486 1486 543 ἡμερέων
1527 487 1652 540 ὁδοῦ,

397 558 501 610 ἁλός
539 558 627 601 ἐστι
665 556 833 612 τρύφεα
870 557 979 600 κατὰ
1009 557 1226 612 χόνδρους
1259 559 1474 614 μεγάλους
1507 560 1554 602 ἐν
1583 576 1653 602 κο-

394 634 589 673 λωνοῖσι·
646 627 720 670 καὶ
765 627 812 671 ἐν
852 633 1076 686 κορυφῇσι
1113 627 1299 672 ἑκάστου
1336 633 1418 673 τοῦ
1455 633 1655 674 κολωνοῦ

396 699 660 751 ἀνακοντίζει
694 698 742 742 ἐκ
779 697 916 754 μέσου
955 705 1037 744 τοῦ
1077 698 1179 752 ἁλὸς
1212 700 1334 757 ὕδωρ
1376 699 1548 757 ψυχρόν
1577 701 1651 744 καὶ
1718 702 1798 742 361

1051 843 1075 880 i.
1098 856 1129 881 e.
1151 843 1238 879 salis
1248 841 1374 892 frusta
1401 848 1481 881 sunt
1509 845 1711 893 ingentibus

1052 902 1190 948 grumis
1214 901 1252 935 ιίι
1274 900 1429 937 collibus.
1467 901 1522 937 Ita
1541 901 1710 950 Schwgh.

1053 957 1263 1006 Stephanus
1295 957 1331 992 in
1363 969 1427 992 ora
1448 957 1630 995 Herodoti
1657 957 1712 994 sui

1053 1013 1289 1062 appinxerat:
1334 1011 1459 1062 frusta
1488 1014 1576 1050 salis
1603 1014 1715 1050 veluti

1053 1071 1176 1117 grumi
1213 1071 1357 1116 magni,
1395 1070 1448 1106 ita
1475 1074 1515 1106 ut
1542 1066 1641 1108 κατοῖ
1667 1070 1715 1106 si-

1054 1125 1266 1163 militudinis
1285 1125 1524 1173 significatum
1542 1130 1714 1173 assumat,

1054 1186 1093 1218 ut
1116 1181 1162 1228 ΙΙ,
1194 1184 1257 1221 10.
1288 1181 1351 1229 lv,
1372 1184 1437 1222 23.
1470 1178 1644 1233 χόνδροι,
1673 1187 1714 1219 ut

1056 1237 1126 1284 lv,
1161 1236 1259 1284 185,
1290 1238 1336 1275 de
1367 1239 1492 1287 quavis
1521 1252 1642 1276 massa
1661 1239 1716 1275 di·

1057 1299 1189 1332 cuntur
1208 1295 1341 1342 exigua
1359 1307 1402 1332 ac
1422 1296 1594 1342 rotunda,
1626 1308 1716 1344 gra-

1055 1363 1162 1396 num,
1200 1363 1370 1399 grumum
1410 1353 1505 1389 conf.
1531 1352 1715 1402 Aristoph.

1057 1406 1214 1443 Acharn.
1237 1408 1315 1447 541
1337 1407 1438 1454 (486
1459 1407 1610 1457 Both.),
1654 1408 1716 1445 ubi

1057 1458 1225 1514 χόνδρου
1276 1459 1377 1509 ἁλός.
1436 1463 1716 1501 Accuratissime

1059 1524 1180 1558 autem
1201 1532 1267 1566 ea,
1299 1532 1393 1568 quae
1414 1520 1482 1556 hoc
1502 1520 1582 1558 loco
1604 1521 1719 1557 tradi-

1058 1576 1112 1613 dit
1132 1575 1367 1622 Herodotus‚
1404 1588 1482 1612 cum
1516 1577 1559 1613 iis
1587 1589 1719 1614 conve-

1057 1632 1182 1678 niunt,
1231 1644 1325 1680 quae
1363 1634 1558 1670 recentiori
1597 1637 1720 1671 aetate

1058 1689 1187 1725 iisdem
1235 1688 1272 1724 in
1319 1689 1530 1737 regionibus
1581 1690 1721 1727 invenit

1058 1745 1336 1791 Hornemann.‚
1378 1746 1424 1782 de
1459 1746 1560 1782 cuius
1591 1747 1720 1792 diario,

1064 1800 1129 1838 Cr.
1155 1805 1329 1848 notante,
1358 1802 1430 1837 vid.
1452 1802 1617 1851 Gutting.
1638 1801 1719 1839 Gel.

1060 1858 1152 1895 Anz.
1178 1859 1286 1898 1802
1305 1870 1358 1894 nr.
1384 1857 1461 1897 146
1483 1872 1519 1908 p.
1545 1858 1721 1907 1451sq.

1060 1914 1158 1951 Add.
1180 1914 1241 1962 qui
1262 1915 1466 1964 nuperrime
1486 1915 1614 1952 dehoc
1630 1915 1721 1961 sale,

1061 1984 1133 2019 quo
1165 1971 1311 2007 deserta
1344 1984 1462 2021 prope
1491 1971 1721 2008 Ammonium

1062 2031 1145 2064 sunt
1166 2026 1330 2073 obtecta,
1369 2026 1491 2063 retulit
1519 2028 1576 2065 De
1599 2028 1723 2064 Minu-

1062 2083 1126 2120 toli
1153 2081 1175 2119 Ι.
1198 2082 1221 2119 l.
1250 2096 1336 2133 pag.
1368 2086 1447 2124 174
1480 2083 1560 2121 coll.
1590 2083 1723 2121 Ritter.

1063 2139 1181 2176 Erdk.
1204 2138 1217 2175 Ι
1238 2152 1323 2188 pag.
1345 2141 1447 2186 981,
1489 2140 1724 2189 exhibuitque

1065 2197 1173 2234 etiam
1197 2208 1280 2245 pag.
1306 2199 1384 2236 179
1402 2209 1507 2246 seqq.
1527 2196 1724 2233 chemicam

1065 2252 1169 2289 huius
1192 2253 1277 2288 salis
1299 2253 1462 2300 analysin
1482 2266 1503 2290 a
1523 2252 1649 2289 Iohnio
1669 2253 1724 2288 in-

1066 2309 1243 2345 stitutam.
1304 2309 1402 2351 Quin
1427 2309 1511 2345 olim
1543 2310 1615 2345 iam
1646 2321 1726 2345 ma-

1068 2378 1178 2413 gnam
1206 2365 1281 2401 cius
1310 2366 1452 2414 copiam
1483 2365 1649 2413 adeoque
1672 2366 1727 2401 sa-

1067 2434 1163 2458 rnam
1183 2422 1293 2457 fuisse
1312 2421 1400 2457 illud
1422 2425 1475 2457 est
1492 2421 1727 2468 documento,

1067 2478 1167 2526 quod
1207 2478 1272 2513 hoc
1311 2490 1382 2513 uno
1416 2477 1606 2513 Ammonio
1652 2477 1727 2514 sale

1067 2546 1129 2569 rex
1152 2533 1354 2579 Persarum,
1383 2533 1438 2569 cui
1462 2534 1597 2583 optima
1614 2546 1728 2583 qnae-

1066 2601 1137 2637 qne
1157 2602 1199 2625 ex
1219 2590 1315 2625 omni
1336 2594 1512 2626 terrarum
1531 2591 1619 2627 orbe
1637 2589 1729 2627 assc-

1065 2645 1262 2691 relmntiir,
1319 2658 1402 2681 usus
1459 2659 1541 2684 esse
1585 2647 1726 2683 dicitur.

1067 2701 1125 2737 Cf.
1150 2701 1280 2737 Athen.
1305 2701 1350 2746 ll,
1374 2701 1438 2740 74.

1124 2752 1370 2803 ἅνακοντίζει
1412 2757 1455 2797 ἐκ
1493 2756 1613 2808 μέσου
1656 2758 1729 2796 τοῦ

1067 2809 1177 2862 ἁλὸς]
1195 2809 1467 2861 (ἕνακοίιτίζειν
1481 2816 1527 2853 de
1539 2828 1634 2864 aqua
1644 2827 1730 2864 pro-

1073 2870 1212 2906 siliente
1231 2871 1380 2919 dicitur,
1420 2877 1460 2908 nt
1479 2873 1514 2908 in
1536 2871 1730 2909 Callisti-at.
1792 2923 1795 2926 Α
