1946 3272
565 182 1033 227 THALIA.111.

1351 186 1434 225 109

167 304 220 346 τὰ
251 305 384 346 εἴκοσι
413 294 644 352 ὀργυιέων·
704 298 843 351 μῆκος
873 293 919 336 δὲ
948 294 1032 334 τοῦ
1060 289 1275 346 χώματος,
1311 290 1438 345 μέζον

138 381 159 411 6
174 374 254 417 δύο
284 372 483 416 σταδίων.

111 521 254 567 griis-ser
298 515 394 551 deun
437 514 526 550 zwei
567 511 774 549 Stadien.“

110 575 205 611 Add.
228 570 392 608 l’anofka
414 569 434 606 l.
457 569 478 606 l.
509 584 594 619 pag.
616 568 654 608 4.
716 568 774 605 Ad

111 635 251 667 nostras
273 639 460 663 mensuras
492 627 520 662 si
546 627 635 662 haec
668 637 772 662 revo-

111 686 221 730 caris,
251 684 381 731 viginti
397 684 546 731 orgyiae
563 682 775 730 aequabunt

110 744 186 779 sere
218 741 297 779 112
332 740 446 789 pedes
478 739 663 775 Parisinos
700 738 775 774 sive

114 800 192 837 117
221 797 334 847 pedes
365 797 483 833 Rhen.
521 801 555 832 et
586 796 686 844 quod
713 807 775 832 er-

110 853 238 898 currit·,
269 853 341 889 duo
355 853 474 888 stadia
491 852 651 889 efficiunt
668 853 773 892 1139

109 911 224 960 pedes
245 909 428 946 Parisinos
455 922 482 945 s.
513 908 663 955 0,0499
697 907 775 943 mil-

109 968 185 1003 liar.
208 979 335 1015 geogr.
382 966 438 1001 Tu
458 967 530 1001 vid.
555 966 591 1001 li
605 978 692 1001 urin.
711 964 731 1000 l.
752 964 774 1000 l.

174 1023 316 1073 Τρίτον
349 1021 391 1060 δέ
432 1034 504 1071 σφι
534 1018 772 1072 ἐξέργασται]

112 1079 309 1125 Heraeum,
339 1092 368 1115 s.
389 1079 645 1128 amplissimum
665 1078 774 1114 luno-

111 1138 166 1173 nis
186 1137 360 1185 templum
384 1135 550 1183 intelligi,
580 1136 680 1171 cuius
703 1146 775 1170 una

111 1206 192 1230 cum
232 1193 376 1229 Dianae
411 1191 595 1241 Ephesiae
636 1190 774 1240 templo

112 1250 182 1286 iam
202 1261 311 1298 supra
334 1248 379 1295 ΙΙ,
402 1248 479 1288 148
508 1247 648 1284 Noster
674 1259 777 1284 men-

111 1307 247 1343 tionem
275 1305 433 1351 fecerat,
471 1305 651 1341 neminem
673 1304 777 1352 fugit.

113 1362 172 1400 De
195 1375 267 1410 quo
287 1360 425 1410 templo
445 1362 544 1409 quod
563 1361 778 1398 Herodotus

114 1419 257 1456 scribit:
298 1414 393 1468 νηὸς
417 1416 595 1468 μέγιστος
617 1414 779 1456 πάντων

113 1477 194 1514 τῶν
221 1473 336 1526 ἡμεῖς
354 1474 492 1523 ἴδμεν,
531 1476 570 1511 id
596 1487 639 1511 eo
662 1474 778 1523 magis

113 1532 245 1581 respici
276 1531 353 1567 vult
379 1531 568 1568 Thiersch.
589 1530 611 1567 l.
633 1531 654 1567 l.
690 1543 777 1581 pag.

117 1588 210 1634 185,
233 1588 404 1637 quoniam
425 1601 492 1625 nee
509 1588 779 1638 Aegyptiorum

115 1643 251 1694 templa
277 1644 496 1694 amplissima
521 1657 563 1680 ac
592 1644 780 1694 spatiosis-

118 1702 220 1747 sima,
248 1713 341 1749 quae
359 1701 439 1751 ipse
453 1701 595 1737 viderat
611 1701 782 1738 Herodo-

117 1763 198 1803 tus,
237 1770 281 1794 eo
310 1758 521 1794 eximantur.
587 1757 686 1794 Add.
718 1757 781 1802 lll,

120 1816 212 1855 123.
248 1814 289 1849 ln
312 1813 447 1850 Heraei
470 1814 723 1862 magnitudine
743 1818 782 1851 et

118 1870 314 1920 splendore
362 1871 594 1907 consentiunt
641 1876 782 1908 veteres

118 1927 311 1976 scriptores
338 1927 480 1975 (Strab.
510 1926 596 1963 XIV
622 1940 660 1976 p.
687 1928 782 1974 637,

119 1996 148 2021 s.
168 1981 261 2024 944.
302 1983 459 2020 Pausan.
478 1983 558 2030 Vll,
578 1983 603 2024 5
623 1981 661 2034 ὃ.
687 1986 723 2023 2.
745 1985 781 2023 6.

120 2041 235 2078 Cicer.
263 2040 298 2076 in
321 2041 424 2077 Verr.
453 2039 480 2087 l,
506 2042 572 2079 ΞΟ.
611 2040 782 2090 Appulei.

118 2096 257 2133 Florid.
280 2096 310 2132 ll
333 2110 386 2133 nr.
408 2098 458 2137 15
482 2096 530 2134 T.
555 2096 568 2133 l
590 2110 675 2146 pag.
700 2096 782 2137 350

120 2152 286 2190 Elmenh.
311 2153 343 2189 ll
370 2166 457 2203 pag.
478 2152 532 2193 49
564 2154 783 2200 Oudend.)·‚

121 2209 230 2247 hodie
257 2222 330 2246 non
352 2210 420 2246 nisi
447 2223 563 2260 pauca
588 2223 783 2260 superesse

119 2266 251 2303 rudera
300 2266 444 2304 lonicae
493 2272 698 2304 structurae
739 2279 783 2304 ex

119 2322 283 2359 Bedfort.
311 2324 410 2372 apud
438 2322 566 2360 Leake
599 2323 687 2360 Asia
718 2324 784 2360 mi-

121 2391 197 2416 nor.
228 2393 263 2429 p.
284 2378 366 2419 348
392 2384 498 2416 notat
519 2380 562 2416 C.
584 2380 630 2417 O.
652 2380 785 2417 Miiller

121 2434 270 2472 Handb.
296 2436 331 2472 d.
351 2435 538 2474 Archaeol.
566 2450 602 2486 p.
624 2436 692 2483 55,
723 2437 784 2474 ubi

121 2490 270 2540 longum
294 2493 404 2530 fuisse
435 2493 487 2529 ait
515 2493 690 2543 templum
719 2507 784 2544 pe-

125 2547 190 2583 des
205 2546 298 2594 346,
316 2548 428 2586 latum
449 2551 526 2590 189
549 2550 677 2600 pedeS.
710 2550 783 2594 Qui

125 2602 221 2640 idem
257 2605 287 2640 si
325 2606 362 2642 in
408 2605 525 2643 locum
571 2607 785 2656 antiquioris

126 2659 250 2709 templi
269 2660 391 2698 Dorici
413 2662 482 2700 hoc
503 2663 681 2714 templum
704 2677 786 2700 suc—

127 2716 276 2754 cessisse
295 2717 408 2755 videri
431 2720 577 2766 statuit,
609 2720 783 2769 Polycra-

126 2771 171 2808 tis
207 2772 439 2821 probabiliter
477 2780 663 2826 tempore,
712 2776 784 2814 alio

126 2832 247 2866 tamen
267 2827 346 2866 loco
366 2829 471 2882 (pag.
494 2834 570 2882 33)
602 2833 672 2872 hoe
691 2846 783 2885 opus

548 369 708 422 Τρίτον
739 365 784 409 δέ
815 377 895 421 σφι
925 362 1192 418 ἐξέργασται,
1234 359 1340 417 νηός
1370 362 1465 416 ful-1

830 509 982 547 Rhoeco
1046 512 1084 546 et
1141 507 1343 545 Theodoro
1406 504 1500 541 circa

831 566 978 615 Olymp.
1009 562 1332 601 xxxv—XLV
1362 561 1503 598 adscri-

832 623 907 669 bit,
944 623 981 659 id
1002 635 1080 659 cum
1103 620 1283 659 Herodoti
1304 619 1423 657 verbis
1440 618 1499 654 vix

831 679 1013 715 conciliari
1026 680 1174 728 poterit.
1206 676 1389 714 Herodoti
1402 675 1498 712 enim

832 736 963 773 verba:
998 737 1070 773 τοῦ
1094 730 1331 786 α’ρχιτέκτων
1356 733 1493 783 πρῶ-

832 807 919 839 τος
962 790 1113 843 ἐγένετο
1157 789 1313 836 ΓΡοῖκως
1365 789 1495 827 Φίλεω

833 850 922 886 haec
964 850 1125 885 indicare
1165 849 1352 891 videntur,
1402 858 1497 894 quae

832 906 945 956 ipsius
974 905 1174 942 Thierschii
1204 905 1226 941 l.
1255 904 1275 940 l.
1306 916 1391 954 pag.
1417 901 1497 943 185

831 963 951 999 verbis
974 963 1109 999 referre
1137 961 1334 998 malumus:
1377 959 1496 1006 „dass

831 1020 1001 1056 Rhoecus
1024 1019 1095 1056 den
1109 1019 1198 1055 Plan
1220 1017 1400 1066 gemacht,
1420 1015 1495 1052 und

833 1077 905 1112 den
935 1075 1014 1111 Bau
1047 1076 1265 1123 begonnen,
1304 1073 1397 1110 nach
1422 1072 1496 1108 ihm

834 1134 922 1169 aber
944 1133 1111 1176 Andere,
1151 1132 1242 1167 oder
1275 1130 1500 1177 wenigstens

834 1190 891 1226 ein
913 1186 1080 1225 Anderer
1100 1188 1162 1224 ihn
1184 1188 1405 1235 fortgesetzt
1427 1186 1502 1222 und

833 1244 1058 1282 vollendetf‘
1116 1245 1190 1281 lam
1216 1257 1302 1281 vero
1322 1243 1502 1280 Rhoecum

835 1302 931 1338 illum
951 1303 998 1338 ad
1018 1301 1279 1351 Olympiadum
1299 1301 1413 1347 initia,
1433 1300 1503 1348 igi-

835 1363 894 1395 tur
914 1361 1027 1395 multo
1061 1364 1146 1395 ante
1168 1358 1367 1408 Polycratis
1401 1353 1505 1394 aeta-

836 1421 932 1462 tem,
972 1416 1156 1465 pertinere
1182 1415 1339 1452 maxime
1368 1413 1504 1464 proba·

837 1472 919 1509 bilis
952 1478 1008 1510 est
1038 1472 1238 1518 sententia,
1280 1471 1504 1520 obloquente

837 1530 1004 1578 quamvis
1026 1529 1196 1567 Panofka
1214 1528 1388 1565 Samiorr.
1426 1527 1504 1564 Res

835 1599 922 1636 pag.
946 1586 1011 1626 51.
1033 1588 1098 1626 58.
1147 1587 1254 1622 Conf.
1279 1598 1390 1635 supra
1411 1587 1503 1620 nott.

837 1644 884 1679 ad
904 1643 970 1688 ΙΙΙ,
999 1642 1065 1683 41.
1116 1643 1244 1692 ltaque
1273 1641 1450 1692 templum
1480 1653 1503 1678 a

837 1700 987 1736 Rhoeco
1003 1700 1137 1736 exstrui
1155 1703 1338 1748 coeptum,
1368 1701 1503 1748 postea

837 1757 1086 1793 crescentibus
1126 1756 1332 1792 Samiorum
1381 1755 1503 1799 rebus,

838 1814 971 1850 sensim
996 1813 1205 1861 sensimque
1225 1813 1426 1862 perfectum
1444 1812 1504 1847 fu-

838 1870 910 1906 isse
934 1874 1079 1919 putem,
1120 1875 1162 1906 ut
1184 1869 1387 1918 Polycratis
1412 1873 1506 1904 tem-

839 1940 951 1976 pore,
998 1939 1070 1975 quo
1104 1926 1186 1975 ipso
1212 1926 1416 1962 Samiorum
1447 1936 1506 1961 res

839 1983 995 2020 maxime
1030 1983 1197 2019 floruisse
1229 1981 1403 2019 credibile
1436 1985 1506 2028 est,

840 2039 1044 2076 absolutum
1067 2040 1177 2076 videri
1200 2040 1375 2089 potuerit.
1407 2037 1505 2075 Nam

839 2101 924 2147 post
934 2096 1137 2145 Polycratis
1156 2101 1317 2133 aetatem
1329 2094 1504 2146 templum

839 2154 1042 2204 perfectum
1062 2154 1174 2190 fuisse
1196 2158 1236 2189 ut
1258 2153 1417 2198 credam,
1439 2152 1506 2188 mi-

841 2211 937 2247 nime
973 2210 1108 2246 adduci
1144 2223 1317 2259 possum,
1366 2209 1505 2259 quippe

841 2267 1046 2303 Samiorum
1074 2267 1182 2303 rebus
1210 2270 1297 2303 tunc
1331 2265 1507 2316 temporis

841 2323 912 2360 iam
934 2323 1057 2360 fractis
1077 2336 1118 2360 ac
1140 2323 1349 2360 deminutis.
1398 2321 1507 2359 Conf.

842 2380 1032 2417 Thiersch.
1054 2379 1074 2416 l.
1095 2379 1116 2416 l.
1154 2379 1234 2417 Nec
1259 2380 1364 2417 aliter
1385 2379 1507 2416 medio

840 2450 945 2484 aevo,
969 2437 1069 2485 quod
1094 2437 1234 2483 dicunt,
1272 2436 1411 2486 templa
1437 2435 1509 2481 illa,

842 2506 938 2542 quae
961 2494 1195 2540 admiramur,
1222 2493 1446 2543 amplissima
1467 2504 1510 2528 ac

844 2551 1141 2600 splendidissima
1169 2563 1235 2600 per
1255 2550 1394 2587 ltaliam
1415 2549 1511 2586 Ger-

843 2608 1049 2645 maniamve
1088 2607 1283 2644 multorum
1331 2617 1510 2644 annorum

843 2664 1013 2713 adeoque
1050 2663 1251 2702 seculorum
1281 2676 1349 2713 per
1378 2664 1508 2700 ‹iecur--

842 2733 920 2757 sum
944 2725 1130 2758 exstructa
1157 2725 1194 2758 et
1221 2733 1267 2757 ne
1289 2720 1340 2757 sic
1361 2719 1508 2768 quidem

841 2778 1007 2827 perfecta
1041 2777 1177 2824 fuisse,
1229 2777 1310 2825 quis
1349 2779 1407 2812 est
1445 2772 1508 2821 qui

841 2832 1012 2872 nesciat?
1033 2855 1089 2861 —
1117 2833 1177 2872 De
1198 2832 1382 2878 donariis,
1413 2840 1509 2880 quae
