1863 3256
197 271 282 310 650
666 272 1239 311 EXCURSUSlV

197 381 290 417 kaur·
312 385 350 418 et
368 381 511 430 Cabul,
543 382 701 432 indeque
723 384 967 421 Gandaricam
989 384 1172 433 pertinere
1198 384 1273 420 vult
1298 384 1347 421 ad
1365 385 1586 434 provinciam
1609 385 1702 423 Can-

197 448 334 492 daham
364 461 458 499 quae
478 450 675 501 appellatio
695 462 921 487 communem
949 451 1106 499 prodere
1127 451 1293 488 videatur
1320 452 1518 500 originem,
1563 454 1702 504 Caspa-

195 519 315 565 tyrum
335 517 461 555 urbem
481 518 640 567 denique
668 518 714 554 ad
744 518 841 566 ripas
866 517 1045 567 Choaspis
1073 517 1163 567 (qui
1188 519 1426 556 recentiorum
1455 525 1510 557 est
1537 521 1700 558 Causch-

196 582 315 634 kaur)
347 585 454 622 sitam
485 586 598 623 fnisse
630 584 852 633 suspicatur,
891 585 1052 633 quamvis
1078 585 1115 622 in
1144 589 1250 623 tanto
1277 592 1480 637 temporum
1513 588 1699 626 intervallo

195 663 386 700 rerumque
410 652 615 689 discrimine
636 651 693 687 vix
712 652 800 688 certi
821 652 909 700 quid
935 653 1047 689 statui
1067 654 1196 702 possit.
1254 654 1482 692 Hodiernum
1503 655 1700 706 Kascltmyr

192 717 407 756 Herodoteo
432 719 628 768 Caspatyru
660 719 813 756 indicari
841 731 958 768 nuper
984 721 1110 758 statuit
1140 720 1168 758 Ι.
1195 722 1243 759 de
1265 722 1454 760 Hanimer.
1482 725 1519 761 in
1552 724 1698 762 Annall.

192 785 407 824 Viennenss.
426 785 503 823 Vol.
524 784 574 822 Ll
595 798 630 835 p.
650 788 715 827 36.
774 786 896 835 Atque
920 786 965 825 A.
994 788 1042 824 G.
1066 788 1245 838 Schlegel.
1275 803 1423 840 quoque
1450 791 1602 834 (Berlin.
1623 792 1700 829 Ta·

192 855 339 892 schenb.
361 855 464 893 1829
484 866 520 903 p.
544 855 616 902 17)
638 854 763 891 urbem
783 855 975 905 capitalem
993 855 1152 904 regionis
1173 857 1376 908 Kaschmyr
1392 859 1589 907 significari
1608 858 1698 905 vult,

190 933 381 971 perperam
399 921 570 958 adiiciens
596 921 690 959 hanc
707 922 882 960 Heerenii
905 935 987 961 esse
1006 925 1249 973 sententiam,
1288 937 1396 975 quam
1417 925 1523 964 aliam
1547 939 1697 977 prorsus

191 1001 272 1026 esse
293 1000 402 1039 supra
424 988 589 1026 vidimus.

574 1367 1168 1416 EXCURSUS
1240 1369 1310 1416 IV

455 1480 559 1518 AD
631 1481 1125 1521 HERoDoT.
1197 1482 1266 1529 ιιι,
1334 1482 1424 1523 115.

266 1703 365 1747 οὔτε
399 1703 562 1760 νήσους
600 1703 700 1749 οἶδα
729 1709 1040 1763 Κασσιτερίδας
1069 1706 1250 1761 ἐούσας,
1287 1708 1334 1752 ἐκ
1363 1711 1451 1752 τῶν
1485 1706 1508 1751 ὁ
1547 1710 1690 1753 κασσί-

348 1788 470 1828 τερος
500 1771 605 1830 ἡμῖν
634 1778 778 1832 φοιτᾷ.

292 1865 352 1903 De
371 1865 426 1903 his
446 1867 587 1915 insulis,
618 1867 689 1904 alia
707 1871 747 1904 ut
765 1871 928 1916 taceam,
960 1869 1125 1919 inprimis
1147 1870 1380 1920 disputarunt
1402 1869 1618 1908 'rzschucke
1641 1871 1689 1908 ad

179 1931 358 1983 Pompon.
377 1933 464 1972 Mel.
484 1936 554 1983 111,
586 1938 611 1976 6
640 1934 676 1986 5.
696 1937 723 1976 3
751 1940 846 1973 nott.
877 1950 1006 1986 exegg.
1037 1950 1074 1987 p.
1100 1936 1338 1978 184—189
1374 1937 1453 1975 Vol.
1478 1937 1528 1974 lll
1558 1937 1599 1974 P.
1626 1938 1688 1976 111.

178 2000 337 2038 Heeren.
361 2001 473 2040 ldeen
493 2003 545 2050 11,
580 2006 598 2042 1
623 2017 658 2054 p.
682 2005 760 2044 173
776 2027 825 2032 —-
843 2006 934 2045 177.
980 2005 1016 2052 Ι,
1040 2007 1066 2044 2
1085 2018 1121 2055 p.
1142 2005 1194 2045 55
1216 2010 1254 2043 et
1271 2005 1314 2042 A.
1335 2005 1464 2055 Vogel.
1491 2006 1528 2042 in
1548 2006 1688 2043 Erschii

176 2072 214 2105 et
233 2068 391 2107 Gruber.
419 2070 687 2122 Encyclopaed.
715 2071 798 2109 Vol.
817 2071 905 2108 XXI
933 2085 971 2122 p.
994 2074 1071 2113 109
1093 2085 1219 2122 seqq.,
1251 2073 1311 2109 ubi
1332 2073 1552 2121 afferuntur,
1592 2086 1688 2123 quae

175 2140 213 2172 et
233 2137 427 2186 antiquiori
453 2142 489 2175 et
516 2141 707 2176 recentiori
735 2144 856 2177 aetate
884 2140 931 2176 de
961 2139 1017 2176 his
1035 2140 1177 2190 prolata
1201 2144 1294 2177 sunt.
1349 2140 1448 2178 Nam
1475 2154 1522 2179 ne
1547 2147 1686 2180 veteres

174 2203 336 2251 quidem,
367 2205 427 2254 qui
448 2205 560 2243 multo
581 2212 667 2257 post
686 2207 917 2245 Herodotum
936 2207 991 2245 vel
1012 2208 1060 2245 de
1083 2208 1260 2245 industria
1277 2207 1334 2245 vel
1354 2209 1472 2246 obiter
1496 2209 1687 2248 occasione

175 2273 319 2308 tantum
341 2272 485 2321 oblata,
514 2275 561 2311 de
588 2274 642 2311 his
672 2275 817 2321 insulis,
858 2276 956 2312 unde
989 2274 1177 2325 plumbum
1205 2277 1347 2323 veniat,
1389 2276 1607 2324 retulerunt,
1638 2277 1686 2314 de

176 2336 248 2373 situ
269 2337 394 2375 harum
423 2341 618 2380 insularum
646 2356 842 2381 numerove
866 2344 1099 2381 concordant.
1158 2343 1321 2386 Quorum
1339 2344 1386 2381 ad
1407 2343 1546 2381 Indiam
1570 2356 1685 2392 usque

178 2405 241 2454 qui
259 2405 465 2454 relegarent
490 2410 755 2457 Cassiterides,
786 2424 860 2448 non
882 2412 1091 2448 defuerunt.
1140 2411 1262 2460 Magis
1280 2412 1328 2448 ad
1347 2424 1468 2448 verum
1488 2411 1684 2450 accessisse

179 2472 368 2519 videntur,
408 2475 469 2522 qui
500 2481 604 2513 extra
635 2478 761 2516 Gades
795 2479 1071 2528 Herculeasque
1105 2479 1289 2516 columnas
1319 2491 1429 2528 supra
1455 2478 1683 2516 Lusitaniam

179 2541 467 2591 septentrionem
489 2555 612 2580 versus
632 2546 678 2581 ab
701 2546 819 2583 lberia
845 2560 889 2585 eo
918 2548 955 2583 in
974 2547 1084 2593 mari,
1123 2546 1223 2595 quod
1244 2546 1292 2583 ad
1313 2545 1541 2583 Britanniam
1565 2559 1682 2596 usque

179 2608 320 2656 tendit,
360 2608 495 2646 insulas
518 2610 594 2648 illas
616 2612 702 2648 sitas
729 2625 809 2651 esse
838 2615 1115 2652 contenderent.
1174 2614 1255 2650 vid.
1277 2614 1450 2651 Strabon.
1468 2614 1516 2650 lll
1540 2627 1578 2664 p.
1597 2616 1680 2656 219

177 2690 206 2713 s.
228 2675 308 2717 147
327 2690 363 2727 p.
388 2678 470 2720 265
490 2691 519 2717 S.
539 2679 629 2720 175.
687 2679 719 2716 ll
740 2693 777 2730 p.
799 2682 875 2720 191
898 2694 926 2717 s.
949 2682 1027 2721 129
1052 2694 1088 2730 p.
1112 2682 1185 2721 181
1208 2695 1237 2718 s.
1264 2684 1353 2721 120.
1398 2681 1550 2719 Diodor.
1567 2681 1680 2720 sicul.

179 2743 232 2790 V,
259 2745 326 2785 38.
384 2744 466 2782 Alia
491 2747 592 2783 dabit
620 2746 665 2784 A.
681 2748 810 2797 Vogel.
836 2747 859 2783 l.
886 2746 908 2783 l.
941 2760 977 2797 p.
1008 2750 1086 2789 110
1108 2761 1186 2798 seq.
1213 2749 1293 2786 coll.
1315 2748 1481 2787 Lelewel.
1510 2750 1545 2786 in
1575 2749 1681 2796 libro,

175 2812 239 2861 qui
273 2812 498 2851 inscribitur:
549 2814 834 2864 Entdeckungg.
865 2816 930 2853 der
957 2816 1129 2866 Carthng.
1154 2831 1189 2854 u.
1218 2817 1363 2855 Griech.
1394 2817 1460 2854 auf
1482 2816 1519 2854 d.
1551 2815 1680 2855 atlant.

176 2881 300 2919 Ocean
320 2883 500 2930 (Berolin.
528 2881 649 2935 1831)
672 2897 708 2935 p.
729 2884 808 2926 134
828 2896 909 2934 seq.
965 2884 1171 2923 Recentiori
1192 2889 1315 2923 aetate
1332 2885 1454 2933 suere,
1481 2885 1545 2935 qui
1565 2885 1679 2935 ipsam
