1863 3256
0 157 7 370 ι

1 375 6 425 ε

0 428 7 540 ἰ

0 547 5 611 Ι

450 99 1004 139 MELPOMENE.
1064 101 1124 139 IV.

132 206 244 251 7οὐκ
286 209 339 252 ἂν
382 211 655 265 λειφθείην-(ί

158 284 365 333 Δαρεῖος,
396 283 470 324 καί
497 298 572 337 μιν
597 277 808 335 ἠμείψατο
838 281 1003 322 τοῖσδε·

1333 107 1416 146 463

734 207 886 263 Κάρτοι
925 224 969 251 τε
1008 208 1125 264 ἥσθη
1164 212 1218 265 τῇ
1263 209 1470 266 γνώμῃ4ο

1063 312 1086 331 υ
1097 280 1222 327 Ξεῖνε
1243 278 1412 334 Λέσβιε,

159 350 376 401 σωθέντος
404 352 504 407 ἐμεῦ
535 350 669 394 ὀπίσω
699 351 741 401 ἐς
771 349 895 393 οἶκον
923 349 1001 393 τὸν
1031 349 1138 405 ἐμόν
1172 347 1415 405 ἐπιφάνηθί

157 436 233 473 μοι
271 421 464 473 πάντως,
505 424 576 464 ἵνα
607 433 651 464 σε
682 420 775 464 ἀντὶ
805 424 990 477 χρηστῆς
1021 422 1286 477 συμβουλίης
1313 437 1412 476 χρη-

31 488 97 535 98
154 495 290 533 στοῐσι
313 490 474 547 ἔργοισι
493 491 790 546 ἄμείψωμαι.“

855 495 999 534 Ταῦτα
1031 494 1172 543 εἴπας,
1202 493 1275 535 καὶ
1299 490 1406 534 ἀπά-

1466 491 1551 518 Iubct
1578 492 1662 519 lones
1692 503 1738 521 cu<

1465 524 1577 551 stodire
1612 534 1647 561 po

1651 530 1739 562 ntem,

1621 564 1722 587 ertan—

154 568 241 611 ψας
271 561 297 603 ἃ,
478 561 490 575 .-
530 561 539 573 e
709 562 719 576 ν
785 563 797 577 e-
846 560 856 574 r
1072 562 1080 575 r
1189 562 1199 577 ⁹
1283 563 1292 575 ¹
1483 561 1618 598 'rt-exsp
1647 580 1658 599 ⁴.
1717 582 1722 586 ,

298 577 442 616 {Lydia
471 563 676 617 εξηκοντα
704 578 749 604 ἓν
781 577 949 615 “pawn‘’
981 567 1162 612 makmas·
1183 579 1224 613 ες
1242 567 1401 618 λογους
1413 567 1456 603 45
1482 599 1575 625 ipsium
1595 592 1722 620 reditum

125 631 258 681 Ξτούς
281 630 439 676 Ἰώνων
467 632 730 687 τυράννους,
761 632 873 686 ἔλεγε
903 631 1000 675 τάδε
1017 646 1025 655 ·

1086 632 1296 688 ,,”Ανδρες
1315 633 1408 677 Ἴω-

151 716 240 751 νες,
285 700 312 757 ἡ
353 703 433 758 μὲν
471 703 689 759 πρότερον
731 702 881 760 γνώμη
923 704 1210 759 ἀποδεχθεῖσα
1249 705 1291 756 ἐς
1329 705 1407 762 τὴν

95 875 238 924 plurimi
263 876 369 912 codd.
393 869 533 924 φήσω,
573 875 672 923 quod
692 886 750 911 sa-

97 943 143 968 ne
178 932 294 968 minus
326 933 523 980 srequens3
565 932 631 968 nisi
670 944 748 968 cum

95 987 269 1025 Valcken.
282 988 479 1026 rescribere
495 987 596 1025 malis
617 984 749 1037 φήσας

96 1043 165 1081 hoc
206 1045 282 1081 sere
319 1057 446 1082 sensu:
495 1056 595 1093 „ego
624 1044 749 1092 palam

97 1102 211 1137 animi
227 1102 294 1137 mei
320 1102 488 1137 sententia
506 1101 619 1137 verbis
637 1101 750 1150 expli-

96 1158 181 1203 cita,
201 1156 428 1193 nihilominus
443 1158 512 1207 ipse
534 1160 567 1193 te
587 1157 750 1206 sequar.“

94 1211 153 1248 Ad
172 1214 388 1250 locutionem
416 1211 454 1258 ές
476 1211 595 1263 μέσον
614 1213 750 1250 faciunt

93 1281 239 1317 quoque
264 1281 329 1315 ea,
369 1281 463 1318 quae
482 1269 630 1306 Dorvill.
651 1272 747 1306 attu-

92 1324 132 1361 lit
152 1325 198 1362 ad
222 1325 406 1361 Chariton.
427 1338 463 1375 p.
486 1324 567 1366 534
577 1324 746 1375 ed.Lips.

92 1381 140 1418 de
166 1381 318 1418 formula
349 1379 391 1420 ἐν
423 1379 526 1434 μέσῳ
548 1382 744 1431 propalam,

93 1449 205 1473 coram
224 1438 391 1474 omnibus.
443 1438 502 1475 Cf.
521 1438 658 1477 Herod.
682 1437 745 1485 III,

93 1495 157 1534 80.
171 1494 234 1534 83.
254 1493 316 1540 lv,
340 1495 431 1534 118.
453 1493 516 1539 VI,
539 1496 628 1535 129.
648 1493 746 1541 VIII,

91 1551 161 1595 26,
181 1550 240 1587 ubi
257 1548 296 1596 ές
313 1546 463 1595 πάντας
478 1550 556 1600 pari
571 1563 745 1588 sensu.—

92 1604 134 1642 In
152 1606 271 1643 verbis
293 1601 412 1653 αὐτὸς
444 1604 562 1656 μέντ
575 1623 594 1645 o
610 1622 622 1645 ι
649 1606 743 1656 ἕψο-

92 1676 182 1712 μαι,
234 1661 367 1711 μέντοι
405 1664 605 1713 respondet
644 1668 744 1701 ante-

91 1719 304 1756 cedentibus
334 1714 498 1770 γνώμην
529 1717 611 1769 μέν.
678 1719 736 1757 De

91 1775 252 1825 optatiVo
264 1770 355 1825 (οὐκ
367 1771 415 1814 civ
428 1773 670 1827 λειφθείην),
682 1776 744 1824 qui

89 1831 262 1869 continuo
283 1832 414 1882 excipit
441 1834 599 1869 futurum
626 1831 743 1883 (ἕψο-

90 1884 200 1937 μαι),
225 1889 322 1925 conf.
342 1887 476 1926 Matth.
491 1889 557 1926 Gr.
569 1889 634 1925 Gr.
656 1901 741 1939 pag.

88 1945 182 1985 979.
233 1944 374 1983 Herod.
402 1945 458 1992 ΙΙ,
485 1944 551 1985 41.
584 1966 637 1973 —-
681 1945 742 1982 Ad

87 2003 302 2037 structuram
333 2001 542 2038 verborum:
591 1999 743 2040 σωθέν-

86 2070 153 2102 τος
179 2055 297 2107 έμεῦ
321 2078 368 2085 -—
399 2054 627 2107 ἐπιφάνηθί
659 2073 742 2108 μοι.

85 2113 179 2150 cons.
198 2117 292 2150 nott.
310 2114 359 2150 ad
382 2113 417 2160 Ι,
445 2115 470 2154 3
494 2118 529 2152 et
549 2114 597 2151 ad
617 2127 740 2152 vocem

86 2169 329 2220 συμβουλίης
351 2170 414 2217 ΙΙΙ,
440 2173 474 2210 1.
520 2170 579 2208 De
598 2184 641 2208 eo
660 2183 740 2207 mo-

86 2225 156 2272 do,
196 2238 268 2275 quo
290 2226 481 2264 Persarum
501 2239 607 2276 reges
628 2227 740 2265 bene-

85 2280 166 2318 ficia
187 2286 335 2332 accepta
360 2284 581 2321 remunerari
608 2283 740 2330 solent,

85 2337 236 2374 diximus
264 2339 314 2375 ad
340 2338 410 2388 111,
444 2338 535 2379 140.

253 2427 363 2478 Cap
405 2428 569 2466 xcv111.

142 2498 309 2554 α’παψας
348 2501 507 2557 ἅμματα
545 2502 738 2573 ἑξήκοντα

85 2558 127 2599 έν
159 2555 305 2611 ἱμάντι]
353 2561 374 2597 ἱ.
400 2575 432 2599 e.
461 2562 568 2600 nodos
593 2577 632 2601 ιη
663 2563 737 2601 loco

85 2619 229 2663 nexuit,
273 2618 463 2666 suspendit.
518 2619 625 2663 Quae
651 2633 736 2672 sup-

83 2673 237 2724 putandi
268 2674 359 2709 ratio
381 2673 570 2712 Persarum
598 2677 734 2714 rudita-

82 2734 154 2767 tem
175 2729 262 2767 satis
289 2728 460 2767 declarat.
505 2731 648 2770 Similes
670 2733 732 2769 fu-

807 874 941 912 niculos
958 876 1063 912 nodis
1082 876 1236 924 illigatos
1253 878 1300 914 ad
1321 877 1458 915 dierum

807 936 843 968 et
871 933 1041 982 temporis
1082 934 1247 970 notitiam
1287 934 1462 971 barbaros

806 989 983 1036 quosdam
1012 990 1096 1025 novi
1138 990 1235 1026 orbis
1266 1003 1460 1040 usurpasse

807 1045 957 1081 adnotat
992 1044 1208 1094 Wesseling.
1276 1046 1461 1083 Romano-

805 1112 883 1136 rum
905 1102 1026 1147 moris‚
1057 1114 1129 1150 quo
1153 1102 1261 1138 clavis
1280 1102 1356 1139 fixis
1376 1103 1459 1140 olim

806 1168 921 1192 annos
961 1162 1107 1194 notasse
1140 1158 1322 1203 feruntur,
1365 1163 1460 1197 teste

805 1211 909 1248 Livio
928 1212 1007 1259 VII,
1027 1215 1064 1259 3,
1085 1214 1271 1250 admonuit
1289 1213 1460 1252 Larcher.

805 1268 864 1304 Tu
883 1270 954 1305 vid.
974 1269 1021 1306 de
1042 1270 1096 1306 his
1119 1270 1286 1307 Creuzer.
1309 1269 1457 1319 Antiqq.

804 1324 948 1361 Romm.
971 1323 1007 1376 ἓ.
1032 1327 1108 1367 161
1138 1338 1224 1375 pag.
1252 1329 1344 1368 232.
1402 1326 1461 1364 De

804 1384 994 1430 sexaginta
1015 1382 1151 1419 dierum
1187 1395 1337 1420 numero
1364 1384 1458 1420 conf.

800 1437 863 1484 IV,
888 1440 965 1478 136
984 1438 1068 1487 ibiq.
1091 1442 1182 1475 nott.

857 1491 949 1539 τούς
964 1489 1107 1532 Ἰώνων
1124 1490 1359 1546 τυράννους]
1379 1489 1455 1533 Ἰώ-

802 1564 874 1596 νας
899 1552 971 1587 duo
1005 1550 1085 1587 libri
1113 1564 1191 1588 cum
1214 1550 1338 1599 Valla,
1379 1563 1452 1588 non

800 1606 1027 1656 improbante
1043 1606 1284 1656 wesseling„
1322 1608 1383 1656 qui
1405 1608 1452 1645 de

800 1663 880 1714 ipsa
899 1676 938 1701 re
954 1663 1043 1701 haec
1065 1664 1278 1714 adscripsit:
1324 1662 1453 1710 „Ade-

799 1723 882 1756 rant
929 1721 1072 1768 tyranni
1116 1733 1159 1758 ex
1197 1719 1452 1770 Hellesponto,

799 1776 1048 1823 Chersoneso,
1088 1776 1237 1814 Aeolide
1273 1780 1310 1813 et
1337 1776 1453 1824 Ionia,

798 1844 889 1880 quos
910 1845 1034 1869 omnes
1066 1846 1129 1870 rex
1158 1833 1187 1869 si
1212 1832 1450 1882 compellavit,

797 1888 923 1925 Ionum
952 1889 1183 1940 praecipuam
1210 1889 1311 1925 duxit
1339 1890 1452 1926 ratio-

797 1957 902 1991 nem,
933 1946 1051 1994 gratia
1079 1950 1117 1983 et
1146 1945 1359 1983 auctoritate
1384 1958 1454 1995 po-

798 2002 949 2047 tiorum3
980 2002 1046 2039 nisi
1067 2003 1095 2038 si
1125 2002 1232 2052 patrii
1261 2003 1370 2038 moris
1396 2005 1454 2038 te-

797 2070 868 2094 nax
886 2056 1010 2095 Ionum
1040 2058 1142 2095 titulo
1161 2058 1323 2095 Graecos
1355 2070 1453 2094 com-

796 2114 1039 2164 prehenderit.
1069 2114 1172 2163 Lege
1183 2128 1212 2151 c.
1229 2116 1318 2154 137.
1333 2114 1452 2155 138.“

795 2191 852 2197 ——
882 2170 940 2207 Ad
980 2171 1173 2221 μετείσθω
1204 2171 1297 2208 conf.
1319 2167 1449 2207 Matth.

797 2224 834 2276 ἓ.
853 2226 948 2274 214,
967 2230 994 2267 2
1017 2240 1103 2278 pag.
1123 2227 1217 2268 408.
1277 2227 1317 2263 In
1348 2238 1453 2275 seqq.

797 2281 1029 2329 διεξέλθωσι
1065 2296 1143 2321 cum
1174 2282 1377 2332 Schweigh.
1418 2286 1455 2319 et

797 2338 914 2376 Gaisf.
928 2340 1025 2377 edidi
1048 2353 1114 2390 pro
1137 2338 1336 2387 διέλθωσι,
1355 2338 1454 2388 quod

796 2394 943 2432 retinuit
964 2395 1153 2434 Matthiae.
1203 2397 1261 2433 Cf.
1288 2395 1326 2444 Ι,
1362 2396 1452 2435 196

796 2448 855 2488 Ad
881 2453 991 2490 verba
1020 2451 1057 2499 ἔς
1077 2468 1149 2504 την
1168 2449 1360 2503 ’ὖμετέοην
1378 2445 1447 2488 αυ’-

792 2509 874 2546 τῶν
905 2509 975 2555 (ita
999 2510 1094 2546 enim
1123 2509 1249 2560 scripsi
1278 2521 1345 2558 pro
1375 2501 1444 2544 ocv’-

792 2562 909 2613 τέων)
928 2564 1050 2602 adhib.
1062 2564 1223 2602 Fischer.
1237 2565 1284 2602 ad
1296 2561 1440 2602 Weller.

791 2620 823 2657 II
844 2633 928 2671 pag.
950 2621 1043 2663 235.
1103 2622 1199 2659 Infra
1220 2619 1359 2657 Herod.
1380 2616 1443 2663 lV,

793 2678 872 2717 133
900 2676 1108 2727 simpliciter
1138 2676 1278 2726 scripsit
1305 2673 1345 2721 ἐς
1369 2669 1443 2723 τήν

789 2730 994 2784 ὕμετέρην.

1482 625 1533 653 Lx
1552 626 1626 654 dies.

1472 665 1554 706 326
