1863 3256
223 764 289 809 48

351 164 436 204 876

751 159 1228 202 HERODOTI

353 270 488 328 αὐτῆς
520 271 672 325 ῥέουσι
703 269 757 315 οὐ
789 275 937 328 πολλῷ
968 287 1046 329 τεῳ
1069 267 1263 324 άριθμὸν
1286 266 1516 319 ἐλάσσονες
1534 272 1624 311 τῶν

323 342 404 386 3ἒν
425 342 631 400 Αἰγύπτῳ
657 342 900 397 διωρύχων.
959 342 1057 384 ὅσοι
1089 340 1134 383 δὲ
1166 338 1437 395 ου’νομαστοί
1464 338 1508 382 τέ
1543 341 1625 383 εἰσι

349 409 519 464 αὐτῶν,
573 413 644 456 καὶ
686 411 963 466 προσπλωτοὶ
1005 408 1089 454 άπὸ
1129 409 1381 467 θαλάσσης,
1438 409 1626 462 τούτους

320 485 342 523 4
354 480 492 538 ου’νομ
499 484 625 527 ανέω.

687 482 857 535 Ἴστρος
896 482 998 537 μὲν,
1049 480 1367 536 πεντάστομος·
1418 481 1522 536 μετὰ
1565 482 1681 534 δὲ,95

355 552 499 609 Τύρης
527 570 570 596 τε
601 554 675 596 καὶ
693 552 902 605 ”’Τπανις,
943 552 1017 596 καὶ
1048 552 1355 609 Βορυσθένης,
1398 553 1472 596 καὶ
1509 557 1626 596 Παν-

348 622 547 678 τικάπης,
591 624 665 666 καὶ
697 622 959 679 Ὑπάκυρις,
999 623 1069 667 καὶ
1104 628 1146 667 Γ
1144 622 1291 680 ἑρῤος,
1339 624 1413 667 καὶ
1449 623 1624 676 Τάναϊς.

352 693 500 747 ῥέουσι
527 693 611 748 γάρ
642 695 730 738 οἵδε
759 693 867 738 κατὰ
898 693 1013 737 τάδε.

449 762 621 819 Ἴστρος
659 764 760 821 μὲν,
813 765 898 810 ἐών
942 764 1142 822 μέγιστος
1191 769 1399 821 ποταμῶν
1447 764 1625 810 πάντων

293 955 358 980 rae
380 941 453 979 late
476 945 604 992 patent
621 946 658 980 et
676 942 723 979 ob
744 942 960 981 excedentia

293 1000 391 1049 ripas
429 1010 512 1035 suas
544 1000 761 1049 plerumque
797 1000 960 1046 flumina,

294 1067 476 1104 nusquam
511 1067 585 1092 non
615 1056 664 1092 ad
697 1055 832 1105 pabula
861 1056 962 1094 serti-

295 1112 389 1150 les.“
428 1111 526 1149 Add.
556 1112 664 1149 Ovid.
694 1112 750 1149 Ex
770 1112 877 1150 Pont.
898 1112 962 1159 111,

298 1173 337 1215 1,
360 1170 426 1209 20.
485 1168 607 1206 Verba
644 1164 693 1207 ου’
722 1171 854 1222 πολλῷ
887 1183 962 1221 τεῳ

297 1225 528 1263 inveniuntur
550 1238 697 1275 quoque
718 1225 753 1272 Ι,
786 1227 864 1266 181
885 1226 962 1262 init.

344 1278 495 1331 Ἴστρος
525 1278 620 1331 μὲν,
664 1277 961 1332 πεντάστομος]

298 1333 574 1388 πεντάστομον
634 1338 777 1376 dixerat
833 1338 964 1375 Istrum

297 1395 467 1444 Ephorus
508 1391 584 1445 (ap.
621 1395 794 1432 Strabon.
826 1394 896 1433 Vll
926 1408 963 1445 p.

297 1450 380 1493 305
403 1465 431 1488 S.
450 1450 532 1492 469
556 1451 598 1488 Β.
639 1451 774 1502 Ephori
796 1452 963 1500 sragmm.

297 1521 385 1558 pag.
402 1504 515 1556 190),
538 1507 689 1556 Dionys.
709 1507 852 1557 Perieg.
869 1510 963 1548 301.

297 1565 446 1613 Scymn.
467 1563 581 1600 Chius
611 1565 793 1613 (fragium.
817 1577 868 1600 vs.
891 1561 962 1614 29)

297 1625 333 1661 et
350 1621 506 1657 sortasse
530 1632 677 1669 quoque
690 1620 822 1670 Scylax
845 1619 909 1670 (cf.
926 1618 963 1670 ἓ.

299 1679 354 1718 20
374 1690 410 1726 p.
423 1679 448 1716 7
467 1676 637 1713 Hudson.
655 1677 742 1726 ibiq.
757 1676 865 1714 Voss.
887 1676 965 1715 Τ.Ι

297 1748 334 1785 p.
356 1731 439 1773 352
466 1733 523 1770 ed.
537 1730 650 1783 Gail.)
665 1762 676 1781 ‚
705 1732 849 1770 Arrian.
870 1733 965 1784 Exp.

298 1789 400 1827 Alex,
418 1789 473 1835 V,
495 1791 534 1835 3,
557 1791 718 1839 itemque
739 1789 838 1827 Mela
856 1791 901 1837 ΙΙ,
929 1792 965 1838 1,

300 1848 354 1887 80
384 1845 559 1893 totidem,
591 1851 682 1896 quot
699 1846 807 1884 Nilus
835 1847 965 1896 (quem

299 1898 574 1952 πεντάστομον
617 1902 755 1940 Noster
790 1904 880 1940 dixit
917 1903 964 1949 ΙΙ,

301 1955 372 2011 10)
416 1960 519 1996 ostiis
552 1959 679 1996 {strum
715 1960 751 1996 in
783 1972 883 1997 mare
912 1960 966 1997 ef-

299 2017 416 2053 fluere
456 2015 628 2053 scribens.
690 2015 832 2066 Septem
872 2016 965 2053 ostia

299 2077 562 2110 commemorat
590 2073 726 2110 Strabo
766 2072 789 2110 l.
825 2072 849 2112 l.
880 2086 965 2123 pag.

300 2127 381 2169 469
406 2128 450 2177 A,
475 2129 550 2175 alii,
573 2141 664 2178 quos
683 2128 836 2166 laudant
854 2129 968 2167 inter-

302 2188 425 2234 pretes
482 2185 531 2222 ad
579 2184 756 2223 Ammian.
802 2185 966 2224 Marcell.

302 2241 422 2289 XXII,
457 2244 482 2283 8
510 2241 557 2279 T.
578 2241 611 2278 ΙΙ
639 2254 726 2292 pag.
746 2241 828 2283 470
849 2242 966 2291 Wag-

304 2309 379 2334 ner.
440 2297 537 2334 Hinc
571 2298 706 2336 Ovidio
750 2297 804 2349 (T
807 2299 883 2336 rist.
917 2298 966 2346 ΙΙ,

308 2352 411 2398 189)
431 2354 640 2403 septemplex
659 2360 716 2393 est
732 2356 840 2402 Ister,
857 2369 966 2405 quem

305 2422 364 2445 sex
388 2409 596 2447 fluminibus
617 2411 654 2447 in
670 2411 826 2448 Pontum
850 2411 968 2449 evolvi

304 2465 427 2502 scribit
464 2465 601 2503 Plinius
635 2466 684 2503 Η.
714 2466 761 2504 Ν.
790 2467 838 2503 IV
881 2466 969 2518 (12)

305 2520 359 2563 24
380 2519 458 2558 coll.
477 2522 593 2559 Tacit.
613 2522 787 2560 German.
813 2526 846 2563 1.
887 2523 969 2561 Alia

305 2581 466 2615 veterum
485 2579 694 2615 testimonia
711 2580 757 2615 de
771 2579 854 2615 lstri
868 2580 968 2616 ostiis

307 2633 506 2671 attulerunt
515 2634 722 2672 Tzschuck.
734 2635 782 2672 ad
793 2634 877 2672 Mel.
889 2636 970 2672 vol.

306 2690 358 2728 111
386 2689 431 2728 Ρ.
463 2691 496 2726 ΙΙ
527 2704 563 2740 p.
586 2690 640 2731 46
665 2704 742 2741 seq.
777 2691 971 2729 Reichard.

306 2746 329 2782 l.
347 2744 370 2782 l.
388 2758 475 2797 pag.
487 2747 541 2787 38
561 2747 607 2784 de
626 2748 705 2784 Istri
725 2748 829 2785 ostiis
851 2749 968 2785 disse-

308 2814 391 2840 rens
423 2815 466 2840 ac
500 2801 714 2842 Mannertus
745 2803 795 2842 lV
825 2817 860 2856 p.
885 2806 968 2846 219

1018 955 1145 992 seqq.,
1175 942 1257 990 alii,
1284 943 1416 993 quibus
1443 943 1530 980 add.
1560 943 1684 980 Kruse

1017 1000 1055 1036 in
1087 999 1260 1049 peculiari
1299 999 1496 1050 scriptione
1524 999 1572 1037 de
1601 999 1685 1035 Istri

1019 1056 1148 1103 ostiis,
1191 1056 1384 1094 Vratislav.
1431 1058 1551 1096 1820.
1609 1055 1685 1098 Qui

1018 1113 1084 1149 viri
1104 1112 1207 1150 docti
1228 1125 1271 1150 ex
1293 1117 1399 1163 parte
1427 1113 1462 1150 in
1489 1125 1533 1150 eo
1553 1110 1684 1149 elabo-

1019 1173 1166 1216 rarunt,
1204 1174 1265 1213 ut,
1305 1182 1399 1218 quae
1438 1183 1460 1206 a
1503 1168 1684 1206 veteribus

1020 1231 1351 1263 commemorantur
1376 1226 1492 1272 ostia,
1524 1237 1604 1262 cum
1629 1225 1685 1272 iis,

1021 1294 1116 1331 quae
1144 1294 1241 1319 nunc
1269 1286 1438 1329 exstant,
1477 1281 1685 1319 contende-

1020 1342 1105 1376 rent
1135 1343 1171 1376 et
1202 1338 1428 1387 singulorum
1447 1338 1684 1375 directionem

1021 1408 1238 1444 cursumque
1262 1399 1433 1432 accurate
1466 1395 1685 1432 indicarent.

1021 1451 1080 1489 De
1103 1464 1175 1500 quo
1195 1452 1231 1488 in
1250 1456 1353 1488 tanta
1372 1452 1588 1501 scriptorum
1609 1451 1686 1487 dis-

1023 1508 1193 1546 sensione
1216 1508 1372 1558 ipsaque
1389 1508 1550 1557 regionis
1573 1507 1686 1544 ostio-

1021 1577 1174 1613 rumque
1205 1577 1270 1614 per
1313 1569 1518 1615 temporum
1557 1564 1688 1601 decur-

1022 1633 1101 1658 sum
1123 1621 1347 1668 mutatione,
1380 1620 1467 1658 certi
1488 1620 1577 1669 quid
1607 1624 1687 1657 sta-

1022 1681 1148 1724 tuere,
1204 1689 1339 1726 anceps
1397 1690 1440 1715 ac
1497 1676 1686 1713 lubricum.

1022 1733 1196 1782 Namque
1223 1733 1407 1783 hodieque
1431 1734 1592 1783 qulnque
1611 1732 1688 1770 Da-

1022 1791 1172 1827 nubium
1211 1790 1337 1837 ostiis,
1379 1791 1526 1827 minime
1559 1790 1687 1827 iisdem

1022 1847 1112 1891 illis,
1148 1847 1281 1896 quibus
1321 1846 1436 1893 olim,
1465 1846 1555 1883 mari
1586 1846 1688 1894 iungi

1021 1907 1178 1941 constat.
1206 1927 1256 1932 —
1294 1903 1352 1941 De
1377 1902 1479 1954 Tyra
1507 1903 1617 1939 fluvio
1645 1915 1688 1939 ac

1022 1960 1070 1998 de
1089 1959 1257 2009 reliquis,
1282 1961 1343 2008 qui
1362 1959 1420 1997 hic
1440 1959 1689 2005 nominantur,

1022 2017 1097 2054 vid.
1127 2017 1219 2053 infra
1247 2016 1320 2062 IV,
1359 2016 1412 2057 51
1438 2036 1490 2043 —-
1521 2015 1573 2056 57
1599 2015 1687 2064 ibiq.

1023 2077 1116 2111 nott.
1138 2094 1192 2100 —-
1233 2072 1274 2109 ln
1297 2073 1370 2110 fine
1389 2085 1468 2123 cap.
1486 2084 1567 2109 cum
1588 2072 1688 2108 Mat—

1023 2129 1122 2167 thiae
1140 2130 1271 2167 retinui
1292 2129 1484 2167 lectionem
1503 2127 1689 2177 vulgatam

1026 2184 1164 2237 ρέουσι
1197 2183 1272 2237 γάρ
1312 2185 1415 2230 οἵδε,
1465 2185 1565 2223 cuius
1609 2183 1689 2221 loco

1025 2242 1231 2291 Schweigh.
1264 2246 1302 2280 et
1330 2242 1448 2279 Gaisf.
1491 2241 1689 2278 substitue-

1025 2304 1108 2337 runt
1128 2297 1263 2350 ῥέουσι
1282 2295 1325 2338 δὲ
1343 2291 1467 2337 οὗτοι.

1197 2355 1312 2405 Cap.
1343 2353 1509 2391 XLVllI.

1072 2408 1247 2462 Ἴστρος]
1275 2412 1332 2447 Cf.
1357 2410 1412 2456 ΙΙ,
1435 2412 1499 2450 33.
1523 2407 1688 2453 Melan,

1030 2471 1074 2513 1,
1105 2468 1179 2508 75:
1213 2467 1292 2514 „At
1319 2466 1400 2513 ille,
1431 2466 1493 2515 qui
1518 2466 1691 2516 Scythiae

1026 2523 1184 2575 populos
1216 2537 1237 2560 a
1269 2523 1506 2572 sequentibus
1544 2522 1691 2569 dirimit,

1027 2580 1165 2630 apertis
1201 2580 1235 2616 in
1278 2580 1479 2617 Germania
1516 2579 1691 2626 sontibus,

1028 2636 1099 2673 alio
1125 2649 1234 2685 quam
1252 2636 1385 2674 desinit
1406 2636 1554 2673 nomine
1573 2635 1692 2673 exori-

1028 2697 1098 2729 tur.
1142 2692 1238 2730 Nam
1259 2706 1325 2743 per
1346 2693 1515 2730 immania
1537 2704 1691 2741 magna-

1027 2761 1104 2785 rum
1135 2750 1298 2797 gentium
1319 2749 1382 2786 diu
1404 2749 1594 2786 Danubius
1615 2753 1689 2786 est:

1026 2805 1161 2844 deinde
1180 2805 1286 2845 aliter
1303 2805 1571 2858 appellantibus
1585 2817 1690 2843 acco-
