1863 3256
495 141 1066 181 MELPOMENE.
1129 142 1188 178 lv.

1391 148 1475 187 :357

203 255 250 299 δὲ
292 254 378 297 οέπὺ
420 255 628 308 Φοινίκης
663 250 850 307 παρήκει
884 248 958 292 διὰ
987 250 1115 306 τῆσδε
1145 252 1222 304 τῆς
1250 249 1476 307 θαλάσσης

200 325 227 381 ἡ
268 325 376 381 ἀκτή
418 324 526 380 αὕτη
567 322 685 377 παρά
728 338 773 365 τε
815 322 989 376 Συρίην
1036 319 1115 376 τὴν
1162 322 1474 377 Παλαιστίνην,

199 397 272 439 καὶ
303 398 551 450 Αἴγυπτον,
591 395 633 446 ἐς
670 392 748 449 τήν
788 395 987 450 τελευτᾷ·
1044 392 1091 435 ἐν
1131 395 1186 448 τῇ
1223 391 1355 435 ἔθνεά
1387 391 1530 434 ἐστι55

169 472 189 507 4
203 468 302 521 τρία
341 470 500 520 μοῦνα.

69 544 135 587 40
194 536 375 592 ἑσπέρης
404 540 479 591 τῆς
507 535 649 591 Ἀσίης
684 533 838 589 ἔχοντά
868 533 969 576 ἐστι.

578 468 727 508 Ταῦτα
767 464 846 519 μὲν
888 459 974 506 ἀπὸ
1021 463 1230 517 Περσέων
1268 461 1322 505 τὰ
1363 461 1476 515 πρὸς

1036 533 1100 575 Τὰ
1140 533 1186 576 δὲ
1225 532 1475 588 κατύπερθε

197 607 427 661 Περσέων,
475 607 548 649 καὶ
579 605 773 660 Μήδων,
813 606 886 648 καὶ
923 606 1204 659 Σασπείρων,
1252 605 1324 648 καὶ
1357 604 1471 648 Κόλ-

194 749 274 805 μὲν
303 746 330 804 ἡ
356 745 551 804 Ἐρυθρὴ
574 746 762 802 παρήκει
777 747 1004 790 θάλασσα·
1045 744 1157 799 πρὸς
1186 748 1326 802 βορέω
1359 747 1404 791 δὲ
1434 744 1519 804 ἡδο

135 1100 224 1138 pag.
257 1089 323 1128 60.
384 1072 446 1124 Ξίο
476 1087 599 1124 Latini
635 1098 806 1123 nonnun-
862 1086 912 1122 ita
940 1090 981 1122 ut
1009 1084 1037 1136 ἦ
1066 1082 1222 1136 ἐρυθρή
1255 1081 1442 1124 θάλασσα
1470 1085 1525 1123 la-

136 1156 246 1193 quam
282 1157 347 1194 per
384 1148 573 1193 usurpant.
634 1143 803 1180 ltinerar.

136 1199 338 1237 Alexandri
355 1201 414 1237 ed.
427 1200 503 1237 Mai
527 1202 634 1240 1817
650 1198 801 1237 Mediol.

136 1255 172 1308 ἓ.
207 1258 280 1296 17;
324 1270 477 1307 „perque
497 1256 678 1293 Euxinum
711 1255 804 1292 mili-

133 1314 257 1350 tansf‘
291 1313 349 1350 Cf.
365 1313 554 1351 Letronne
573 1313 746 1349 inJourn.
764 1312 801 1348 d.

133 1370 220 1407 Sav.
247 1371 354 1411 1818
379 1384 414 1420 p.
438 1370 520 1411 409
552 1370 639 1418 ibiq.
661 1369 800 1406 Zosim.

134 1427 164 1473 l,
191 1426 259 1467 34.
281 1428 318 1465 3.
350 1426 505 1477 Procop.
531 1427 572 1463 B.
598 1426 713 1463 Goth.
738 1425 801 1472 IV,

134 1487 162 1525 2
190 1496 227 1533 p.
250 1483 344 1523 567.
385 1484 456 1531 IV,
484 1483 539 1525 34
568 1498 602 1534 p.
625 1485 707 1524 662
726 1482 798 1518 B.“

138 1539 259 1577 Creu
272 1554 301 1577 z.
340 1540 444 1577 Haec
477 1541 590 1577 verba
617 1540 667 1576 ad
688 1539 799 1575 metli-

134 1601 334 1633 terraneam
360 1610 456 1633 mare
478 1602 642 1646 spectare
658 1625 668 1642 ‚
698 1601 798 1633 recte

134 1654 277 1690 monuit
302 1652 468 1691 Niebuhr
494 1654 516 1690 l.
547 1653 568 1690 l.
595 1666 678 1703 pag.
705 1654 796 1693 152.

134 1709 197 1747 Tu
218 1711 313 1746 conf.
333 1715 424 1747 nott.
445 1712 505 1748 ad.
530 1710 566 1754 l,
601 1710 690 1750 135.
729 1708 798 1745 Ni-

133 1768 264 1804 mirum
292 1781 312 1805 e
343 1771 465 1804 mente
495 1767 680 1804 Herodoti
709 1766 798 1803 haec

133 1823 249 1861 altera
269 1823 484 1873 paeninsula
502 1823 584 1860 talis
604 1828 672 1869 est,
704 1834 798 1872 quae

133 1881 319 1918 aPerside
333 1881 419 1918 inde
438 1893 553 1929 usque
573 1881 620 1917 ad
633 1879 797 1917 Phoeni—

132 1938 224 1974 ciam
234 1949 401 1986 magnam
413 1938 583 1975 exhibeat
595 1936 796 1987 planitiem,

134 1994 200 2031 sed
231 1994 318 2032 inde
343 2007 366 2031 a
391 1993 588 2031 Phoenicia
609 1993 715 2030 aliam
736 2005 796 2030 se-

132 2054 267 2100 quatur
289 2051 548 2098 directionem‚
579 2050 796 2088 mediterra-

132 2119 240 2145 neum
270 2121 336 2158 per
363 2120 464 2145 mare
497 2108 700 2145 secundum
725 2107 797 2155 Sy-

132 2165 269 2201 riacam
293 2177 394 2201 oram
418 2169 587 2215 porrecta
604 2165 652 2201 ad
671 2165 797 2213 Aegy-

132 2225 237 2271 ptum
275 2235 411 2271 usque,
455 2222 518 2258 ubi
554 2222 713 2258 desinat.
740 2240 795 2247 —

133 2277 175 2314 In
202 2290 307 2327 seqq.
338 2277 440 2327 ἔχειν
465 2291 540 2315 non
569 2278 672 2315 aliter
694 2277 795 2329 posi-

135 2338 211 2371 tum
229 2339 342 2385 atque
361 2335 397 2382 l,
431 2337 520 2376 180.
545 2337 636 2375 191.

352 2393 464 2442 Cap.
494 2391 576 2429 XL.

197 2444 252 2486 To}
272 2445 314 2487 δὲ
331 2445 559 2499 κατύπερθε
582 2445 794 2500 Περσέων]

134 2503 321 2553 Regiones
355 2505 529 2555 intelligit
554 2505 650 2542 ultra
675 2505 795 2543 Persi-

136 2561 241 2607 dem,
282 2562 468 2609 Mediam,
507 2563 678 2613 Saspires
706 2561 795 2599 Col-

135 2617 297 2666 ehosque
326 2619 507 2656 orientem
537 2632 665 2656 versus
693 2619 796 2666 sitas,

137 2686 228 2722 quas
267 2674 358 2710 mari
390 2687 510 2724 eoque
537 2675 689 2713 australi
719 2676 795 2713 sive

135 2730 245 2767 rubro
280 2742 302 2767 e
338 2732 488 2769 meridie
518 2732 599 2770 illuc
625 2736 795 2783 porrecto

134 2787 333 2824 circumflui
355 2787 538 2825 Herodoti
568 2793 626 2827 est
655 2789 794 2840 opinio,

859 1143 942 1178 tiori
959 1155 1068 1179 sensu
1094 1144 1131 1179 in
1160 1143 1368 1180 universum
1386 1142 1528 1179 dicatur

859 1199 1038 1248 quidquid
1072 1200 1180 1236 maris
1203 1212 1225 1236 a
1245 1199 1396 1236 meridie
1419 1199 1526 1236 inde-

859 1267 931 1304 que
963 1256 1072 1292 etiam
1093 1256 1139 1292 ab
1159 1256 1301 1293 oriente
1325 1260 1381 1293 est
1400 1255 1525 1303 Asiae,

858 1311 982 1349 Asiam
1014 1313 1060 1349 ab
1093 1313 1249 1361 utraque
1266 1316 1373 1362 parte
1390 1316 1427 1349 et
1445 1325 1523 1349 me-

858 1368 1030 1405 ridionali
1046 1373 1083 1406 et
1093 1369 1244 1406 australi
1257 1370 1524 1406 circumfluens.

858 1424 917 1462 Cf.
938 1426 1104 1474 Breiger.
1123 1425 1143 1462 l.
1157 1425 1179 1462 l.
1201 1438 1287 1476 pag.
1302 1428 1354 1467 12
1375 1430 1424 1473 et,
1441 1439 1523 1462 mo-

856 1487 968 1520 nente
991 1482 1073 1530 Cr„
1091 1481 1274 1519 Mannert.
1300 1482 1350 1518 lV
1367 1495 1453 1532 pag.
1467 1484 1518 1523 61

856 1551 960 1589 seqq.
990 1539 1114 1576 Verba
1135 1536 1182 1577 τοὶ
1205 1536 1301 1590 πρὸς
1320 1534 1384 1588 ηὀἷ
1397 1553 1437 1578 τε
1453 1537 1521 1577 καὶ

856 1591 991 1645 η’έλιον
1023 1591 1285 1634 ἀνατέλλοντα
1311 1595 1519 1645 Schweigh.

854 1654 890 1688 in
913 1653 1050 1690 Anuot.
1072 1653 1120 1690 ad
1140 1652 1167 1698 Ῐ,
1197 1655 1280 1694 202
1301 1651 1521 1702 interpreta-

855 1713 914 1746 tur
929 1711 1086 1758 regiones
1107 1709 1157 1746 acl
1177 1711 1339 1746 orientem
1360 1710 1417 1757 (in
1430 1722 1521 1759 par-

855 1767 949 1802 tibus
971 1766 1219 1813 orientalibus)
1250 1768 1352 1802 sitas.
1391 1765 1519 1803 Malim

854 1824 1046 1873 equidem:
1079 1825 1239 1872 regiones
1261 1824 1425 1859 orientem
1444 1835 1518 1859 ver-

855 1893 914 1916 sus
940 1883 1134 1930 porrectas.
1163 1902 1219 1907 —
1270 1875 1407 1930 ἠέλιον
1436 1892 1516 1916 cum

855 1937 1059 1986 Schweigh.
1085 1942 1121 1974 et
1140 1936 1258 1973 Gaisf.
1276 1937 1363 1974 dedi
1383 1941 1419 1974 et
1440 1936 1474 1972 h.
1495 1935 1518 1972 l.

854 1999 892 2031 et
908 1993 978 2041 IV,
999 1994 1052 2034 42
1073 1994 1148 2040 fin,
1170 2006 1242 2042 quo
1263 1999 1420 2043 utroque
1439 1993 1519 2030 loco

853 2050 986 2088 Matth.
1007 2051 1157 2088 retinuit
1171 2046 1299 2099 ἥλιον.

911 2106 977 2146 καὶ
991 2105 1014 2146 ὁ
1027 2104 1193 2158 Ἀράξης
1209 2104 1400 2157 ποταμός,
1414 2104 1517 2155 ῥέων

853 2161 955 2215 πρός
982 2159 1116 2211 ἠ’έλιον
1141 2160 1381 2215 ἀνίσχοντα]
1415 2164 1518 2201 Haec

853 2222 967 2260 verba
987 2234 1077 2258 sana
1096 2221 1207 2258 modo
1234 2221 1306 2257 sint
1319 2249 1330 2267 ‚
1361 2221 1516 2258 Araaeem

853 2280 1031 2316 orientem
1064 2290 1189 2315 versus
1221 2279 1336 2315 fluere
1367 2290 1517 2315 necesse

854 2340 911 2374 est
937 2340 1099 2381 statuas,
1129 2335 1180 2371 ita
1205 2339 1244 2371 ut
1273 2335 1310 2371 in
1332 2347 1433 2372 mare
1452 2346 1516 2370 au-

851 2391 986 2436 strale,
1018 2392 1119 2441 quod
1144 2390 1270 2428 Asiam
1299 2392 1347 2428 ab
1375 2391 1517 2428 oriente

852 2449 1044 2495 terminet,
1097 2453 1217 2486 exeat.
1273 2448 1387 2491 Quod
1434 2459 1516 2484 cum

852 2507 899 2544 ab
939 2506 1039 2542 omni
1083 2505 1283 2543 abhorreat
1321 2503 1517 2548 verisimili,

853 2562 1056 2612 Schweigh.
1084 2562 1178 2609 (vid.
1197 2566 1274 2599 not.
1295 2561 1344 2598 ad
1361 2561 1389 2608 l,
1414 2558 1517 2608 202)

852 2619 942 2657 haec
966 2620 1080 2657 verba
1105 2619 1157 2656 sic
1176 2618 1329 2666 intelligi
1345 2617 1444 2663 vult,
1475 2620 1517 2652 ut

852 2676 990 2713 Araxes
1038 2677 1155 2713 fluere
1201 2675 1425 2713 existimetur
1467 2671 1517 2707 ad

854 2734 1040 2777 orientem,
1079 2745 1110 2768 s.
1153 2731 1198 2767 ab
1231 2733 1361 2767 oriente
1389 2728 1516 2778 Caspii

856 2789 928 2826 scil.
958 2788 1090 2837 maris,
1121 2800 1201 2824 cum
1225 2787 1375 2824 verbum
1399 2782 1518 2832 ῥέειν,

1556 544 1645 583 Argiae
1670 551 1786 573 tractu-

1547 578 1723 638 1‘1'12'55'21‘331‘13*
1753 581 1791 607 ²⁰

1578 653 1612 671 ar
1644 654 1661 671 a
1687 651 1712 671 st
1764 647 1770 652 ”

192 693 306 733 χων,
339 676 391 719 τὰ
422 676 535 730 πρὸς
554 674 620 731 ηἰᾶ
639 692 683 718 τε
715 676 788 719 καὶ
818 674 966 731 ἠέλιον
997 673 1311 728 ἀνατέλλοντα,
1343 676 1471 719 ἔνθεν
1530 654 1623 724 2Πς1981
1667 654 1682 672 u
1717 646 1783 680 ‘ab'

1530 735 1567 761 nd
1595 735 1764 774 aquilon-em
1790 743 1807 761 a

1530 777 1605 808 muri
1634 769 1744 803 Caspio
1777 773 1807 796 et

193 821 370 876 Κασπίη
402 836 446 863 τε
476 817 700 869 θάλασσα,
739 819 813 862 καὶ
843 817 866 862 ὁ
893 816 1072 874 Ἀράξης
1102 817 1322 873 ποταμός,
1356 818 1469 873 ῥέων
1527 803 1805 868 ἓιῖἷιῖῗῼκιίῗιῗῑῖἷῖῗζ

165 891 308 947 Ξπρὸς
337 890 487 949 η’έλιον
517 889 764 947 ἀνίσχοντα.
810 890 933 946 μέχρι
954 889 1000 933 δὲ
1020 893 1096 945 τῆς
1127 887 1306 947 Ἰνδικῆς
1335 891 1468 934 οἰκέε-
1525 869 1806 964 ἓῖἑίιὲἓὲίὶξῑῗιιξέἒῗ

1550 970 1680 1005 cognita.
