1863 3256
435 157 519 198 898
853 156 1326 197 HERODOTI

433 266 578 322 ἴδμεν·
619 266 947 324 ἀνοιγομένοισι
977 266 1023 310 δὲ
1047 270 1162 310 τοῖσι
1191 265 1365 322 κτήνεσί
1395 267 1484 311 ἐστι
1509 269 1705 324 σταθμώ-

433 343 615 391 σασθαι,
654 337 721 382 ὅτι
750 342 880 382 τοῦτο
912 337 1052 388 οὕτως
1081 337 1176 393 ἔχει.

549 409 611 451 Τὰ
639 410 718 464 μὲν
749 409 801 464 δὴ
832 409 1008 463 μέγιστα
1039 407 1154 452 οὕτω
1185 419 1266 464 σφι
1294 405 1463 462 εὔποροί
1493 407 1595 451 ἐστι.
1653 407 1761 452 τά30

406 479 486 523 Ξὸὲ
516 479 648 523 λοιπά
680 479 841 533 νόμαια
872 479 983 522 κατὰ
1021 478 1124 523 τάδε
1166 492 1247 534 σφι
1278 478 1502 522 διακέεται.
1569 478 1706 530 Θεούς

436 552 514 606 μὲν
543 550 739 606 μούνους
769 548 926 593 τούσδε
956 551 1234 594 ἱλάσκονται·
1287 549 1443 606 Ἱστίην
1470 550 1550 606 μὲν
1581 549 1703 607 μάλι-

435 633 534 664 στα·
581 620 649 663 ἐπὶ
681 621 751 672 δὲ,
781 624 872 665 Δία
900 638 945 665 τε
974 623 1047 666 καὶ
1079 626 1195 679 Γῆν,
1225 625 1475 677 νομίζοντες
1504 621 1584 678 τὴν
1611 618 1705 679 Γῆν

431 696 513 734 τοῦ
543 691 654 742 Διὸς
684 690 794 736 εἶναι
823 699 1034 749 γυναῖκα·
1081 693 1186 749 μετα
1225 695 1271 736 δὲ
1307 691 1518 744 τούτους,
1557 692 1703 738 Ἀπόλ-

432 760 552 804 λωνά
590 779 634 806 τε
671 764 743 806 καὶ
784 763 1001 821 οὐρανίην
1037 764 1320 820 Ἀφροδίτην,
1369 764 1442 807 καὶ
1474 763 1702 820 Ἡρακλέα,

399 833 506 876 3καὶ
526 832 670 888 ’Ἄρεα
730 833 917 886 τούτους
951 836 1030 892 μὲν
1060 836 1218 885 πάντες
1250 837 1294 878 οἵ
1323 835 1502 878 Σκύθαι
1537 839 1760 892 νενομί-35

426 916 552 947 κασι·
601 907 645 949 οί
685 906 729 950 δὲ
762 905 1020 963 καλεόμενοι
1055 906 1277 964 βασιλήιοι
1306 904 1489 950 Σκύθαι
1529 907 1604 950 καὶ
1642 911 1704 964 τῷ

304 404 372 453 59

97 468 227 497 Numina
257 471 377 506 Scythi-

113 511 166 537 ca,
201 509 231 532 et
255 513 361 532 eorum

113 538 333 572 appellationes
351 548 359 566 ε

97 570 191 598 Marti
218 573 274 599 soli
303 577 377 599 tem-

97 605 147 644 pla
178 610 209 632 et
243 614 313 633 aras
345 610 377 633 et

114 640 276 678 simulacra
314 639 358 667 fa-

113 676 206 700 ciunt.

374 1092 539 1140 optimum
572 1093 752 1140 praeberet
793 1093 953 1141 succum)
999 1097 1039 1128 ut

373 1147 510 1198 placuit
538 1148 798 1195 Valckenario,
837 1152 898 1199 qui
925 1149 1038 1186 Athe-

373 1216 505 1241 naeum
536 1205 626 1241 citat
655 1206 688 1242 ll
716 1220 751 1256 p.
773 1208 825 1248 58
848 1207 888 1244 E.
918 1208 971 1246 68
995 1206 1036 1242 F·

372 1260 470 1298 Nam
507 1260 712 1299 huiusmodi
742 1263 876 1301 herbae
910 1264 939 1299 si
968 1262 1037 1298 hoc

373 1317 453 1355 loco
474 1318 766 1367 designarentur,
790 1333 944 1369 quarum
966 1319 1036 1354 vir—

370 1378 430 1411 tus
452 1387 539 1412 sane
558 1387 632 1412 non
650 1383 724 1413 tam
746 1382 896 1414 externo
915 1389 959 1413 ex
971 1375 1037 1412 ha-

371 1431 464 1478 bitu,
500 1443 610 1480 quam
636 1446 657 1470 e
678 1434 840 1471 sectione
863 1432 1035 1482 cognosci

371 1492 507 1536 queat,
545 1489 661 1525 minus
693 1490 787 1527 bene
817 1490 1037 1527 convenient

374 1544 586 1592 sequentia,
612 1546 743 1594 quibus
773 1551 929 1583 testatur
958 1546 1037 1582 He-

373 1600 540 1648 rodotus,
571 1614 616 1638 ex
636 1603 774 1652 apertis
792 1603 1039 1652 inspectisque

324 1652 327 1656 ”
376 1657 585 1701 animalium
597 1658 781 1696 intestinis
791 1660 837 1697 de
846 1660 1040 1697 herbarum

376 1713 501 1751 indole
530 1715 656 1752 coniici
684 1729 804 1766 posse.
830 1738 887 1745 --
929 1711 1040 1754 α’νοι-

376 1769 581 1822 γομένοισι
601 1772 734 1809 Suidas
767 1774 810 1821 (s.
832 1787 866 1810 v.
888 1768 1040 1824 ἀνοίγει

377 1827 425 1865 Τ.
449 1827 463 1864 Ι
481 1841 517 1878 p.
540 1829 637 1878 236)
667 1830 934 1881 interpretatur
955 1843 1039 1880 σχι-

373 1883 566 1935 ζομένοις.

578 1953 689 2004 Cap.
721 1953 818 1992 LIX.

434 2005 492 2048 To>
506 2008 577 2059 μὲν
600 2007 650 2059 δή
661 2009 822 2063 μέγιστα
839 2007 943 2050 οὕτω
965 2024 1038 2060 σφι

374 2063 526 2119 εὔποροί
559 2065 660 2118 ἐστι]
699 2068 722 2104 i.
762 2082 793 2106 e.
829 2067 1037 2115 „Maximis

374 2125 490 2173 igitur
513 2123 607 2161 hisce
634 2127 786 2162 utuntur
810 2126 1037 2163 commodis.“

373 2203 430 2207 —
478 2179 539 2218 Ad
583 2177 814 2221 ἱλάσκονται
854 2184 891 2219 in
931 2195 1036 2232 seqq.

372 2238 467 2274 conf.
503 2238 670 2275 Eustath.
699 2239 747 2276 ad
766 2239 917 2277 Homer.
948 2252 1035 2289 pag.

372 2295 479 2340 978,
504 2297 554 2335 18
576 2308 605 2331 S.
625 2298 731 2342 967,
765 2298 798 2336 1.
821 2317 876 2324 --
907 2295 971 2335 ἐπὶ
994 2293 1037 2334 δὲ

370 2349 544 2399 ᾕίοδναΙεῐ
567 2350 716 2397 deinde,
748 2355 822 2389 tum
843 2365 945 2400 vero,
975 2353 1035 2390 ubi

372 2406 455 2443 licet
480 2407 652 2457 suppleas
679 2404 804 2463 ταύτῃ
836 2423 884 2447 sc.
908 2406 1036 2462 Ἱστίῃ,

375 2466 418 2498 ut
449 2463 485 2499 in
517 2463 619 2499 simili
644 2463 826 2503 locutione
854 2463 954 2515 πρός
984 2465 1037 2504 δέ.

376 2517 436 2555 Cf.
464 2519 552 2565 Vll,
592 2521 685 2560 219.
728 2521 831 2566 ΥΙΙΙ,
869 2525 935 2563 67.
969 2525 1036 2564 93.

379 2576 483 2622 113,
513 2575 582 2612 alia
612 2576 712 2626 apud
741 2577 1034 2628 Schweighaeus.

377 2630 414 2668 in
432 2631 522 2670 Lex.
544 2632 684 2669 Herod.

436 2688 494 2726 De
516 2688 644 2725 Venere
669 2687 810 2726 Urania
826 2690 921 2726 conf.
942 2701 1037 2738 qnae

376 2748 503 2782 notata
544 2749 629 2783 sunt
663 2746 712 2783 ad
743 2746 778 2792 l,
812 2748 903 2787 105.
946 2747 1035 2787 131.

377 2801 498 2845 Quam
517 2802 566 2839 ad
590 2806 743 2840 matrem
759 2802 855 2841 illam
874 2804 1035 2840 omnium

1094 1104 1215 1129 rerum
1235 1093 1271 1129 in
1291 1098 1441 1141 natura,
1471 1092 1547 1130 sive
1569 1092 1638 1129 vim
1661 1092 1759 1130 illam

1094 1150 1398 1198 procreatricem,
1450 1150 1523 1199 quiz
1573 1162 1616 1186 ex
1662 1145 1760 1199 aqua

1094 1207 1216 1242 omnia
1246 1207 1486 1256 proveniant,
1516 1205 1667 1243 relatam
1696 1218 1760 1243 vo-

1094 1261 1185 1309 lunt,
1212 1276 1277 1312 per
1301 1276 1428 1300 omnes
1457 1264 1534 1300 sere
1553 1262 1662 1300 Asiae
1680 1262 1760 1313 pla-

1093 1331 1159 1367 gas
1180 1319 1310 1356 cultam
1330 1321 1429 1356 vario
1448 1319 1558 1357 modo
1575 1320 1758 1369 variisque

1093 1377 1382 1424 cognominibus.

1149 1442 1214 1481 καὶ
1259 1441 1450 1494 Ἡρακλέα
1499 1442 1567 1482 καὶ
1604 1441 1757 1495 ’Ἁρεα]

1094 1498 1197 1537 Haec
1216 1501 1342 1537 Ritter.
1357 1501 1561 1538 Erdkunde
1572 1501 1605 1537 ll
1623 1514 1658 1551 p.
1675 1501 1758 1541 838

1094 1556 1143 1591 ad
1176 1557 1333 1606 priscam
1363 1557 1459 1594 illam
1486 1560 1599 1596 refert
1625 1559 1758 1594 samam

1095 1614 1297 1661 antiquitus
1326 1615 1481 1652 maxime
1505 1614 1758 1665 pervulgatam

1097 1669 1144 1706 de
1170 1682 1258 1719 rege
1287 1671 1449 1719 quodam
1477 1672 1758 1722 sapientissimo,

1097 1726 1159 1775 qui
1207 1739 1318 1764 aurea
1359 1729 1486 1765 vixerit
1531 1733 1674 1775 aetate,
1721 1732 1759 1766 et

1096 1783 1195 1832 apud
1212 1783 1414 1822 Phoenices
1442 1790 1592 1823 vocetur
1613 1784 1758 1821 Malek-

1097 1843 1182 1876 art·
1196 1854 1242 1887 eS,
1265 1841 1364 1890 apud
1385 1841 1548 1879 Graecos
1572 1841 1758 1888 Hercules,

1096 1897 1196 1946 apud
1240 1897 1430 1935 Romanos
1476 1898 1608 1945 Mars,
1658 1899 1757 1949 apud

1096 1953 1186 1990 alios
1215 1954 1377 1991 Graecos
1405 1955 1638 2005 Scythasque
1657 1957 1757 1992 Ares.

1095 2010 1217 2059 Atque
1245 2010 1316 2046 alio
1343 2010 1423 2048 loco
1448 2012 1476 2048 ll
1498 2025 1534 2062 p.
1555 2013 1638 2053 793
1656 2013 1758 2050 Mar-

1095 2067 1141 2103 tis
1174 2068 1309 2104 cultum
1338 2068 1387 2104 ad
1407 2068 1588 2117 Calybum
1609 2076 1756 2118 gentem

1095 2128 1133 2160 et
1161 2125 1279 2174 ipsam
1306 2125 1534 2173 Scythicam,
1565 2124 1674 2163 Ponti
1696 2137 1758 2163 ac-

1094 2180 1210 2217 colam
1259 2185 1295 2218 et
1337 2182 1422 2219 ferri
1457 2182 1641 2219 tractandi
1675 2186 1756 2220 arte

1092 2241 1343 2287 praestantem
1362 2239 1493 2276 refert:
1531 2251 1605 2288 quo
1623 2239 1755 2276 eodem

1092 2293 1208 2331 relata
1226 2294 1311 2340 vnlt,
1342 2307 1438 2343 qnae
1456 2295 1591 2332 tradita
1609 2299 1756 2332 exstant

1094 2350 1167 2396 lV,
1197 2353 1250 2391 62
1272 2356 1309 2388 et
1331 2351 1430 2400 apud
1448 2351 1626 2388 Ammian.
1651 2351 1755 2388 Mar·

1095 2406 1172 2444 cell.
1190 2407 1335 2453 XXXI,
1366 2410 1391 2447 2
1417 2420 1452 2457 p.
1478 2409 1559 2448 673
1581 2408 1627 2445 de
1647 2408 1755 2445 Hun-

1093 2464 1149 2500 nis
1172 2464 1330 2500 Martem
1360 2463 1426 2499 sub
1445 2465 1543 2501 ensis
1562 2464 1599 2501 in
1618 2469 1754 2502 terram

1094 2519 1153 2556 fixi
1172 2520 1292 2569 specie
1311 2519 1524 2557 colentibus.

1150 2574 1399 2626 νενομίκασι]
1432 2578 1493 2614 Sic
1514 2578 1608 2614 infra
1630 2573 1755 2627 νηοΰς

1097 2628 1146 2671 ου’
1194 2633 1469 2680 νομίζουσι
1509 2631 1661 2673 ποιέειν
1695 2639 1752 2671 et:

1094 2685 1220 2742 τούτῳ
1252 2687 1293 2727 δὲ
1328 2690 1543 2739 νομίζουσι.
1597 2690 1655 2728 Cf.
1687 2689 1752 2735 lv,

1094 2748 1147 2788 63
1169 2751 1205 2783 et
1223 2752 1313 2783 nott.
1331 2747 1379 2783 ad
1399 2747 1425 2794 l,
1448 2748 1539 2788 131.
1569 2747 1659 2785 Mox
1670 2759 1752 2784 cum

1092 2803 1296 2853 Schweigh.
1317 2809 1355 2841 et
1374 2803 1492 2842 Gaisf.
1522 2804 1656 2842 inserui
1684 2818 1750 2842 κα-
