1863 3256
434 226 994 271 MELPOMENE.

1051 228 1114 266 IV·
1325 235 1408 274 607

139 343 214 387 καὶ
250 341 362 397 πρὸς
398 342 592 386 τούτοισι
628 337 770 384 πάντα
808 337 862 381 τὰ
898 336 1054 393 αἰσχρὰ
1089 337 1435 392 λοιδορέονται,1

142 414 208 457 ὅτι
239 414 376 469 σφέας
404 415 543 457 καίων
573 412 799 466 ἐπιτρίβει,
833 407 999 460 αὐτούς
1028 424 1072 451 τε
1101 407 1205 459 τούς
1237 407 1409 463 ἀνθρώ-

111 489 266 536 4πους,
296 485 368 528 καὶ
398 484 479 541 τὴν
509 483 657 540 χώρην
687 480 845 524 αὐτῶν.
893 480 1018 523 Μετὰ
1049 480 1115 531 δὲ,
1148 479 1211 524 δι’
1244 478 1410 523 ἀλλέων

141 555 245 599 δέκα
270 554 465 610 ἡμερέων
490 555 621 606 ὁδοῦ,
654 553 783 603 ἄλλος
805 551 997 602 κολωνὸς
1024 551 1148 603 ἁλὸς,
1180 551 1251 595 καὶ
1273 551 1410 604 ὕδωρ,

111 627 218 669 final,
257 626 491 680 ἅνθρωποι
523 626 623 680 περὶ
656 623 790 667 αὐτὸν
820 622 1024 666 οἰκέουσι.

1083 624 1220 678 ἔχεται
1251 622 1296 666 δὲ
1329 624 1443 665 τοῦ5

139 695 245 748 ἁλὰς
281 696 448 741 τούτου
482 692 636 752 οὖρος,
674 698 735 751 τῷ
772 692 943 751 οὔνομά
973 694 1063 738 ἔστι
1086 693 1260 745 Ἄτλας·
1320 693 1410 737 ἔστι

82 900 239 937 conficit.
271 899 380 950 Apud
398 898 566 936 Eustath.
590 897 612 935 l.
635 897 658 935 l.
680 911 747 949 pro

29 985 33 995 1
80 952 375 1007 ’ὑπερβάλλοντι
404 961 523 993 exstat
549 953 748 1006 ’ὑπερβαλ-

81 1009 252 1061 λόντως,
292 1013 408 1058 male,
447 1016 488 1049 ut
528 1014 670 1050 videtur
702 1013 748 1049 Is.

30 1072 33 1080 ⁴
80 1070 212 1107 Vossio
250 1070 298 1106 ad
332 1070 452 1107 Melae
482 1069 598 1106 locum
632 1069 671 1116 I,
710 1070 748 1116 8,

19 1143 23 1157 ι
81 1127 138 1167 42
168 1125 392 1174 (‚‚Atlantes
422 1125 545 1162 Solem
576 1138 750 1164 execran—

81 1188 142 1220 tur
173 1188 211 1220 et
241 1184 327 1219 dum
351 1183 464 1219 oritur
483 1186 523 1220 et
545 1183 630 1219 dum
654 1182 747 1219 occi-

21 1261 25 1275 1
82 1240 160 1285 dit,
198 1244 236 1276 ut
268 1239 356 1289 ipsis
390 1239 564 1288 agrisque
597 1239 748 1288 pestife-

82 1297 240 1344 rum“),
271 1297 332 1345 qui
354 1296 391 1332 id
408 1296 545 1346 ipsum:
574 1297 630 1347 τῷ
646 1293 745 1348 ’ἡλίῳ

22 1369 29 1383 1
81 1348 396 1403 ὑπερβάλλοντι,
428 1353 528 1401 quod
552 1352 746 1388 Gramma-

23 1415 29 1446 l
81 1409 142 1446 tici
166 1413 352 1458 exponunt
363 1406 660 1458 ὕπερβαίνοντι,
683 1421 744 1444 cu-

81 1466 211 1514 iusque
251 1465 331 1502 loco
362 1465 609 1502 Damascenus
641 1466 748 1514 ponit

30 1528 31 1531 ’
83 1517 310 1572 α’νίσχοντι,
341 1522 514 1570 quodque
533 1521 631 1558 Mela
660 1522 747 1557 red-

82 1580 161 1616 dit:
220 1579 332 1625 „clum
366 1579 477 1614 oritur
511 1581 542 1614 et
583 1578 746 1614 occz‘dz't“

30 1652 33 1670 a
80 1636 198 1673 minus
245 1636 340 1672 benc
378 1633 535 1682 intelligi
566 1639 671 1683 putat
700 1635 748 1671 de

81 1691 178 1739 sole,
214 1691 389 1740 quamdiu
420 1703 530 1740 supra
557 1691 655 1740 ipsos
685 1691 746 1737 sit,

81 1749 149 1785 sed
179 1749 303 1798 potius
334 1748 381 1784 de
401 1746 477 1784 sole
495 1749 748 1796 supercmtz'ssi—

80 1816 149 1852 mc,
169 1808 210 1841 ut
229 1804 327 1854 apud
343 1803 551 1840 Lucretium
573 1803 632 1851 [Ὦ
650 1804 746 1853 395]

81 1863 306 1910 superantior
323 1861 422 1908 ignis
440 1860 460 1897 i.
473 1873 505 1897 e.
522 1861 748 1897 vehementis-

82 1920 211 1954 simus:
267 1921 305 1954 et
336 1917 435 1967 apud
467 1917 562 1953 Gell.
591 1917 639 1954 N.
672 1917 747 1954 Att.

81 1975 156 2020 ΙΙΙ,
197 1976 222 2013 2
252 1973 317 2011 Sol
359 1986 522 2021 magnus.
576 1972 630 2011 Ac
660 1974 748 2010 talia

82 2031 231 2068 omnino
261 2043 304 2067 ex
336 2042 403 2075 ea,
437 2043 533 2078 quae
561 2030 746 2068 Herodoti

82 2088 152 2125 fuit
189 2087 369 2123 sententia
395 2087 442 2123 de
478 2091 598 2124 terrae
630 2088 746 2124 forma

83 2144 312 2193 explicanda.
351 2143 458 2179 Conf.
488 2147 582 2180 nott.
610 2144 658 2180 ad
681 2143 745 2190 ΠΙ,

85 2198 179 2241 104.
220 2199 292 2246 IV,
331 2201 395 2239 36.
454 2198 511 2235 Ad
548 2212 745 2248 argumen-

82 2260 160 2293 tum
182 2256 250 2292 loci
269 2260 415 2306 praeter
436 2255 556 2293 Melae
578 2270 618 2292 ac
638 2256 746 2292 Plinii

85 2312 110 2350 l.
123 2312 145 2350 l.
157 2313 256 2359 facit,
273 2312 458 2349 Heerenio
469 2316 564 2349 teste
576 2312 598 2349 l.
610 2311 646 2359 l.,
665 2312 746 2350 Leo

82 2368 274 2406 Africanus
296 2368 394 2406 idem
417 2370 463 2406 de
481 2368 607 2405 incolis
627 2373 746 2406 terrae

83 2424 212 2462 Bornu
238 2426 422 2471 reserens,
453 2427 554 2474 quod
574 2425 747 2462 Herodo-

84 2485 144 2518 tus
186 2481 232 2518 dc
261 2480 508 2519 Atarantibus.
567 2481 745 2519 Valcken.

86 2537 129 2573 ‹Ie
156 2537 260 2573 malis
280 2539 441 2587 precibus
470 2540 651 2588 verbisque
682 2541 747 2576 im-

80 2595 154 2645 piis
174 2595 209 2629 ἰἰι
227 2594 342 2629 Solem
362 2597 468 2632 iactis
490 2597 631 2633 confert
641 2596 748 2633 Stra-

86 2651 171 2687 bon.
194 2650 295 2686 XVll
318 2663 403 2699 pag.
423 2653 504 2692 822
531 2665 560 2689 S.
587 2655 694 2694 1178
714 2651 746 2689 A

84 2705 239 2744 Diodor.
261 2706 307 2742 lll
342 2705 397 2756 [8]
428 2720 464 2756 p.
488 2710 567 2748 179
587 2707 632 2745 A.

146 2759 263 2800 Μετεὶ
295 2759 359 2809 δὲ,
388 2758 443 2799 δι’
473 2758 622 2803 οἷλλέων
651 2762 746 2804 δέκα

84 2816 265 2870 ’ἡμερέων
296 2816 574 2867 66023]'Media
605 2821 640 2857 in
674 2822 747 2869 via,

86 2887 183 2926 quae
224 2875 272 2913 ad
308 2875 436 2913 Bornu
474 2875 606 2924 ducat3
652 2878 748 2916 intra

804 897 978 943 Murzuk,
1001 900 1110 946 (quae
1129 897 1290 948 capitalis
1312 899 1367 933 est
1382 896 1466 932 urbs

805 960 924 993 terrae
952 954 1119 1001 Fezzan)
1150 960 1186 991 et
1215 954 1321 999 Lari,
1351 954 1466 1002 (quae

805 1014 842 1050 in
867 1012 1032 1049 confiniis
1052 1015 1170 1048 terrae
1193 1012 1318 1047 Bornu
1340 1015 1394 1046 est
1415 1010 1466 1046 si-

806 1070 879 1117 ta),
903 1069 964 1105 ubi
986 1069 1081 1105 iacet
1099 1067 1235 1115 Bilma,
1260 1080 1355 1116 quae
1375 1080 1465 1115 gen-

806 1127 852 1163 tis
884 1125 1007 1163 Tibba
1037 1125 1235 1175 praecipua
1262 1125 1377 1160 fertur
1409 1136 1467 1160 se-

804 1184 892 1228 des,
940 1182 1122 1218 Herodoti
1167 1181 1332 1217 Atlantes
1377 1180 1465 1229 poni

802 1239 881 1275 vult
898 1239 1057 1275 Heeren.
1082 1239 1191 1274 ldeen
1210 1238 1257 1283 ΙΙ,
1283 1239 1301 1275 1
1324 1251 1360 1286 p.
1383 1238 1466 1276 242

803 1308 881 1344 seq.
924 1296 1030 1338 Quae
1057 1295 1157 1343 regio
1178 1310 1199 1332 a
1219 1293 1298 1330 loco
1319 1293 1465 1342 Teger-

802 1365 864 1400 ry,
895 1352 955 1387 ubi
989 1352 1097 1387 sedes
1120 1350 1356 1397 Atarantum,
1385 1362 1466 1388 cum

803 1409 914 1444 distet
951 1406 1203 1455 duodeviginti
1239 1407 1377 1443 dierum
1408 1407 1467 1442 iti-

804 1478 892 1501 nere
921 1463 997 1512 (qui
1032 1465 1140 1500 solito
1170 1462 1243 1499 scil.
1267 1463 1466 1510 breviores,

804 1522 853 1558 ad
875 1521 1066 1558 duodecim
1092 1521 1167 1557 sive
1185 1520 1357 1556 tredecim
1378 1532 1467 1570 pos-

805 1579 876 1614 sint
907 1578 1087 1623 revocari,
1126 1576 1180 1612 his
1215 1577 1243 1612 si
1280 1577 1466 1613 addantur

805 1638 886 1670 octo
920 1634 997 1670 dies
1027 1635 1127 1680 viae,
1168 1645 1263 1682 quae
1293 1644 1316 1668 a
1347 1633 1466 1669 Gara-

804 1691 988 1728 mantibus
1030 1692 1077 1727 ad
1109 1690 1305 1727 Atarantes
1341 1690 1465 1734 ducat,

806 1748 903 1784 idem
949 1748 1091 1792 existit,
1139 1750 1290 1783 auctore
1322 1746 1466 1782 Heere-

805 1805 888 1849 nio,
920 1804 1048 1851 viginti
1080 1804 1216 1841 dierum
1244 1804 1336 1849 iter,
1365 1801 1466 1850 quod

805 1873 826 1897 a
855 1861 1142 1897 Garamantibus
1179 1872 1296 1908 usque
1327 1859 1373 1895 ad
1396 1857 1466 1894 At-

804 1916 920 1954 lantes
951 1917 1133 1954 Herodoti
1167 1929 1211 1954 cx
1247 1919 1370 1953 mente
1400 1915 1466 1951 de-

805 1974 891 2010 beat
913 1974 1114 2024 supputari.

864 2029 987 2080 ἒχεται
1018 2027 1060 2068 ὁὲ
1089 2030 1162 2068 τοῦ
1194 2024 1285 2074 ἇλός
1319 2021 1465 2066 τούτου

805 2081 939 2139 οὖρος,
959 2089 1015 2138 τῷ
1035 2084 1190 2136 οὕνομα
1213 2081 1463 2133 ἕστι’Ἀτλας]

805 2144 916 2188 Quod
938 2144 1143 2181 Heerenius
1162 2142 1183 2179 l.
1207 2143 1227 2178 l.
1255 2142 1301 2178 ad
1325 2140 1466 2178 Bilmae

802 2201 1011 2249 regionem,
1041 2204 1136 2237 teste
1164 2199 1366 2236 recentiore
1397 2209 1465 2247 pe-

801 2257 1027 2305 regrinatore
1055 2257 1159 2294 valde
1184 2260 1386 2292 montosam
1407 2266 1465 2290 sa-

802 2313 922 2362 lisque
953 2314 1120 2358 divitem,
1157 2313 1255 2349 cuius
1272 2312 1465 2348 maximum

802 2371 852 2406 ibi
872 2371 1123 2406 commercium
1146 2383 1223 2406 cum
1245 2368 1382 2416 Nigris,
1408 2380 1466 2404 re-

804 2426 918 2463 latum
949 2426 1037 2463 vult.
1098 2426 1187 2463 Mihi
1208 2425 1297 2462 illud
1322 2425 1466 2462 videtur

805 2484 1013 2529 adversari,
1064 2483 1165 2531 quod
1208 2481 1311 2518 Atlas
1360 2493 1464 2517 mons

803 2539 902 2576 haud
939 2552 1124 2589 quaquam
1152 2538 1367 2575 Atarantum
1407 2540 1464 2573 at—

804 2609 876 2646 que
892 2597 1157 2634 Garamantum
1176 2608 1198 2632 a
1216 2595 1382 2638 meridie,
1399 2592 1466 2629 sed

803 2654 925 2703 potius
953 2654 999 2690 ab
1029 2653 1215 2690 occidente
1244 2651 1368 2699 quaeri
1399 2649 1465 2684 de-

804 2710 878 2747 bet.
926 2709 1098 2759 Namque
1119 2708 1267 2745 Atlante
1289 2706 1346 2741 hic
1367 2704 1463 2740 indi-

804 2767 877 2803 cari
912 2773 1035 2816 putem
1070 2778 1151 2802 eum
1181 2762 1356 2800 montium
1387 2764 1465 2796 tra-

804 2827 919 2868 ctum,
953 2823 1012 2870 qui
1034 2821 1190 2868 Libyam
1210 2818 1367 2855 mediam
1390 2816 1465 2852 dis-

804 2890 932 2916 secans
961 2876 1116 2915 fertilem
1139 2887 1239 2912 oram
1265 2887 1288 2912 a
1313 2873 1465 2923 regione
