1863 3256
465 145 547 185 462

857 144 1314 185 HERODOTI

466 253 754 297 ἀποδέκεσθαι
791 253 907 306 παρὰ
935 257 1014 295 τοῦ
1044 254 1318 307 βουλομένου
1347 248 1766 296 ἅποδείκνυσθαι·25

431 321 548 377 3,,Ὦ
583 327 780 380 βασιλεῦ,
830 323 899 364 ἐπὶ
939 326 1020 376 γῆν
1058 322 1142 376 γάρ
1179 323 1341 377 μέλλεις
1381 320 1711 375 στρατεύεσθαι,

457 399 532 451 τῆς
564 393 663 437 οὔτε
692 390 969 445 ἀρηρομένον
999 390 1235 446 φανήσεται
1266 389 1419 442 οὐὸὲν,
1462 391 1561 434 οὔτε
1589 392 1713 444 πόλις

460 463 683 518 οἰκεομένη
698 477 706 484 ·

766 460 819 502 σύ
859 476 942 503 νυν
977 461 1174 515 γέφυραν
1211 460 1373 516 ταύτην
1411 461 1458 503 ἔα
1496 462 1604 504 κατὰ
1634 462 1712 518 χιό-

462 551 543 591 ρην
576 530 770 581 ἑστάναι,
822 530 1049 585 φυλοῖκους
1082 530 1214 587 αὐτῆς
1252 532 1388 574 λιπών
1426 531 1630 584 τούτους,
1671 535 1768 576 οἴδο

430 614 542 658 4περ
573 618 647 658 μιν
678 600 859 653 ἔζευξαν.
918 601 991 644 καὶ
1028 600 1083 656 ἤν
1121 618 1163 645 τε
1202 602 1312 645 κατά
1349 602 1456 645 νόον
1485 602 1712 659 πρήξωμεν

460 673 658 726 εὑρόντες
684 669 884 720 Σκύθας,
918 671 1004 714 ἔστι
1037 671 1200 724 ἄποδος
1228 671 1356 729 ἡμῖν·
1396 673 1450 729 ἤν
1479 689 1523 716 τε
1553 674 1624 716 καὶ
1653 674 1710 730 μή

463 757 597 800 σφεας
630 739 776 794 εὑρεῖν
807 740 1085 797 δυνεοᾶμεθα,
1116 760 1143 798 η
1171 760 1218 798 γε
1247 742 1411 793 ἄποδος
1441 741 1542 799 ἡμῖν
1574 743 1708 799 ἄσφα-

433 814 550 870 5λής.
610 811 664 856 ού
693 811 774 866 γὰρ
807 811 948 855 ἔδεισά
978 820 1061 860 κ’ω,
1092 812 1149 868 μή
1179 813 1460 868 ἑσσωθέωμεν
1488 812 1575 857 ’ὑπὸ
1595 819 1708 857 Euv-

458 884 575 928 θέων
603 882 734 938 μάχη
777 881 883 925 ἀλλὰ
912 885 1097 938 μᾶλλον,
1131 881 1213 938 μή,
1243 882 1296 926 οὐ
1324 882 1556 938 δυνάμενοί
1577 897 1710 939 σφεας

432 955 630 1010 δεὺρεῖν,
675 951 886 1008 πάθωμεν
927 968 968 994 τι
1008 949 1235 1007 ἀλώμενοι.
1302 953 1387 996 Καὶ
1427 952 1530 996 τάδε
1569 956 1708 1009 λέγειν
1722 961 1765 995 35

460 1025 568 1081 φαίη
599 1040 663 1074 τις
691 1022 745 1066 ἄν
773 1039 823 1078 με
854 1022 1020 1066 ἑωυτοῦ
1052 1025 1213 1067 εἵνεκεν
1224 1056 1233 1075 ,
1266 1022 1324 1073 ὦς
1351 1023 1584 1078 καταμένω.
1626 1023 1708 1079 ἐγώ

462 1095 507 1139 δὲ
535 1092 712 1150 γνώμην
741 1094 841 1149 μὲν,
879 1093 959 1150 τὴν
1000 1092 1206 1148 εὕρισκον
1244 1093 1426 1150 α’ρίστην
1455 1106 1545 1144 σοι,
1589 1098 1709 1150 βασι.

462 1168 561 1218 λεῦ,
592 1165 634 1216 ἐς
654 1164 788 1221 μέσον
809 1164 954 1220 φέρω·
994 1163 1125 1216 αὐτός
1153 1164 1301 1221 μέντοι
1330 1165 1488 1220 ἕψομαί
1515 1181 1607 1217 τοι,
1636 1167 1710 1209 καὶ

461 1353 525 1395 ἐπὶ
550 1357 627 1406 γῆν
652 1351 741 1406 γὰρ
771 1352 918 1404 μέλλεις
938 1366 1051 1406 στρα-

405 1407 608 1460 τεύεσθαι]
667 1410 727 1447 Ad
765 1423 866 1448 usum
907 1411 1054 1450 voculae

405 1465 478 1520 7029
501 1467 595 1503 conf.
615 1470 708 1503 nott,
726 1466 773 1502 ad
791 1467 819 1514 1,
838 1469 874 1507 8.
897 1466 983 1506 124.
1014 1467 1054 1503 In

405 1523 568 1574 proxime
596 1534 699 1570 seqq.
737 1517 983 1572 ἀρηρομένον
1012 1535 1055 1560 ex

404 1578 555 1616 Homeri
570 1578 715 1614 fluxisse
729 1578 872 1615 videtur
887 1579 1058 1616 imitatio-

342 1660 345 1664 ·
405 1648 473 1679 ne,
512 1633 552 1670 ll.
577 1633 718 1679 XVIII,
748 1632 828 1674 548
858 1632 921 1684 [ad
951 1647 1056 1683 quem

404 1691 523 1728 locum
556 1688 621 1726 Gr.
649 1690 804 1727 conferri
830 1690 903 1726 vult
923 1690 1057 1740 Heynii

406 1746 583 1784 Observv.
599 1744 705 1782 Tom.
725 1745 792 1783 VII
811 1759 846 1796 p.
864 1744 960 1796 546]
978 1746 1056 1783 coll.

404 1801 570 1853 Apollon.
588 1801 710 1839 Rhod.
731 1801 795 1848 III,
813 1804 930 1844 1336.
960 1802 1056 1840 Nam

406 1859 453 1896 ab
483 1853 591 1909 ἆρόω
621 1857 662 1894 fit
690 1854 838 1910 ἤροκα,
878 1854 1056 1909 ἇρήροκα

404 1915 563 1963 indeque
581 1908 792 1965 ἆρήρομαι.
844 1915 901 1951 Cf.
922 1915 1055 1951 Matth.

404 1983 491 2021 pag.
511 1971 604 2011 306.
646 1970 806 2019 Hcsych,
830 1970 845 2007 I
869 1983 954 2020 pag.
975 1970 1056 2012 525

403 2022 644 2077 οἷρηρομένη·
664 2021 950 2077 οἷρουριωμένη,
965 2021 1057 2078 α’ρο-

402 2079 609 2133 τριωμένη.
658 2083 789 2128 „Con
818 2082 931 2120 Dario
957 2095 1056 2120 asse-

401 2150 543 2185 verans,
574 2138 763 2187 Scythicae
779 2139 938 2187 regioniS
957 2134 1055 2189 ἄρη-

401 2193 570 2244 ρομένον
602 2206 683 2232 esse
726 2190 865 2242 οὐδὲν,
912 2196 1054 2233 novisse

400 2262 475 2286 non
499 2250 642 2286 videtur
669 2250 825 2300 Scythas
859 2246 1055 2302 ἀροτῆρας

401 2309 438 2342 et
459 2302 675 2358 γεωργούς,
713 2306 913 2356 descriptos
944 2321 974 2344 c.
1003 2310 1054 2348 17

402 2365 440 2398 et
468 2362 569 2401 18.“
621 2360 754 2398 Wess.
782 2384 838 2389 ——
880 2364 921 2399 In
950 2375 1052 2412 seqq.

403 2416 527 2466 scripsi
559 2412 609 2454 σύ
639 2431 714 2455 νυν
743 2416 948 2468 γέφυραν,
992 2419 1053 2455 ubi

400 2471 508 2521 vulgo
539 2468 586 2510 συ“
609 2474 684 2510 νῦν
707 2469 897 2523 γεφύρην.
936 2473 1055 2511 Abre-

403 2528 520 2564 schius
551 2527 724 2565 maluerat
759 2525 807 2566 σύ
842 2527 932 2575 μὲν
969 2542 1053 2578 pro-

403 2584 514 2621 bante
534 2584 750 2632 Wesseling.
797 2583 852 2621 Cf.
876 2585 937 2631 ΙΙΙ,
961 2587 1050 2625 123.

402 2637 580 2691 γέφυραν
596 2640 795 2689 Schweigh.
817 2640 885 2677 iam
903 2641 1051 2678 invexe-

400 2699 478 2742 rat3
517 2697 609 2733 conf.
631 2696 702 2742 IV,
735 2698 798 2737 98.
834 2698 923 2736 133.
957 2695 1046 2737 134.

405 2753 494 2793 118.
532 2753 622 2794 136.
655 2753 742 2792 139.
774 2752 863 2793 141.
894 2774 948 2780 —
990 2752 1050 2790 Ad

1109 1356 1323 1393 locutionem
1373 1354 1471 1394 κατεὶ
1515 1353 1644 1409 χώρην
1689 1359 1761 1396 vid.

1110 1416 1202 1448 nott.
1229 1412 1277 1448 ad
1301 1411 1368 1458 ΙΙΙ,
1402 1413 1491 1453 135.

1167 1464 1220 1517 ἤν
1242 1481 1280 1505 τε
1300 1464 1396 1505 κατὰ
1423 1463 1515 1507 νόον
1535 1465 1761 1520 πρήξωμεν]

1113 1524 1135 1559 i.
1157 1536 1186 1560 e.
1213 1525 1246 1559 si
1275 1536 1316 1559 ex
1346 1525 1456 1560 animi
1486 1527 1659 1562 sententia
1687 1539 1765 1563 suc-

1113 1581 1262 1617 cesserit.
1313 1578 1370 1616 Ad
1408 1580 1623 1618 locutionem
1664 1579 1763 1620 κατοέ

1113 1631 1210 1674 νόον
1231 1636 1324 1672 conf.
1346 1635 1374 1681 Ι,
1401 1638 1490 1675 117.
1521 1637 1566 1684 V,
1590 1640 1677 1679 106.
1699 1638 1762 1685 Vl,

1116 1694 1208 1733 130.
1236 1691 1316 1738 VII,
1343 1693 1432 1733 150.
1472 1692 1537 1739 IX,
1566 1692 1631 1734 45.
1662 1696 1769 1739 1113

1113 1749 1161 1785 ad
1187 1761 1287 1784 usum
1319 1748 1420 1785 verbi
1455 1744 1641 1798 πράττειν
1667 1751 1762 1787 conf.

1111 1803 1182 1850 III,
1209 1804 1263 1844 25
1283 1803 1359 1841 coll.
1378 1803 1449 1851 IV,
1479 1805 1569 1846 156.
1595 1806 1684 1846 157.
1706 1827 1761 1834 —

1112 1859 1155 1896 In
1183 1860 1246 1907 iis,
1283 1872 1377 1909 quae
1403 1861 1573 1898 continuo
1603 1874 1761 1911 sequun-

1112 1919 1190 1961 tur,
1219 1916 1363 1965 reposui
1387 1914 1465 1954 ἔστι
1488 1930 1556 1966 pro
1579 1916 1696 1956 ἔσται.

1170 1969 1225 2023 μή
1250 1993 1298 1999 -
1320 1970 1517 2022 πάθωμὲν
1545 1988 1581 2012 τι
1613 1969 1761 2024 ἀλώμε-

1111 2026 1190 2078 νοι]
1232 2028 1254 2064 i.
1273 2041 1303 2066 e.
1327 2026 1383 2065 Ne
1403 2029 1493 2065 mali
1510 2041 1537 2066 s.
1560 2030 1762 2067 incommodi

1113 2085 1197 2134 quid
1218 2086 1399 2134 patiamur
1418 2085 1624 2124 oberrantes.
1677 2086 1760 2130 Qua

1111 2141 1253 2178 dicendi
1272 2141 1422 2178 formula
1449 2141 1625 2191 insignem
1644 2154 1759 2191 quan-

1111 2197 1194 2233 dam
1222 2196 1457 2234 calamitatem
1489 2198 1637 2235 indicari
1667 2210 1757 2234 con-

1111 2256 1195 2289 stat.
1226 2253 1332 2289 conf.
1353 2265 1445 2300 quae
1462 2252 1614 2290 Wessel.
1640 2254 1758 2291 attulit

1111 2309 1158 2344 ad
1186 2308 1290 2354 VIII,
1323 2310 1400 2347 102
1427 2308 1547 2356 Viger.
1575 2308 1632 2346 De
1665 2310 1758 2346 idio-

1109 2364 1240 2400 tismm.
1263 2376 1299 2412 p.
1316 2366 1408 2405 279.
1455 2364 1526 2401 Pro
1547 2363 1758 2414 ἐμεωυτοῦ,

1110 2420 1209 2468 quod
1244 2419 1422 2456 MatthIae
1458 2421 1627 2467 retinuit,
1677 2434 1756 2458 cum

1109 2479 1258 2511 recentt.
1283 2475 1368 2512 dedi
1390 2488 1436 2524 με
1455 2474 1616 2515 ἑωυτοῦ.
1648 2477 1755 2514 conf.

1107 2530 1171 2577 111,
1194 2530 1257 2569 52.
1304 2530 1374 2566 Pro
1395 2531 1598 2582 καταμένω
1619 2533 1755 2570 Sohae-

1107 2586 1170 2623 ser.
1193 2599 1212 2623 e
1233 2586 1412 2623 Sancrosti
1444 2587 1534 2625 libro
1559 2589 1659 2626 dedit
1683 2604 1754 2627 κα-

1106 2640 1297 2691 ταμενέω,
1338 2643 1436 2691 quod
1454 2645 1571 2695 ipsum
1589 2645 1755 2683 arriserat

1108 2697 1359 2746 Wesselingio.

1163 2752 1202 2799 ἐς
1229 2752 1348 2804 μέσον
1377 2752 1500 2807 φέρω]
1547 2754 1618 2792 Pro
1648 2754 1754 2807 φέρω
