1863 3256
413 195 980 236 MELPOMENE.
1037 198 1100 238 IV.

125 321 203 360 ρος
233 304 336 358 ἆλὸς
365 306 578 359 κολωνὸς,
611 306 685 351 καὶ
717 305 862 364 ὕδωρ,
897 305 970 350 καὶ
1001 306 1199 364 φοίνικες
1227 327 1390 366 καρπο-

125 377 262 433 φόροι
291 379 467 430 πολλοὶ,
511 378 702 434 κατάπερ
734 380 807 423 καὶ
833 379 880 422 ἐν
910 384 1024 424 τοῖσι
1054 380 1260 434 ἑτέροισι·

125 447 359 504 ἄνθρωποι
398 449 592 494 οἰκέουσι
629 450 678 494 ἐν
720 449 860 506 αὐτῷ,
904 456 1018 495 τοῖσι
1049 450 1223 508 οὔνομα
1252 454 1393 507 Γαρά-

123 521 280 575 μαντές
321 521 410 565 ἐστι
451 522 580 574 ἔθνος
616 522 726 577 μέγα
762 523 967 577 ἰσχυρῶς·

123 595 208 647 γῆν
244 592 573 648 ἐπιφορέοντες,
613 593 729 636 οὕτω
761 595 1011 649 σπείρουσι·
1062 583 1648 652 ovvropoivavovssogi³capium·

1308 209 1394 248 603

1319 385 1392 427 καὶ

1048 525 1070 540 (x
1112 523 1124 537 9
1161 524 1169 539 1
1240 524 1248 537 ἱ
1318 522 1338 536 Pl

1026 540 1070 566 οι
1107 540 1174 566 επι
1203 540 1282 567 τον
1311 529 1393 567 αλοι

124 661 165 706 δ’
208 663 294 705 ἐστὶ
342 663 385 714 ἐς
427 664 533 715 τούς
569 663 893 720 Λωτοφάγους,
942 666 989 710 ἐκ
1018 671 1120 721 ,τῶν
1162 667 1399 723 τριήκοντα

93 731 324 790 Ξὴμερέων
379 735 423 787 ἐς
481 734 645 789 αὐτοὺς
701 735 807 789 ὁδός
863 736 973 782 ἐστι·

64 934 137 971 que
177 921 227 957 ad¹
260 920 351 958 fines
377 921 539 970 regionis
567 922 731 969 Fezzan,

63 990 87 1015 a
118 978 249 1027 quibus
278 991 350 1014 uno
372 978 443 1015 diei
464 979 653 1016 intervallo
674 980 731 1016 di-

64 1038 137 1072 stat
162 1034 268 1070 Zuila
285 1035 395 1081 urbs,
424 1047 446 1071 a
468 1047 542 1084 qua
560 1036 647 1073 inde
670 1049 730 1072 us-

62 1104 137 1141 que
178 1091 226 1127 ad
255 1089 387 1140 Augila
421 1093 552 1141 viginti
587 1093 729 1130 dierum

62 1148 132 1185 iter
185 1160 267 1185 esse
313 1148 473 1185 Arabum
526 1150 731 1200 geographi

62 1204 262 1243 affirmant.
298 1205 426 1253 ltaque
441 1205 510 1242 hoc
525 1205 604 1243 loco
618 1207 729 1252 idem,

63 1262 163 1311 quod
190 1274 300 1312 supra
327 1261 401 1307 lV,
434 1262 534 1310 181,
565 1262 730 1300 obtinere

63 1319 208 1355 videtur
232 1318 431 1366 malimque
449 1319 599 1356 credere
618 1331 729 1355 unam

64 1375 261 1412 stationem
291 1375 547 1412 intermediam
574 1375 621 1412 ab
647 1375 730 1412 He-

63 1431 196 1469 rodoto
228 1433 399 1469 omissam
427 1432 564 1478 videri,
592 1432 728 1482 proba-

61 1488 186 1526 biliter
203 1489 240 1525 in
265 1488 344 1525 loco
372 1487 477 1535 Zala‚
501 1490 563 1538 qui
585 1489 631 1525 ab
652 1487 729 1525 Au·-

62 1545 147 1594 gilis
194 1549 232 1582 et
271 1544 379 1582 Zuila
413 1557 533 1594 aeque
567 1550 727 1582 remotus

0 1642 1 1646 ,
61 1603 178 1640 fertur
220 1602 345 1638 decem
399 1602 538 1639 dierum
585 1603 728 1639 itinere.

63 1659 174 1696 Conf.
196 1659 356 1696 Heeren.
376 1658 488 1696 Ideen
507 1658 564 1705 Π,
595 1663 620 1699 2
640 1671 727 1709 pag.

63 1717 146 1757 226
177 1714 255 1752 coll.
310 1714 488 1752 Niebuhr.
514 1715 729 1753 Vermischt.

63 1771 209 1809 Schrift.
232 1771 246 1808 Ι
266 1784 351 1822 pag.
377 1772 469 1813 146.

123 1823 405 1879 Γαράμαντες]
439 1828 538 1866 Alios
566 1842 646 1867 esse
673 1832 730 1866 at-

63 1898 137 1935 que
163 1899 248 1934 eos,
284 1886 346 1935 qui
377 1885 449 1932 IV,
481 1887 559 1926 183
592 1899 731 1923 memo-

63 1946 192 1980 rantur
214 1943 284 1979 iam
304 1943 521 1980 monuimus.
565 1942 638 1986 Qui
659 1943 731 1980 hoc

65 1999 146 2036 loco
174 2004 506 2037 commemorantur
524 2000 731 2036 Garaman-

66 2059 138 2103 tes,
171 2069 233 2093 eos
266 2057 325 2092 vix
363 2057 514 2094 dubium
544 2061 599 2094 est
630 2057 731 2093 inco-

64 2112 176 2150 luisse
229 2113 438 2161 regionem,
500 2126 595 2162 quae
644 2113 730 2150 oiim

66 2168 260 2207 Phazania
278 2170 495 2214 vocabatur,
525 2183 622 2207 nunc
639 2168 732 2206 Fes-

64 2239 160 2270 zan5
204 2227 240 2263 in
272 2239 344 2275 qua
363 2226 446 2263 olim
465 2227 615 2274 Germa,
646 2227 731 2263 urbs

65 2284 259 2334 primaria,
289 2284 325 2320 in
358 2284 459 2320 cuius
486 2283 601 2319 locum
634 2296 731 2322 nunc

67 2341 176 2377 cessit
218 2340 382 2377 nonnihil
429 2344 574 2377 remota
614 2340 732 2376 Zuz'loe

66 2397 176 2442 urbs,
208 2410 303 2446 quae
332 2409 376 2435 ex
400 2395 574 2447 Aegypto
603 2398 730 2447 profe-

67 2453 135 2489 ctis
155 2454 268 2490 fertur
287 2467 369 2492 esse
386 2455 494 2490 statio
516 2467 558 2491 ac
577 2454 730 2500 mansio,

67 2510 203 2546 florens
235 2512 472 2558 commercio,
517 2510 616 2559 quod
644 2511 730 2548 inde

66 2577 133 2616 per
161 2578 304 2603 omnem
333 2568 491 2605 Africam
520 2567 730 2605 interiorem

68 2622 283 2659 instituitur.
354 2623 407 2661 Ac
462 2637 579 2675 prope
624 2624 731 2661 Zuila

69 2690 190 2727 aquae
228 2678 341 2715 dulcis
373 2681 492 2719 fontes
528 2693 609 2718 esse
631 2680 732 2718 affir-

69 2740 173 2771 mant
219 2735 376 2783 salisque
425 2739 533 2775 etiam
582 2749 732 2787 campos

69 2791 221 2828 multum
251 2792 432 2830 extensos.
471 2793 648 2831 Accurate
668 2795 733 2830 de·-

71 2849 216 2900 scripsit
244 2848 433 2898 regionem
460 2850 592 2888 Ritter.
615 2850 734 2888 Erdk.

1043 738 1091 782 ἐν
1153 742 1267 782 τοῖσι
1323 738 1399 784 καὶ

788 922 805 960 Ι
824 923 952 974 p.989
971 921 1049 961 coll.
1069 923 1226 962 Rennel.
1247 924 1341 965 657.
1354 923 1458 962 Hee-

787 992 863 1017 ren.
900 980 954 1026 ΙΙ,
998 983 1016 1019 1
1061 994 1097 1030 p.
1130 983 1212 1021 223
1256 994 1333 1030 seq.
1373 983 1456 1022 238

786 1037 972 1074 Mannert.
990 1037 1037 1083 X,
1055 1041 1080 1078 2
1097 1050 1133 1087 p.
1149 1037 1240 1078 184.
1255 1036 1336 1078 574
1350 1050 1455 1086 seqq.

788 1093 882 1134 585.
943 1093 1170 1136 Quibuscum
1221 1096 1348 1131 confer
1391 1095 1456 1140 sis,

788 1162 884 1199 quae
901 1151 949 1186 ad
972 1150 1150 1200 Pompon.
1171 1151 1257 1189 Mel.
1279 1151 1317 1196 l,
1349 1153 1395 1198 8,
1423 1152 1450 1190 7

787 1220 872 1257 pag.
894 1209 976 1247 227
998 1219 1074 1255 seq.
1095 1211 1188 1244 nott.
1214 1221 1345 1256 exegg.
1367 1206 1451 1245 Vol.

786 1263 838 1300 111
858 1263 901 1300 P.
920 1263 936 1300 l
955 1263 1147 1300 adnotavit
1168 1264 1203 1301 T
1205 1265 1376 1301 zschuck.

844 1347 884 1386 οἳ
904 1367 956 1374 —-
991 1343 1095 1385 οὕτω
1118 1348 1351 1399 σπείρουσι]
1383 1348 1455 1386 Sa-

786 1403 856 1441 lem
882 1403 1074 1454 probabile
1104 1408 1161 1441 est
1187 1405 1262 1442 fimi
1285 1405 1365 1442 loco
1388 1406 1456 1442 ad-

786 1461 903 1498 hiberi
946 1461 984 1497 in
1029 1462 1181 1510 regione
1219 1461 1309 1499 alias
1347 1461 1456 1500 valde

786 1518 898 1555 sterili
922 1522 1036 1566 atque
1058 1531 1234 1564 arenosa,
1267 1531 1363 1568 quae
1379 1531 1456 1555 non

785 1574 854 1611 nisi
887 1574 1000 1611 multo
1034 1575 1120 1611 fimo
1142 1576 1301 1612 adducto
1325 1575 1454 1612 fertiHs

785 1631 891 1668 reddi
911 1631 1040 1680 possit.
1073 1631 1132 1668 Cf.
1152 1631 1454 1669 Heeren.1deen.

785 1687 841 1733 11,
872 1691 897 1729 2
918 1701 1004 1738 pag.
1023 1689 1119 1727 229.

844 1767 1150 1822 συντομώτατον
1198 1766 1240 1811 δ’
1286 1769 1368 1811 ἐστὶ
1412 1769 1454 1818 ἒς

785 1826 880 1876 τούς
898 1824 1195 1880 Λωτοφάγους]
1227 1829 1249 1865 i.
1270 1842 1302 1867 e.
1324 1829 1455 1866 brevis-

788 1889 879 1922 sima
908 1900 931 1923 (ι
950 1887 1229 1923 Garamantibus
1250 1889 1300 1922 est
1321 1888 1381 1922 via
1403 1885 1454 1922 ad

787 1943 1019 1993 Lotophagos
1034 1944 1189 1990 triginta
1202 1943 1348 1980 (Ie'ermn.
1378 1942 1455 1979 Lo-

787 2001 972 2051 tophagos
992 2001 1159 2037 novimus
1191 2001 1283 2047 (vid.
1297 2003 1391 2036 nott.
1404 1999 1454 2036 ad

786 2058 859 2104 IV,
893 2054 989 2107 177)
1033 2057 1081 2093 ad
1109 2057 1244 2105 Syrtim
1274 2057 1453 2093 minorem

786 2128 903 2165 prope
925 2113 1115 2163 Tripolin,
1148 2126 1244 2162 quae
1272 2126 1366 2150 nunc
1385 2126 1450 2149 vo-

786 2176 888 2208 catur
928 2170 1127 2207 habitasse.
1190 2170 1224 2206 A
1252 2183 1325 2219 qua
1360 2169 1451 2207 urbe

789 2240 884 2276 quae
922 2227 979 2263 via
1008 2240 1076 2277 per
1105 2228 1251 2264 deserta
1276 2227 1377 2263 ducit
1404 2226 1454 2262 ad

786 2284 959 2329 Fezzan,
989 2296 1068 2320 eam
1098 2283 1155 2320 hic
1176 2283 1453 2332 intelligirecte

787 2344 949 2378 statuere
978 2341 1125 2378 videtur
1150 2340 1311 2378 Heeren.
1334 2339 1387 2378 Id.
1406 2339 1453 2387 11,

788 2400 814 2438 2
837 2410 921 2447 pag.
950 2396 1033 2437 234
1053 2409 1157 2445 seqq.
1192 2396 1356 2446 singulas
1379 2400 1454 2433 sta-

787 2456 907 2491 tiones
930 2454 1068 2490 itineris
1092 2458 1259 2491 accurate
1272 2453 1452 2498 indicans,

788 2511 890 2560 quod
937 2515 1065 2547 nostra
1112 2511 1288 2547 memoria
1328 2509 1452 2558 Lyon,

787 2567 928 2616 Anglus
956 2567 1088 2615 homo,
1118 2568 1270 2616 triginta
1292 2579 1354 2602 sex
1374 2566 1453 2601 die-

786 2625 866 2671 bus,
896 2637 1048 2673 quorum
1069 2637 1132 2661 sex
1154 2624 1266 2673 quieti
1291 2621 1451 2666 dederit,

789 2681 991 2718 confecisse
1013 2681 1161 2727 dicitur3
1192 2680 1228 2715 id
1250 2678 1350 2727 quod
1370 2689 1449 2731 curn

788 2737 1015 2775 Herodoteis
1075 2747 1278 2783 congruere
1337 2737 1450 2782 patet.

789 2794 890 2830 Add.
919 2793 1103 2829 Mannert.
1137 2791 1196 2837 X,
1233 2794 1258 2830 2
1288 2803 1323 2841 p.
1357 2788 1450 2830 574.

790 2849 969 2887 Niebuhr.
990 2847 1014 2885 l.
1038 2848 1061 2885 l.
1079 2861 1116 2898 p.
1144 2845 1235 2887 147.

1446 315 1506 342 iter
1520 316 1727 344 brevissimum

1472 349 1587 376 dicrum
1609 351 1703 377 XXX:

1448 381 1539 409 boves
1569 388 1648 409 retro
1676 392 1728 419 pa-

1449 421 1565 442 scentes
1579 426 1586 443 ζ
1705 418 1711 423 ”

1452 450 1526 475 citas
1557 450 1727 484 Troglody—

1467 486 1564 509 tarum
1588 484 1706 510 hethi«)-

1451 524 1539 550 pmn,
1568 525 1640 549 quo-

1627 425 1726 451 perni-

1667 518 1727 543 Ga-

1451 555 1600 575 minante-⁴
1610 551 1728 583 quadri-
