1863 3256
8 0 29 244 l

19 269 24 400 ἔ

16 412 22 589 jl

9 886 15 1099 s

6 1238 10 1403 l

469 73 1022 112 MELPOMENE.

153 180 269 238 Ξῆδη
305 179 364 225 ὧν
405 183 446 233 ἐς
476 182 553 238 μὲν
585 181 727 225 Φάσιν
764 180 849 224 ἀπὸ
889 185 970 225 τοῦ
1000 181 1234 237 στόματος,
1276 188 1766 256 (10510751122333ss’32'112011b1

1082 75 1140 111 ιν.
1354 83 1437 122 443

179 251 262 306 γάρ
301 253 388 295 ἐστι
416 258 495 297 τοῦ
528 253 703 297 Πόντου
732 250 1055 309 μακρότατον,)
1091 251 1286 308 ἡμερέων
1314 254 1438 298 ἐννέα

180 322 313 373 πλόος
333 324 441 372 ἐστὶ,
472 324 544 366 καὶ
572 327 743 367 νυκτῶν
773 322 907 367 ὀκτώ·
948 318 1074 367 αὗται
1103 324 1255 368 ἕνδεκα
1283 324 1434 379 μυριά-

178 390 355 443 δες“καὶ
395 393 550 438 ἑκατὸν
581 394 793 451 ὀργυιέων
822 395 1037 449 γίνονται·
1096 395 1141 438 ἐκ
1172 395 1217 438 δὲ
1247 398 1335 438 τῶν
1363 393 1435 448 ὀρ-

123 572 322 620 quingenta
338 572 457 608 stadia
479 569 591 622 (quae
611 570 776 607 undecim

122 630 198 664 sere
230 627 479 677 geographica
515 626 674 664 milliaria
715 639 776 663 ae-

120 684 255 732 quant)
271 683 343 721 diei
359 684 587 732 totidemque
604 683 720 720 noctis
738 682 775 719 in

121 740 390 788 navigationem
420 739 530 788 vulgo
549 740 647 789 apud
673 743 775 776 vete-

120 807 178 832 res
200 798 377 833 numerari
400 801 522 834 censet
542 809 688 845 quoque
699 796 774 833 Ke-

118 850 283 902 phalides
300 852 437 890 Histor.
459 866 546 889 mar.
558 854 667 902 Casp.
689 865 775 902 pag.

122 907 202 948 105
223 921 324 957 seqq.
356 909 521 946 Calidius
541 910 587 946 de
606 909 775 946 Herodo-

119 969 157 1001 to
174 965 384 1014 pronuntiat
401 965 553 1003 Rennel.
571 978 654 1015 pag.
681 967 775 1009 390,

119 1020 351 1058 Herodotum
374 1022 503 1063 diurna
529 1022 660 1059 itinera
685 1020 776 1058 falso

119 1090 303 1115 emensum
324 1090 402 1115 esse
421 1078 668 1123 contendens3
698 1090 776 1114 me-

118 1133 200 1179 lius,
221 1134 251 1169 si
273 1134 363 1182 quid
383 1135 514 1180 video,
538 1133 654 1180 Mi0t‚
684 1131 778 1170 Gal-

118 1189 173 1226 lus
205 1190 384 1239 interpres
414 1191 451 1226 in
482 1195 573 1227 nota
599 1190 646 1226 ad
675 1188 709 1226 h.
737 1188 776 1235 1.‚

117 1257 191 1295 qua
210 1245 390 1283 Herodoti
409 1258 596 1284 mensuras
614 1258 694 1283 cum
713 1257 777 1281 ve-

117 1313 159 1338 ra
179 1303 287 1338 maris
309 1301 537 1352 longitudine
567 1303 659 1340 bene
686 1314 773 1339 con-

117 1370 247 1407 gruere
267 1360 437 1396 ostendit.
466 1360 508 1395 In
529 1358 686 1396 clausula
708 1358 773 1395 de-

118 1414 229 1464 nique
245 1415 383 1452 addere
400 1416 519 1462 iuvat,
550 1415 648 1464 quod
664 1413 773 1451 Man-

117 1475 210 1510 nert.
233 1470 254 1507 l.
275 1470 298 1508 l.
328 1484 371 1508 ex
388 1471 444 1508 his
462 1471 644 1509 Herodoti
665 1483 770 1508 men-

119 1527 212 1564 suris
238 1527 355 1577 colligi
376 1528 474 1574 vult,
512 1527 673 1565 Milesios
697 1526 770 1564 scil.

117 1588 193 1620 tum
216 1584 388 1634 temporis
412 1585 483 1620 iam
506 1584 617 1621 altum
645 1589 771 1621 tenere

117 1652 217 1677 mare
235 1651 343 1677 ausos
360 1640 531 1690 ipsosque
547 1645 677 1678 nautas
690 1652 770 1678 eam

116 1696 203 1732 artis
225 1697 392 1746 peritiam
415 1702 543 1734 nactos
575 1710 676 1741 esse,
718 1701 770 1743 ut,

116 1756 290 1801 quantum
328 1754 434 1802 spatii
465 1766 538 1790 uno
573 1754 634 1790 die
669 1753 771 1789 navis

118 1808 335 1856 conficeret,
385 1810 535 1847 definire
574 1808 771 1858 potuerint.

117 1865 230 1908 Quod
259 1865 307 1902 ad
337 1870 550 1904 nocturnam
570 1866 678 1903 Ponti
708 1878 773 1902 na-

116 1920 340 1969 vigationem
378 1923 527 1969 attinet,
577 1923 774 1959 etiamnum

116 1976 357 2028 periculosam
391 1979 438 2015 ob
464 1978 615 2016 nebulas
646 1983 774 2016 vento-

116 2046 269 2084 rumque
295 2035 368 2072 vim
397 2047 439 2072 ac
466 2036 616 2082 fluctus,
652 2035 773 2072 Kruse

117 2089 140 2127 l.
160 2089 184 2129 l.
218 2103 302 2140 pag.
324 2092 400 2138 20,
438 2096 614 2128 nocturna
644 2091 773 2128 itinera

115 2147 162 2183 ab
174 2146 366 2184 Herodoto
383 2152 514 2198 sponte
530 2148 672 2185 adiecta
693 2160 773 2185 esse

116 2215 285 2250 sumens,
322 2216 395 2253 quo
424 2204 538 2241 maius
568 2204 773 2242 efficeretur

116 2259 364 2307 intervallum,
405 2264 549 2298 veteres
582 2261 774 2297 contendit

117 2327 265 2365 prorsus
296 2316 517 2355 abstinuisse
548 2330 569 2354 a
596 2319 773 2354 nocturna

118 2371 371 2420 navigatione,
408 2374 654 2411 instrumentis
674 2386 770 2410 nau-

117 2427 194 2463 ticis
215 2430 428 2478 praesertim
449 2431 644 2468 destitutos
657 2434 771 2479 atque

118 2485 331 2522 accuratiori
368 2486 568 2535 navigandi
599 2490 679 2524 arte
711 2498 771 2523 ca-

118 2543 250 2578 rentes.
301 2541 412 2585 Quod
436 2543 521 2580 mihi
543 2543 690 2593 quidem
717 2542 771 2579 vir

118 2596 344 2634 doctissimus
380 2599 552 2637 nondum*
578 2599 770 2651 persuasit,

118 2653 181 2701 qui
203 2653 300 2690 idem
327 2654 527 2702 rationem,
560 2668 654 2705 quae
678 2655 771 2693 iuter

119 2709 250 2746 diurna
281 2722 323 2747 ac
358 2714 533 2749 nocturna
569 2712 772 2749 intercedat

833 569 975 616 itinera,
992 571 1085 608 falso
1107 572 1152 609 ab
1170 572 1363 610 Herodoto
1380 574 1486 624 prodi

833 627 1053 677 pronuntiat.

888 706 967 761 ἤδη
998 704 1054 749 ὧν
1085 710 1124 757 ἒς
1153 709 1224 762 μὲν
1254 708 1382 751 Φάσιν
1408 708 1487 752 nino*

831 769 904 805 τοῦ
925 761 1127 817 στόματος]
1170 768 1227 805 Ad
1248 769 1382 806 Phasin
1410 769 1487 820 ple-

832 836 965 873 rosque
976 828 1138 862 veterum
1156 825 1348 876 scriptores
1367 831 1487 864 extre-

833 893 930 917 mum
948 880 1197 917 PontiEuxini
1219 895 1400 920 recessum
1421 896 1488 932 po-

833 949 919 973 nere
938 937 983 973 de
999 936 1226 985 longitudine
1238 939 1345 975 Ponti
1364 939 1488 989 dispu-

833 996 976 1040 tantes,
1005 993 1176 1030 observat
1194 994 1357 1042 Breiger.
1377 994 1431 1031 l.l.
1451 1008 1487 1045 p.

833 1049 901 1089 38.
923 1070 974 1075 -
998 1045 1146 1099 στόμα,
1176 1062 1205 1086 s·
1227 1049 1276 1085 Os
1295 1049 1404 1086 Ponti
1420 1052 1490 1100 (de

833 1116 906 1153 qua
941 1104 1188 1154 appellatione
1221 1106 1294 1142 vid.
1328 1105 1490 1156 pluribus

834 1164 1040 1198 monentem
1063 1160 1098 1197 T
1101 1161 1281 1199 zschucke
1306 1163 1353 1199 ad
1378 1161 1489 1200 Pom-

832 1228 919 1267 pon.
938 1215 1025 1256 Mel.
1046 1215 1083 1263 l,
1114 1218 1164 1257 19
1188 1222 1281 1254 nott.
1301 1231 1431 1267 exegg.
1451 1231 1488 1270 p.

834 1273 916 1313 570
937 1272 1016 1311 Vol.
1038 1272 1087 1309 Ill
1107 1273 1152 1310 P.
1175 1271 1229 1325 l),
1260 1287 1303 1311 eo
1319 1273 1398 1312 loco
1419 1288 1488 1325 po-

829 1329 949 1366 nimus
968 1342 1047 1366 cum
1057 1329 1214 1368 Krusel.
1230 1329 1253 1370 l.
1277 1343 1313 1380 p.
1332 1333 1378 1371 11
1404 1344 1486 1381 sqq.

830 1386 884 1426 30
904 1398 984 1435 sqq.
1004 1387 1058 1427 38
1082 1399 1162 1436 sqq.
1175 1416 1185 1434 ,
1216 1386 1278 1423 ubi
1298 1386 1392 1424 Iovis
1407 1387 1486 1424 Urii

828 1441 897 1478 suit
929 1442 1127 1492 templum;
1166 1443 1324 1480 Anaclolz‘
1355 1443 1485 1480 Kavak

828 1510 925 1534 nunc
942 1503 1087 1536 vocant.
1127 1497 1161 1535 A
1178 1511 1251 1549 quo
1273 1499 1351 1536 loco
1368 1512 1484 1549 usque

829 1554 878 1590 ad
907 1554 1036 1591 Phasis
1077 1556 1171 1593 ostia
1206 1556 1362 1606 spatium
1402 1569 1484 1594 esse

829 1609 965 1647 CXLII
1016 1611 1131 1649 ferme
1185 1612 1484 1650 Germanicorum

828 1666 1071 1704 milliariorum
1095 1669 1255 1705 tradunt.

885 1743 1003 1790 αὗται
1033 1750 1171 1790 ἕνδεκα
1200 1746 1390 1803 μυριάδες
1414 1751 1481 1790 καὶ

830 1804 970 1846 ἑκατόν
989 1802 1180 1859 ὀργυιέων
1199 1808 1390 1860 γίνονται]
1423 1808 1484 1846 Tu

829 1864 904 1901 vid.
926 1868 1022 1901 nott.
1041 1865 1090 1901 ad
1108 1865 1155 1911 11,
1180 1867 1271 1906 119.
1318 1863 1374 1902 Ac
1392 1869 1489 1902 recte

829 1921 969 1958 monuit
1005 1921 1388 1970 Schweighaeuserus‚
1434 1921 1489 1957 in-

828 1976 941 2025 telligi
1011 1979 1088 2018 111
1159 1978 1342 2027 myriades
1412 1977 1489 2014 sive

834 2035 1051 2080 1‚110,000
1086 2035 1253 2083 orgyia53
1293 2035 1392 2072 unde
1415 2046 1489 2070 non

829 2103 921 2140 opus
946 2103 1026 2126 cum
1048 2089 1231 2128 Larchero
1261 2091 1298 2127 in
1317 2094 1408 2127 nott.
1436 2090 1484 2141 ad

829 2146 863 2183 h.
886 2145 909 2183 L
931 2150 968 2183 et
984 2146 1147 2196 Breiger.
1169 2146 1191 2183 l.
1212 2147 1234 2184 l.
1254 2159 1339 2198 pag.
1362 2148 1415 2187 38
1434 2145 1485 2182 ita

829 2207 1071 2253 transponere
1098 2216 1223 2241 voces:
1255 2202 1392 2242 ἕνδεκα
1417 2200 1485 2241 καὶ

830 2256 965 2297 ἑκατὸν
1029 2254 1219 2311 μυριάδες
1282 2255 1482 2310 ὀργυιέων.

826 2315 922 2353 Add.
953 2315 1075 2354 Kruse
1102 2316 1124 2353 l.
1149 2316 1172 2353 l.
1192 2330 1278 2367 pag.
1302 2319 1326 2358 9
1352 2317 1388 2353 in
1406 2320 1482 2352 not.

827 2372 919 2409 Inde
938 2372 1045 2422 paulo
1062 2373 1210 2412 inferius
1231 2386 1313 2411 cum
1329 2376 1482 2411 recentt.

828 2429 915 2467 edd.
966 2429 1110 2467 exhibui
1148 2433 1253 2480 τρεῖς
1295 2424 1483 2481 μυριάδες

826 2483 895 2524 καὶ
911 2481 1146 2537 τριήκοντα,
1175 2487 1238 2524 ubi
1255 2486 1363 2535 vulgo
1380 2487 1483 2535 τρεῖς

826 2540 894 2580 καὶ
907 2537 1119 2593 τριήκοντα
1140 2538 1351 2594 μυριάδες,·
1371 2552 1479 2589 quem

827 2598 992 2636 ordinem
1022 2600 1212 2637 verborum
1243 2598 1390 2636 retineri
1407 2594 1482 2631 vult

827 2667 957 2693 censor
977 2655 1138 2694 lenensis
1161 2655 1290 2702 (1817
1317 2666 1370 2690 nr.
1402 2653 1482 2693 162

827 2723 912 2762 pag.
935 2709 1048 2763 364).

1736 228 1768 250 et

1496 256 1542 280 ubi
1587 256 1765 284 latim-imus:

1494 288 1636 315 collectae
1655 290 1690 316 ab
1703 291 1766 324 ipso

1494 320 1643 347 Herodoto
1685 331 1765 349 meu-

1510 362 1615 380 surae:
1655 360 1746 383 mater

1493 385 1576 412 Ponti
1600 387 1739 417 Maeotis.
