1879 3255
604 164 640 201 T
675 164 711 201 H
743 164 774 200 A
806 164 837 201 L
870 164 881 201 l
913 165 958 202 A.
1021 165 1083 202 ΙΙΙ.

171 274 462 329 δέσταλμένας
505 277 558 330 τῇ
600 277 682 316 τοῦ
720 274 936 329 βασιλέος.

1422 174 1478 212 23

198 348 411 403 κλαυθμῷ
440 348 646 400 παρῆσαν
678 347 724 388 αἱ
749 346 967 400 παρθένοι
998 347 1108 390 κατοὶ
1137 346 1246 398 τούς
1274 349 1478 403 πατέρας,

197 415 345 472 οἱμὲν
388 415 513 459 ἄλλοι
553 415 734 471 πατέρες
774 415 977 472 οἷνεβόων
1016 435 1059 461 τε
1090 419 1165 462 καὶ
1206 417 1479 473 ἀντέκλαιον,

197 486 393 542 ὁρέοντες
423 487 475 531 τοὶ
512 487 642 531 τέκνα
672 490 975 545 κεκακωμένα·
1025 488 1049 533 ὁ
1090 491 1136 533 δὲ
1176 491 1533 548 Ψαμμήνιτος,3()

168 559 399 614 4προϊδων
437 561 509 603 καὶ
547 560 728 617 μαθών,
770 560 901 611 ἔκυψε
934 561 976 611 ἐς
1005 558 1086 616 τὴν
1115 564 1212 617 γῆν.
1270 566 1473 619 παρεξελ-

190 631 395 675 θουσέων
415 633 460 675 δὲ
493 635 580 674 τῶν
610 632 905 688 ὑδροφόρων,
938 632 1122 688 δεύτερά
1156 635 1201 677 οἱ
1227 633 1306 677 τόν
1330 637 1471 678 παῖδα

191 703 350 759 ἔπεμπε
380 701 476 758 μετ’
509 702 653 746 ἄλλων
679 706 934 759 Αἰγυπτίων
965 706 1188 760 δισχιλίων
1222 705 1302 761 τὴν
1335 705 1476 762 αὐτὴν

190 773 364 831 ἡλικίην
405 773 614 830 ἐχόντων,
657 775 763 827 τούς
811 792 854 820 τε
904 774 1090 832 αὐχένας
1136 774 1256 835 κάλῳ
1297 778 1473 833 δεδεμέ-

162 853 323 898 5νους,
369 846 443 890 καὶ
482 846 534 890 τὰ
575 845 767 903 στόματα
809 847 1248 904 ἐγκεχαλινωμένους.

192 988 247 1037 ὥς
275 988 318 1029 δὲ
349 991 431 1044 βοῇ
448 1002 487 1027 τε
514 987 580 1027 καὶ
602 991 801 1042 κλαυθμῷ

133 1050 321 1099 παρῆσαν
369 1047 414 1086 αἱ
459 1044 659 1097 παρθένοι
699 1042 800 1084 κατοὲ

134 1102 230 1151 τούς
257 1103 451 1156 πατέρας]
484 1103 507 1139 i.
538 1115 568 1139 e.
605 1115 694 1152 quae
723 1115 800 1139 cum

133 1161 326 1199 clamantes
346 1165 378 1198 et
404 1159 576 1197 eiulantes
597 1159 801 1196 advenirent

132 1231 208 1256 eum
222 1220 261 1256 in
283 1218 396 1255 locum
419 1219 468 1265 (s,
489 1217 662 1254 adessent
681 1230 725 1254 eo
745 1216 799 1253 lo-

131 1277 207 1325 co),
222 1289 286 1326 quo
301 1279 422 1325 patres
446 1274 506 1322 (ex
518 1274 673 1311 adverso
693 1274 801 1324 ipsis)

130 1338 230 1370 erant
242 1333 441 1370 collocatis.
462 1331 697 1368 considebant.
722 1331 799 1368 Re-

130 1391 222 1428 tinui
238 1392 441 1440 παρῆσαν,
472 1387 640 1426 omnibus
660 1389 737 1425 fere
756 1387 799 1424 li—

132 1448 206 1485 bris
229 1447 374 1497 scriptis
397 1446 608 1497 probatum,
621 1450 695 1483 eta
715 1458 798 1482 ver-

129 1505 178 1541 bo
196 1507 383 1556 παρεῖναι
400 1517 442 1542 ea
458 1502 738 1552 significatione,
753 1503 800 1539 de

131 1574 205 1611 qua
228 1562 384 1598 diximus
412 1561 460 1597 ad
480 1561 509 1607 1,
532 1562 600 1606 21,
627 1559 798 1596 derivan-

130 1619 229 1656 dum.
255 1617 522 1665 VVesselingius
547 1630 567 1653 e
586 1617 679 1653 binis
700 1615 798 1652 libris

130 1676 343 1713 exhibuerat
371 1670 599 1724 παρῄεσαν,
632 1673 736 1710 Reiz.
759 1676 796 1710 et

129 1732 276 1770 Schaef.
309 1726 537 1781 παρήϊσαν,
569 1730 670 1778 quod
699 1729 797 1766 Mat-

129 1789 228 1826 thiae
247 1789 281 1825 h.
307 1788 328 1825 l.
349 1789 467 1825 citans
488 1788 525 1823 in
545 1787 710 1823 Gratum.
731 1787 797 1822 Gr.

128 1859 166 1896 p.
193 1844 299 1886 1154
328 1845 500 1891 retinuit,
523 1844 560 1879 in
581 1847 686 1881 textu
714 1844 796 1893 ipso

129 1902 304 1940 exhibens
325 1903 513 1956 παρῇσαν
534 1901 575 1948 (a
596 1901 708 1938 verbo
721 1914 795 1937 πα-

130 1957 269 2010 ριέναι,
275 1958 523 2009 praetereundi
538 1959 669 2008 opinor
681 1957 794 2006 signi-

128 2017 313 2063 ficatione,
345 2029 442 2066 quae
466 2015 553 2052 mihi
580 2015 727 2064 quidem
749 2015 795 2051 ab

127 2073 161 2110 h.
183 2073 205 2111 l.
236 2073 355 2111 aliena
378 2074 542 2119 videtur,
572 2084 795 2121 quamquain

129 2131 180 2168 sic
217 2131 405 2181 accepisse
444 2131 551 2167 video
588 2128 796 2166 Valckena-

128 2187 248 2235 rium).
293 2187 428 2224 Similis
448 2187 485 2223 in
506 2187 560 2223 his
572 2187 690 2224 verbis
708 2199 796 2222 con—

128 2244 222 2281 fusio
248 2244 277 2291 1,
304 2247 369 2284 62.
391 2245 439 2290 ΙΙ,
462 2245 553 2285 163.
587 2244 659 2280 Pro
681 2238 795 2288 κατά,

127 2301 230 2350 quod
245 2315 325 2338 cum
337 2305 487 2339 reeentt.
506 2301 594 2339 edd.
615 2300 796 2346 dedimus,

127 2357 271 2408 plurimi
292 2358 372 2394 libri
393 2353 515 2408 παρά,
547 2358 649 2394 cuius
672 2362 796 2393 tamen

127 2413 184 2452 hic
193 2414 309 2452 nullus
329 2428 411 2452 esse
421 2419 543 2465 potest
553 2414 667 2451 locus.
697 2413 796 2450 Nam

128 2468 227 2510 κατοῖ
247 2472 284 2508 in
310 2472 441 2509 talibus
467 2471 649 2521 significat
669 2483 711 2506 ex
729 2470 796 2506 ael-

129 2539 247 2576 verso‚
279 2533 418 2575 contra,
451 2530 588 2579 optime
621 2531 796 2564 monente

130 2584 318 2632 Valcken.,
338 2587 401 2635 qui
429 2586 519 2623 citat
538 2585 719 2623 Herodot.
748 2584 794 2631 Il,

135 2642 224 2681 121.
249 2643 391 2689 lll,86.
413 2642 476 2690 Vl,
502 2645 592 2683 101.
623 2641 794 2689 Thucyd.

134 2694 238 2744 νΠΙ,
263 2701 330 2747 86,
359 2699 440 2736 alia.
500 2699 590 2737 [nde
614 2697 796 2735 Matthiae

133 2751 154 2787 l.
183 2751 205 2790 l.
234 2755 426 2794 vernacule
460 2756 511 2793 sic
536 2756 678 2793 reddit:
709 2754 795 2801 „cla

132 2819 184 2845 wo
204 2809 277 2846 ihre
300 2810 406 2850 Viiter
425 2813 584 2851 sassen.“
621 2811 679 2850 Ad
700 2811 795 2849 dati-

1308 847 1471 905 ἅγοντο
1487 857 1532 890 35

859 1002 923 1026 vos
955 989 1034 1043 βοῇ
1057 1003 1097 1028 τε
1121 986 1190 1027 καὶ
1217 991 1417 1044 κλαυθμῷ
1442 1003 1533 1028 eun-

860 1047 944 1083 dem
974 1047 1070 1083 conf.
1108 1045 1242 1083 Matth.
1272 1044 1309 1097 ὅ.
1339 1046 1421 1088 405
1450 1053 1531 1085 not.

860 1107 897 1144 2.
922 1125 971 1129 —
1005 1102 1045 1138 ln
1065 1115 1169 1152 seqq.
1200 1116 1269 1153 pro
1299 1098 1532 1143 α’ντέκλαιου

858 1160 895 1196 in
951 1159 1109 1206 Aldina,
1154 1159 1369 1197 Florentino
1421 1160 1530 1208 libro,

859 1211 1189 1264 ειΙὶίε,(Ξνέκλαιον.
1229 1216 1379 1266 Reliqui
1402 1230 1530 1256 omnes

857 1273 1047 1322 vulgatum
1082 1273 1243 1311 firmant.
1305 1273 1419 1311 Paulo
1445 1279 1530 1325 post

856 1330 989 1368 retinui
1010 1327 1244 1381 προϊδών
1267 1329 1336 1369 καὶ
1366 1328 1528 1381 μαθών,

856 1388 957 1425 cuius
978 1387 1058 1424 loco
1076 1400 1097 1425 e
1115 1388 1260 1425 duobus
1278 1388 1379 1425 libris
1390 1389 1529 1427 Schae·

856 1445 922 1482 fer.
944 1441 1147 1496 προςιδών
1166 1460 1200 1483 κ.
1222 1461 1260 1495 μ.
1287 1445 1419 1482 Itidem
1444 1459 1528 1482 mox

858 1501 943 1539 dedi
961 1515 1041 1539 cum
1052 1501 1199 1551 reliquis
1220 1518 1299 1553 παρ
1314 1517 1329 1540 ε
1342 1502 1361 1549 ξ
1374 1517 1390 1541 ε
1402 1505 1527 1541 λθον-

857 1556 978 1606 σέων,
1012 1560 1061 1597 ad
1084 1560 1186 1608 quod
1209 1560 1386 1597 tuendum
1417 1560 1527 1597 lVes-

856 1615 986 1665 seling.
1020 1617 1107 1653 citat
1132 1617 1206 1663 VI,
1240 1619 1319 1657 117
1350 1617 1524 1667 Sophocl.

857 1671 1032 1722 Antigon.
1061 1674 1154 1714 933.
1183 1673 1421 1711 Florentinus
1444 1687 1525 1712 cum

855 1729 950 1767 aliis:
982 1728 1308 1782 παρελθουσέων.

911 1838 1009 1889 τούς
1030 1857 1069 1880 τε
1093 1837 1266 1893 αὐχένας
1286 1838 1395 1894 κάλῳ
1421 1843 1527 1882 δεδε-

856 1897 1021 1950 μένους]
1056 1900 1111 1937 lta
1142 1913 1222 1937 cum
1252 1900 1445 1948 Scliwoigh
1491 1905 1526 1937 et

856 1957 972 1995 Gaisf.
1014 1957 1114 1994 dedi.
1185 1957 1306 2006 Vulgo
1336 1953 1431 2002 τούς
1473 1954 1527 1995 δὲ

855 2008 942 2064 αὕχ.
976 2014 1088 2058 Quod
1107 2014 1143 2050 in
1161 2012 1242 2050 aliis
1261 2014 1360 2051 libris
1381 2019 1417 2051 et
1440 2014 1527 2051 scri-

853 2072 925 2121 ptis
953 2076 990 2108 et
1021 2071 1131 2108 editis
1167 2074 1252 2120 post
1267 2068 1527 2127 ωδεδεμένους

853 2129 1029 2165 insertum
1043 2127 1237 2176 legebatur
1254 2128 1368 2179 ἦγον,
1391 2128 1429 2164 id
1449 2141 1527 2165 me-

856 2185 983 2221 liorum
1006 2185 1180 2221 librorum
1205 2186 1423 2222 auctoritate
1445 2197 1525 2221 cum

854 2242 982 2278 iisdem
1027 2241 1111 2278 viris
1151 2241 1270 2278 doctis
1315 2241 1524 2279 abiecimus.

855 2300 949 2336 Sunt
987 2302 1107 2335 autem
1139 2299 1333 2348 participia
1364 2296 1524 2349 δεδεμέ-

857 2371 951 2402 νους
982 2359 1020 2392 et
1047 2353 1431 2406 ἐγκεχαλινωμένους
1458 2368 1526 2404 per

854 2412 1041 2462 quandam
1054 2425 1182 2449 sensus
1204 2416 1426 2449 structuram
1441 2412 1523 2448 iun-

854 2470 978 2519 genda
1006 2483 1088 2506 cum
1119 2470 1259 2507 verbis:
1299 2465 1367 2508 τὸν
1399 2468 1524 2507 παῖδα

854 2548 909 2554 —
934 2521 1019 2577 μετ’
1040 2522 1172 2564 ἄλλων
1201 2526 1447 2577 Αἰγυπτίων.
1469 2547 1522 2552 -

852 2584 894 2620 In
908 2596 1011 2633 seqq.
1025 2596 1103 2620 cum
1126 2583 1331 2632 Schweigh.
1354 2588 1391 2620 et
1405 2583 1522 2619 Gaisf.

854 2641 952 2678 edidi
975 2637 1118 2691 ἅγοντο
1140 2654 1207 2691 pro
1233 2640 1332 2688 vulg.
1363 2636 1520 2690 ἤγοντο.

853 2697 946 2734 Illud
974 2695 1108 2734 Aldina
1134 2698 1207 2734 iam
1235 2697 1388 2747 praebet
1412 2695 1520 2730 liber-

853 2767 925 2804 que
947 2753 1182 2792 Florentinus
1205 2767 1286 2791 cum
1315 2765 1387 2790 uno
1417 2749 1522 2786 Pari-

854 2824 945 2848 sino.

1006 272 1063 326 ὡς
1110 275 1156 318 δὲ
1197 279 1284 332 βοῇ
1322 295 1366 321 τε
1408 282 1479 325 καὶ
1537 286 1618 324 200
