1863 3256
464 144 1147 188 MELPOMENErv.
1357 151 1440 191 289

171 257 497 317 μιξοπάρθενόν
544 259 642 301 τινα
670 256 879 312 Ἔχιδναν
920 253 1102 310 διφυέα·
1153 257 1229 310 τῆς
1267 255 1320 298 τοὶ
1363 257 1497 312 μὲν25

171 332 262 376 ἅνω
305 330 392 375 ἀπὸ
431 332 520 373 τῶν
563 327 809 384 γλουτέων,
863 324 975 370 εἶναι
1013 324 1248 381 γυναικός·
1301 325 1354 368 τὰ
1396 327 1441 370 ὁὲ

115 475 223 514 Nunc
243 474 406 524 regioni,
444 485 540 523 quae
563 472 610 509 ad
629 472 776 510 deserta

114 532 304 581 Nogaica,
345 543 367 568 a
400 529 576 578 Nogaicis
613 528 775 566 Tartaris

115 589 297 635 habitata,
325 587 505 637 pertinet,
525 598 659 623 nomen
680 584 777 622 Iam-

116 643 256 693 bogluk.
281 643 341 681 Cf.
363 642 520 681 Rennel.
538 642 560 679 l.
580 641 601 679 l.
622 655 658 692 p.
680 641 776 688 406,

115 699 310 739 Reichard.
332 700 353 737 l.
372 699 409 747 l.‚
430 699 613 736 Mannert.
635 698 775 747 Geogr.

116 757 167 794 IV
177 770 215 807 p.
234 757 288 797 80
304 769 398 806 seq.,
418 755 577 793 Kohler:
606 754 775 792 Memoir.

117 826 178 851 sur
202 812 236 851 le
257 826 362 850 cours
385 812 549 850 d'Achill.
573 825 660 863 pag.
688 814 778 853 129.

120 872 212 911 130.
251 870 411 908 Heeren.
435 869 547 907 ldeen
573 870 609 916 1,
634 872 661 910 2
690 880 777 918 pag.

116 928 222 974 272,
267 939 341 976 quo
393 931 545 964 auctore
589 926 779 972 incertum,

117 987 240 1020 utrum
281 983 387 1020 huius
422 982 582 1032 regionis
612 980 780 1030 sylvosae

118 1039 239 1077 adhuc
285 1040 471 1090 supersint
512 1039 664 1075 indicia:
712 1038 780 1075 etsi

119 1096 220 1146 apud
269 1098 445 1147 populum
499 1096 597 1132 fama
642 1093 779 1144 sylvae,

118 1165 229 1202 qnam
248 1152 384 1190 nnllam
406 1152 620 1190 recentioris
647 1151 778 1188 aetatis

118 1208 318 1246 ostendant
359 1221 517 1259 mappae
555 1207 781 1257 geographi-

118 1277 204 1312 cae,
244 1278 429 1315 quamque
460 1278 556 1301 nunc
588 1264 779 1302 evanuisse

117 1321 315 1370 credibile,
346 1335 426 1359 cum
457 1321 540 1358 olim
572 1321 695 1370 sj‘lvac
723 1321 779 1357 ni-

117 1391 209 1428 grae
237 1379 385 1417 nomine
414 1378 523 1416 latius
544 1377 607 1414 illa
629 1382 780 1415 extensa

116 1435 231 1473 fuisse
262 1436 441 1473 videatur.
494 1435 601 1479 Quae
627 1447 725 1472 nunc
757 1446 780 1470 a

117 1491 239 1531 Tanai
276 1505 394 1543 prope
433 1492 552 1529 locum
583 1491 780 1529 Tzerkask

118 1549 292 1599 incipiant
313 1549 449 1599 sylvae,
479 1560 541 1587 eas
562 1548 660 1585 idem
680 1547 781 1585 Hee-

119 1618 195 1643 ren.
227 1606 352 1642 scribit
379 1606 473 1642 finiri
505 1606 552 1642 ad
580 1604 780 1654 Borysthe-

119 1674 205 1700 nem
226 1675 343 1713 prope
359 1662 601 1711 Czernigow:
636 1674 680 1699 ex
707 1674 780 1710 quo

119 1719 207 1756 inde
236 1719 382 1756 deserta
410 1719 549 1769 porrigi
584 1730 700 1767 usque
734 1717 783 1753 ad

118 1774 277 1812 Pontum
293 1775 475 1813 Euxinum
497 1775 616 1813 multis
637 1774 783 1812 tumulis

119 1831 308 1882 insignita.

178 1883 481 1940 μιξοπάρθενόν
500 1884 784 1939 τιναἼΞχιδναν

122 1943 283 1996 διφυέα]
311 1943 506 1996 ’Έχιδναν
537 1946 665 1997 scripsi
702 1958 784 1982 cum

120 2001 291 2052 Schwgh.
314 2009 353 2041 et
364 2003 479 2040 Gaisf.
501 2016 569 2053 pro
587 1997 784 2052 Έχιδνὰν,

120 2060 223 2108 quod
250 2059 287 2096 in
306 2055 489 2110 Ἐχίδνην
518 2065 658 2097 mutare
680 2059 782 2096 volu-

121 2120 202 2154 erat
223 2115 421 2164 Valcken„
469 2116 531 2166 qui
551 2117 647 2153 idem
674 2129 783 2165 quam

122 2172 205 2209 olim
251 2172 330 2221 (ad
378 2173 544 2224 Euripid.
591 2173 782 2210 Phoeniss.

126 2230 255 2278 1030)
276 2230 453 2280 proscribi
470 2229 634 2267 voluerat
657 2242 782 2267 vocem

123 2284 292 2336 διφυέα,
313 2293 443 2338 postea
463 2286 694 2324 retinendam
715 2287 784 2323 du-

124 2342 196 2388 xit,
236 2343 332 2382 bene
351 2356 490 2381 memor
510 2344 712 2393 Cecropem
736 2344 784 2380 ad

125 2400 278 2437 eandem
312 2401 490 2438 rationem
517 2401 651 2437 dictum
672 2401 785 2437 fuisse

127 2453 254 2506 διφυῆ
277 2457 436 2507 itemque
458 2457 668 2495 Centauros
688 2457 788 2507 apud

127 2511 300 2561 Sophocl.
329 2513 504 2552 Trachin.
544 2516 652 2554 1110
684 2514 787 2560 (ubiz

129 2565 257 2618 διφυῆ
286 2563 317 2607 τ’
337 2567 505 2621 ἄμικτον
526 2563 790 2621 ἱπποβάμονα

130 2620 326 2675 στρατόν).
371 2626 452 2664 Nec
483 2626 588 2664 aliter
611 2626 788 2664 Libanius

834 471 887 520 (in
909 469 1056 509 Basilic.
1087 470 1118 507 ΙΙ
1148 483 1186 521 p.
1213 469 1314 518 108)
1347 468 1395 507 de
1413 469 1500 507 Chi-

833 541 946 566 rone:
976 525 1044 566 καὶ
1068 521 1288 578 κενταύρου
1310 527 1422 577 σῶμα
1442 525 1499 565 δι·

834 582 936 634 φυὲς
955 582 1022 622 καὶ
1041 581 1189 635 τροφέα
1203 578 1499 634 μιξᾶνθρωπον

833 640 900 679 καὶ
939 638 1096 692 τροφήν
1142 638 1498 692 ἐξηγριωμένην*>.

833 698 904 735 Est
928 703 1050 735 autem
1080 710 1210 734 sensus
1238 696 1308 735 loci
1326 697 1499 734 Herodo-

835 755 904 792 tei:
947 755 1063 804 ibique
1098 755 1136 790 in
1167 756 1271 791 antro
1303 754 1500 802 semivir-gi·

834 824 911 849 nem
951 811 1132 862 quandam
1158 810 1367 848 Echz‘dnam
1393 811 1443 856 (i.
1467 823 1501 848 e.

836 869 1019 919 viperam)
1042 869 1218 905 invenisse
1234 869 1369 905 mzlrtae
1390 871 1500 903 natu-

835 938 920 972 rae,
958 937 985 961 s.
1010 927 1175 975 corporis.
1214 924 1356 974 Tangit
1377 923 1501 962 Hero-

836 982 947 1019 dotea
970 981 1140 1019 Eustath.
1173 982 1222 1018 ad
1248 980 1405 1030 Dionys.
1428 980 1500 1018 Pe-

835 1039 964 1087 rieget.
980 1050 1031 1075 vs.
1047 1039 1152 1083 3103
1171 1036 1384 1086 quibuscum
1402 1050 1501 1074 com-

835 1099 1012 1145 parentur
1035 1093 1191 1131 Diodori
1218 1093 1330 1131 verba
1357 1093 1405 1140 Il,
1431 1092 1501 1140 43,

835 1150 957 1188 Melae
975 1149 1021 1198 Il,
1043 1151 1080 1196 1,
1104 1150 1183 1192 105
1204 1149 1432 1198 (‚‚Basilidis
1453 1150 1500 1187 ab

834 1206 996 1245 Hercule
1044 1211 1083 1244 et
1130 1206 1299 1244 Echidna
1352 1207 1500 1256 generis

833 1263 1012 1316 principia
1062 1267 1171 1311 sunt,
1228 1275 1350 1301 mores
1397 1262 1502 1312 regii,

835 1333 937 1359 arma
966 1324 1107 1357 tantum
1136 1319 1354 1369 sagittae“)
1384 1324 1422 1358 et
1445 1320 1502 1357 in-

838 1377 991 1429 scriptio
1025 1376 1125 1428 apud
1153 1376 1253 1414 Don.
1273 1377 1392 1415 Class.
1422 1375 1439 1413 I
1463 1389 1501 1427 p.

838 1434 914 1481 34,
938 1446 1048 1484 quam
1078 1432 1204 1471 attulit
1228 1433 1277 1470 ad
1294 1432 1329 1471 h.
1349 1433 1370 1470 l.
1392 1432 1503 1470 Wes-

837 1491 965 1540 seling.
990 1489 1040 1527 Et
1060 1491 1185 1528 confer
1206 1503 1357 1540 quoque
1368 1489 1503 1528 Hesio-

838 1549 908 1586 dea
955 1548 993 1584 in
1031 1546 1228 1596 Theogon.
1272 1548 1355 1588 292
1396 1559 1502 1597 seqq.

837 1604 958 1656 Ipsam
987 1603 1150 1641 fabulam
1185 1604 1232 1641 de
1261 1604 1377 1641 tribus
1405 1603 1502 1640 Her-

839 1661 928 1699 culis
960 1664 1070 1710 atque
1096 1659 1284 1698 Echidnae
1318 1660 1399 1696 filiis
1427 1663 1503 1697 tra-

840 1722 916 1755 ctat
932 1718 1097 1767 Koppen
1114 1716 1338 1765 (Nordgest.
1353 1716 1391 1754 d.
1405 1715 1504 1753 Pon-

839 1780 898 1812 tus
930 1786 1016 1824 pag.
1049 1773 1141 1821 13);
1182 1774 1255 1822 qua
1286 1772 1374 1810 nihil
1404 1772 1503 1810 aliud

841 1830 1038 1881 significari
1061 1830 1284 1877 arbitratur,
1316 1830 1385 1866 nisi
1402 1829 1504 1879 quod

841 1887 1038 1938 Agathyrsi
1062 1886 1154 1934 (IV,
1186 1886 1262 1935 48)
1290 1886 1336 1923 ab
1360 1886 1504 1924 oriente

842 1945 879 1982 in
902 1957 963 1982 eas
985 1948 1125 1990 terras,
1154 1943 1192 1980 in
1211 1943 1344 1993 quibus
1370 1942 1505 1980 versari

841 2006 927 2053 post
952 2001 1143 2047 dicuntur,
1182 2000 1418 2050 pervenerint
1445 2012 1506 2037 re-

842 2059 1066 2108 gionemque
1085 2055 1142 2094 vel
1159 2061 1246 2094 ante
1259 2056 1422 2094 Gelonos
1440 2068 1503 2093 oc-

841 2116 1018 2166 cuparint.
1058 2113 1232 2150 Filiorum
1262 2114 1358 2151 enim
1388 2113 1506 2150 nomi-

841 2173 946 2209 nibus
968 2172 1042 2208 sive
1063 2170 1271 2207 conditores
1295 2170 1416 2219 gentis
1437 2169 1507 2206 du-

840 2241 994 2278 cesque,
1018 2227 1092 2265 sive
1113 2227 1209 2277 ipsas
1227 2231 1380 2275 gentes,
1411 2238 1507 2276 quae

841 2285 1098 2335 antiquissimo
1116 2296 1205 2321 aevo
1222 2283 1292 2321 hoc
1308 2283 1423 2320 solnm
1444 2295 1508 2320 oc-

841 2342 1029 2393 cuparint,
1060 2340 1222 2378 indicari.
1281 2340 1334 2377 Ac
1357 2339 1507 2377 Gelonos

842 2400 990 2449 quidem
1013 2397 1071 2436 ille
1098 2397 1213 2435 habet
1241 2410 1307 2448 pro
1328 2397 1508 2446 antiquis-

846 2457 944 2494 simis
975 2455 1127 2492 Graecis
1157 2454 1242 2490 olim
1271 2466 1373 2491 oram
1397 2453 1508 2491 Ponti

846 2512 979 2550 Euxini
1003 2511 1239 2558 tenentibus,
1277 2511 1343 2548 sed
1365 2515 1508 2561 postea,

846 2570 1083 2607 barbarorum
1102 2568 1248 2605 incursu
1270 2567 1318 2604 ad
1335 2566 1509 2603 interiora

848 2626 927 2664 loca
959 2625 1125 2671 reiectis;
1174 2628 1215 2661 ut
1244 2624 1394 2661 minime
1423 2621 1510 2658 inde

220 2712 287 2750 ·),
291 2713 461 2748 ‚Similiter
500 2716 700 2746 Callistratus
728 2717 768 2747 de
796 2716 956 2746 Centauro
982 2716 1040 2746 XII
1067 2725 1096 2755 p.
1123 2717 1186 2744 905
1233 2723 1264 2763 p.
1293 2714 1356 2741 160
1381 2707 1507 2739 Iacobs.

127 2768 189 2789 και
214 2753 443 2800 η’,ριωμένον
468 2757 510 2792 τὸ
538 2758 645 2801 σῶμα
669 2772 700 2793 κ.
721 2772 752 2794 τ.
778 2761 807 2792 λ.
856 2762 942 2793 Idem
967 2762 1084 2792 Chiron
1109 2752 1405 2795 ἱπποκένταυρος
1430 2755 1511 2785 dici-

126 2808 189 2836 tur.
235 2804 306 2835 xid.
332 2805 437 2837 Nonn.
462 2807 493 2836 in
517 2808 655 2848 Gregor.
680 2807 838 2839 Nazianz.
864 2809 896 2838 in
920 2807 1046 2838 Melett.
1073 2807 1086 2837 1
1110 2815 1142 2846 p.
1171 2807 1226 2834 7.1
1309 2801 1376 2834 ΟΥ·

179 2851 391 2890 Hnnonor.
420 2852 468 2891 ΙΙ.

1184 2851 1235 2891 19
