1863 3256
413 271 497 310 620

802 268 1265 309 HERODOTI

412 377 599 432 ἔχοντες·
645 378 719 420 καὶ
760 380 803 421 οἱ
838 377 1152 430 κυνοκέφαλοι,
1202 375 1275 418 καὶ
1304 375 1346 418 οἱ
1376 373 1587 431 ἀκέφαλοι
1616 378 1658 419 οἱ

413 448 460 491 ἓν
494 451 605 490 τοῖσι
636 445 812 501 στήθεσι
848 445 952 496 τούς
989 443 1249 501 ὀφθαλμούς
1282 445 1464 500 ἔχοντες,
1511 444 1569 496 ὥς
1605 445 1657 500 δή

411 515 607 572 λέγονταί
635 532 680 570 γε
707 514 796 557 ὑπὸ
817 515 1016 571 Λιβύων,
1047 515 1120 558 καὶ
1142 516 1185 558 οἱ
1212 513 1358 568 ι’ίγριοι
1387 515 1558 569 ἄνδρες,
1586 515 1659 558 καὶ

408 591 608 641 γυναῖκες
646 584 813 639 ἄγριαι,

354 775 545 823 augenda,
585 774 613 809 si
640 771 819 808 attineret.
866 768 918 809 At
938 772 1007 809 hoc

355 832 391 866 in
411 829 591 866 Herodoti
617 827 696 864 loco
719 827 886 874 equidem
908 828 1008 876 cogi-

353 886 423 922 tari
445 884 563 921 malim
586 884 632 920 de
657 882 790 931 Orygz‘s
814 894 842 919 s.
865 882 1005 919 Antilo-

348 952 416 991 pae
436 952 571 988 genere
593 939 772 988 quodam,
811 938 916 986 quale
940 951 1006 988 per

350 995 510 1033 Africam
539 995 717 1045 reperitur
740 1005 812 1029 uno
832 1006 944 1031 cornu
968 995 1006 1031 in

352 1051 476 1088 fronte
504 1051 726 1087 instructum.
776 1048 833 1085 Cf.
859 1050 1004 1087 Cuvier.

353 1107 402 1143 ad
420 1107 511 1143 Plin.
533 1106 583 1143 H.
604 1105 653 1144 N.
673 1104 755 1142 VIII
774 1117 809 1154 p.
829 1103 909 1145 433
927 1119 1006 1155 seq.

355 1165 392 1199 et
411 1174 506 1210 quae
536 1162 582 1198 de
608 1162 676 1198 hoc
696 1159 838 1197 animali
861 1162 1006 1211 copiose

353 1216 783 1268 exposuitLichtenstein.
796 1215 1006 1262 (Abhandll.

352 1273 390 1312 d.
418 1273 553 1310 Berlin.
583 1273 694 1311 Acad.
726 1273 761 1309 d.
783 1272 1005 1310 Wissensch.

350 1342 382 1367 v.
402 1329 491 1366 Jahr
522 1327 836 1374 1824—1826)
864 1342 900 1380 p.
925 1328 1003 1370 195

351 1397 453 1433 seqq.
485 1384 563 1421 coll.
588 1397 624 1434 p.
644 1383 725 1424 204
746 1396 849 1432 seqq.
906 1383 1002 1421 Add.

348 1440 530 1488 Bottiger.
559 1439 749 1476 Amalthea
778 1440 829 1475 Ill
857 1453 892 1489 p.
923 1441 1002 1481 189

306 1495 309 1498 ’
348 1508 453 1544 seqq.
485 1500 522 1533 et
539 1494 790 1543 Morgenblatt
818 1497 924 1536 1827
947 1508 1001 1532 nr.

350 1551 431 1592 142
451 1564 527 1601 seq.
549 1564 585 1601 p.
605 1552 684 1591 566
702 1563 804 1599 seqq.
824 1551 904 1591 605
922 1563 1000 1600 seq.

403 1605 470 1645 καὶ
492 1606 533 1645 οἷ
550 1604 828 1656 κυνοκέφαλοι]
860 1606 918 1643 De
947 1606 1000 1643 his

345 1663 443 1701 conf.
459 1662 613 1699 Diodor.
633 1662 696 1708 lll,
723 1663 787 1702 34.
835 1662 929 1699 Plin.
951 1662 1001 1699 H.

343 1717 394 1756 N.
416 1718 500 1755 VllI
523 1719 637 1765 (80),
669 1717 747 1764 54,
786 1718 848 1754 ubi
879 1722 1002 1755 monet

344 1774 491 1811 Cuvier.
511 1787 598 1825 pag.
622 1773 704 1814 466
731 1775 879 1811 eosdem
908 1786 1002 1822 esse,

343 1830 473 1879 quibus
523 1830 643 1867 adhuc
694 1829 1001 1881 cynocephalorum

344 1897 491 1923 nomen.
560 1885 609 1922 At
648 1885 699 1924 οἱ
747 1881 1000 1935 ἀκέφαλοι

344 1941 548 1978 fabulosum
570 1941 766 1979 bestiarum
785 1954 919 1990 genus,
959 1946 1001 1979 ut

345 1997 414 2047 ipsi
431 1998 576 2035 videtur
597 1999 693 2047 patri
720 1998 892 2035 historiae
910 1998 1000 2035 haec

344 2053 544 2090 adiicienti:
585 2051 639 2099 ὥς
665 2051 714 2102 δή
736 2052 915 2105 λέγονταί
943 2068 999 2105 γε,

343 2110 391 2145 ad
412 2121 518 2158 quam
545 2109 735 2146 formulam
764 2110 917 2146 conferri
934 2123 1000 2146 vo-

342 2163 459 2201 lumus
476 2168 600 2201 notata
621 2165 668 2201 ad
691 2165 752 2212 lv,
777 2167 866 2205 173.
915 2166 998 2203 Hoc

343 2225 505 2266 certum,
543 2221 773 2258 Herodotum
794 2221 849 2257 hic
871 2221 918 2259 de
935 2221 999 2272 se-

343 2288 465 2312 rarum
512 2289 646 2325 genere
690 2277 849 2325 quodam
884 2277 997 2326 loqui,

342 2331 624 2380 haudquaquam
682 2333 729 2370 de
781 2332 998 2380 hominibus,

343 2388 470 2434 quales
516 2388 576 2423 alii
612 2392 774 2425 veterum
815 2390 997 2427 finxerint.

342 2441 402 2478 De
424 2454 497 2490 quo
516 2443 589 2478 vid.
609 2445 655 2480 ad
667 2444 811 2482 Ctesiae
829 2446 993 2493 fragmm.

341 2497 422 2532 lnd.
443 2499 499 2537 20
517 2510 601 2546 pag.
618 2500 720 2544 3203
748 2513 864 2548 eoque
887 2503 994 2538 etiam

341 2552 577 2601 pertinebunt
604 2553 710 2590 Plinii
738 2556 848 2591 verba
873 2558 919 2592 Η.
944 2557 992 2594 Ν.

340 2607 387 2654 V,
403 2609 451 2646 8:
482 2608 703 2656 „Blemmyis
722 2611 915 2647 traduntur
933 2626 994 2648 ca-

339 2664 417 2713 pita
436 2664 564 2702 abesse
585 2677 647 2702 ore
666 2669 702 2702 et
723 2666 833 2701 oculis
852 2668 990 2716 pectori

339 2719 516 2756 adfixis.“

397 2770 694 2824 α’κατάψευστα]
719 2775 773 2812 lta
794 2775 993 2824 Mcdiceus,

340 2830 592 2877 Florentinus,
622 2831 693 2867 alii.
734 2832 817 2868 Duo
841 2833 991 2870 l'arisini

343 2887 448 2924 codd.
510 2881 819 2937 άκατάψι·ιυστα,·
891 2891 992 2939 quod

874 585 948 629 καὶ
994 584 1103 628 ἄλλα
1149 584 1308 640 πλήθεϊ
1344 584 1482 628 πολλοὶ
1521 587 1683 641 θηρίαΙ

254 658 350 703 192
409 654 720 704 ἀκατάψευστα.
778 655 901 699 Kato&
930 654 1033 707 τους
1056 654 1268 710 Νομάδας
1298 654 1344 699 δέ
1374 655 1462 699 ἐστι
1489 654 1657 699 τούτων

1063 771 1158 809 idem
1186 772 1221 808 in
1249 776 1387 824 septem
1417 772 1492 810 aliis
1521 772 1626 810 codd.
1649 784 1712 809 ex-

1063 831 1158 864 stare
1181 832 1340 865 testatur
1354 829 1600 866 Montfaucon.
1620 827 1712 877 (Pa-

1062 882 1195 931 laeogr.
1217 884 1281 921 Gr.
1303 897 1386 934 pag.
1410 885 1502 925 243.
1531 884 1642 921 Mem.
1665 884 1712 921 de

1060 937 1196 976 l'Acad.
1221 940 1256 976 d.
1279 940 1390 978 inser.
1409 940 1477 977 ΧΗ
1500 952 1585 990 pag.
1609 941 1710 988 171)

1060 993 1325 1043 interpretans:
1373 995 1476 1045 feras
1501 995 1712 1032 intractabi-

1063 1048 1121 1085 les.
1160 1049 1335 1087 Dorvillio
1360 1052 1406 1088 ad
1423 1051 1558 1088 Charit.
1577 1064 1613 1101 p.
1629 1051 1713 1091 346

1060 1103 1161 1153 Lips.
1186 1105 1373 1154 placuerat
1412 1102 1712 1156 εὕκατάψευστα

1061 1159 1124 1210 (cle
1171 1162 1294 1210 quibus
1323 1161 1436 1211 facile
1483 1165 1561 1212 quis
1598 1162 1712 1199 multa

1060 1218 1273 1264 mentiatur,
1303 1218 1583 1268 confabuletur),
1621 1218 1711 1255 Rei-

1062 1273 1118 1308 zio
1138 1286 1218 1309 cum
1235 1274 1414 1312 Borheck.
1438 1280 1476 1312 et
1495 1275 1710 1312 Schaesero:

1060 1325 1314 1378 κατάψευστα
1340 1331 1492 1379 (fictas,
1531 1332 1711 1367 ementitas

1052 1383 1188 1433 feras).
1241 1385 1351 1428 Quod
1384 1387 1479 1424 idem
1513 1386 1712 1424 coniecisse
1783 1415 1788 1424 .

1061 1440 1109 1476 G.
1140 1440 1321 1478 Koenium
1363 1442 1448 1479 dicit
1481 1441 1656 1479 Valcken.
1688 1454 1711 1479 a

1060 1494 1091 1532 C
1099 1508 1125 1531 r.
1156 1495 1320 1533 laudatus
1349 1497 1384 1534 in
1405 1498 1559 1536 Diatrib.
1584 1498 1708 1548 Eurip.

1057 1563 1143 1601 pag.
1175 1553 1269 1592 231.
1326 1551 1407 1590 Nos
1445 1566 1525 1591 cum
1561 1553 1709 1603 reliquis

1058 1607 1144 1643 edd.
1183 1608 1392 1645 retinuimus
1430 1605 1711 1656 άκατάψευστα

1050 1661 1221 1712 ferasque
1249 1664 1477 1713 intelligimus
1503 1665 1599 1701 nullo
1617 1678 1712 1703 men-

1058 1718 1160 1755 dacio
1188 1719 1311 1766 fictas,
1352 1733 1445 1769 quae
1469 1721 1553 1758 inde
1571 1734 1593 1758 a
1611 1723 1712 1772 prio-

1056 1775 1155 1811 ribus
1178 1780 1427 1824 segregantur.
1475 1775 1587 1827 Apud
1616 1778 1711 1815 Iam-

1057 1830 1209 1867 blichum
1237 1832 1273 1867 in
1295 1831 1477 1883 Protrept.
1504 1846 1590 1883 pag.
1616 1836 1709 1882 137,

1055 1891 1224 1924 monente
1251 1886 1470 1938 VVesseling.
1511 1884 1711 1939 α’ὃιάψευ-

1057 1954 1126 1980 στα
1144 1942 1272 1994 θηρία
1294 1944 1422 1981 eodem
1440 1957 1560 1982 sensu.
1573 1968 1629 1973 ——
1647 1945 1707 1982 Ad

1053 1997 1271 2036 locutionem
1291 1996 1442 2050 πλήθεϊ
1459 1998 1582 2039 πολλά
1611 2003 1706 2039 conf.

1054 2054 1117 2099 111,
1138 2053 1201 2094 45-
1240 2055 1276 2101 J,
1311 2058 1358 2096 51
1388 2053 1561 2107 μεγάθεϊ
1589 2054 1708 2108 μεγά-

1053 2112 1147 2155 λους
1167 2114 1203 2146 et
1219 2109 1300 2157 Vll,
1325 2114 1403 2152 117
1432 2110 1560 2166 ἄνδρα
1589 2109 1707 2166 μεγά-

1054 2169 1126 2204 θεϊ
1146 2165 1336 2217 μέγιστον.

1237 2223 1347 2273 Cap.
1378 2223 1522 2261 CXCII.

1112 2274 1224 2316 Κατά
1239 2276 1333 2325 τούς
1347 2275 1540 2330 Νομάδας
1562 2278 1605 2318 δέ
1625 2278 1705 2319 ἔστι

1053 2330 1204 2372 τούτων
1225 2349 1260 2372 κ.
1287 2350 1317 2372 τ.
1339 2335 1385 2384 λ.]
1437 2335 1510 2371 Pro
1536 2334 1705 2374 τουτέων

1054 2403 1133 2426 cum
1155 2391 1271 2427 Gaisf.
1292 2395 1328 2428 et
1345 2390 1478 2427 Matth.
1500 2392 1596 2428 edidi
1614 2387 1705 2430 τού-

1051 2461 1140 2483 των.
1174 2442 1379 2496 Πύγαργοι
1396 2459 1423 2482 s,
1439 2445 1617 2496 Pygargi,
1640 2449 1704 2496 qui

1051 2514 1122 2538 una
1143 2514 1221 2537 cum
1242 2502 1357 2538 damis
1381 2506 1417 2538 et
1447 2505 1703 2552 strepsicerote

1050 2562 1375 2593 commemorantur
1414 2556 1530 2594 Plinio
1570 2559 1620 2596 H.
1651 2558 1701 2596 N.

1050 2611 1272 2658 V111(79),
1303 2610 1376 2657 54,
1418 2614 1588 2651 videntur
1623 2627 1702 2653 esse

1048 2668 1187 2704 bestiae
1222 2667 1311 2704 albis
1340 2669 1483 2705 natibus
1514 2670 1701 2720 praeditae

1051 2724 1192 2760 cervino
1231 2736 1252 2760 e
1295 2736 1430 2771 genere
1470 2726 1528 2764 vel
1563 2726 1699 2775 potius,

1050 2791 1144 2826 quae
1173 2783 1229 2814 est
1256 2781 1399 2816 Cuvieri
1432 2785 1613 2819 sententia
1633 2783 1700 2827 (ad

1050 2835 1141 2871 l'liu.
1163 2834 1185 2870 l.
1208 2834 1228 2869 1.
1248 2848 1332 2883 pag.
1354 2836 1456 2882 465,
1485 2838 1547 2874 ubi
1573 2839 1698 2874 vertit:

1042 2890 1150 2939 jesses
1169 2889 1367 2941 lulanclaees),
1399 2905 1442 2930 ex
1461 2894 1699 2943 antiloparum

1827 1254 1835 1441 w—-s--ue
1827 1164 1835 1253 :-.—-
1825 1192 1828 1200 *
1826 1169 1829 1176 ν
