1863 3256
110 490 284 518 lenedouum
322 491 385 525 pin-

108 524 180 551 tatiu
198 524 300 551 ultima
319 524 386 550 osn-

283 566 314 584 es
341 558 386 584 ἰιι-

109 591 163 622 ειίς
188 591 318 619 feminae
342 592 384 617 vi·

109 558 175 588 cia3

110 625 194 652 ritea-

217 566 280 584 11101·

316 425 380 470 26

435 110 520 151 328

862 108 1329 148 HERODOTI

439 218 648 262 νώσκεται
677 218 909 274 ἀτρεκέως,
940 218 1026 262 ὑπο
1057 217 1313 274 Ἰσσηδόνων
1344 216 1616 272 οἰκεόμενον·
1649 217 1696 263 τὸ

438 287 517 344 μέν
536 306 606 334 τοι
629 290 876 345 κατύπερθε
895 289 1005 342 πρός
1028 292 1168 345 βορῆν
1196 289 1376 344 ἄνεμον,
1418 288 1473 332 ου’
1494 288 1699 343 γινώσκε-

439 377 531 413 ται,
564 360 666 404 οὕτε
687 366 776 404 τῶν
796 363 1060 416 φαλακρῶν,

1103 359 1202 403 οὔτε
1229 363 1317 402 τῶν
1340 358 1625 415 Ἰσσηδόνων,
1663 362 1700 403 εἰ

438 431 496 487 μὴ
518 431 601 475 ὅσα
620 430 767 475 αὐτῶν
789 432 956 475 τούτων
977 430 1207 485 λεγόντων.
1250 429 1440 485 Νόμοισι
1461 430 1506 473 δὲ
1523 429 1705 486 Ἰσσηδό-
1715 437 1759 472 85

441 518 512 553 νες
541 504 745 545 τοιοισίδε
775 502 971 557 λέγονται
1001 505 1202 556 χρᾶσθαι.

441 573 559 628 θάνῃ
599 572 763 628 πατὴρ,
813 574 856 616 οἱ
894 571 1189 628 προσήκοντες
1229 571 1384 623 πάντες
1430 572 1704 627 προσάγουσι

1260 501 1413 544 Ἐπεὰν
1443 500 1571 556 ἀνδρὶ
1601 500 1703 545 ἄπο-

441 642 664 699 πρόβατα·
707 643 780 686 καὶ
811 643 954 686 ἔπειτα
985 646 1122 686 ταῦτα
1150 641 1391 695 θύσαντες,
1423 644 1494 686 καὶ
1524 660 1705 686 κατατα-

441 713 594 769 μόντες
625 712 678 755 τοὶ
710 711 839 766 κρέα,
888 713 1213 768 κατατάμνουσι
1253 715 1324 757 καὶ
1354 713 1433 758 τόν
1470 718 1550 757 τοῦ
1581 716 1704 757 δεκο-

440 783 576 839 μένου
613 787 831 827 τεθνεῶτα
865 782 1018 839 γονέα·
1071 782 1351 840 ἀναμίξαντες
1388 785 1433 829 δὲ
1472 784 1615 828 πάντα
1651 784 1704 828 τοὶ

385 943 483 991 guit‚
515 945 552 979 et
573 942 673 992 apud
692 941 873 989 Pompon.
891 939 978 977 Mel.
1000 940 1047 987 11,

390 1002 434 1046 1,
461 998 524 1038 15.
556 998 633 1045 85,
671 997 732 1034 ubi
757 996 958 1033 Essedones
985 1009 1050 1033 vo-

386 1058 524 1092 cantur.
582 1054 636 1092 Ex
678 1053 864 1090 Hecataeo
904 1052 1049 1091 Milesio

388 1110 588 1158 Issedones,
620 1109 793 1159 Scythiae
813 1113 974 1157 gentem,
996 1110 1051 1146 as-

387 1169 462 1205 sert
482 1167 659 1218 Stephan.
679 1167 837 1214 Byzant.
860 1178 887 1202 s.
911 1178 946 1202 v.
981 1168 1047 1216 (p.

389 1226 445 1265 92
476 1224 644 1273 fragmm.
677 1222 808 1261 Hecat.
845 1222 903 1259 ed.
934 1222 1051 1259 Klau-

392 1280 501 1328 sen.).
555 1279 754 1316 Calmuccz‘s
781 1279 875 1316 hanc
903 1283 1051 1327 gentem

391 1337 577 1374 accenseri
598 1349 620 1373 a
638 1335 817 1373 Rennelio
832 1364 842 1382 ‚
873 1347 985 1385 supra
1004 1336 1053 1372 ad

390 1392 421 1439 l,
452 1395 530 1434 201
564 1392 732 1429 diximus.
790 1392 895 1435 Quae
924 1392 1051 1428 eadem

389 1448 499 1486 etiam
521 1449 708 1485 Gattereri
736 1447 879 1485 videtur
906 1451 1054 1485 senten-

389 1504 465 1551 tia,
504 1504 667 1555 pluribus
696 1504 865 1553 exposita
885 1504 921 1541 in
940 1503 1054 1541 Com-

374 1563 501 1599 -ment.
519 1561 603 1597 Soc.
623 1560 729 1596 Gott.
752 1559 839 1596 XIV
857 1573 894 1610 p.
915 1562 963 1600 11
985 1573 1055 1609 sq.,

390 1615 470 1654 coll.
505 1617 614 1667 apud*
636 1615 854 1654 Billerbeck.
892 1615 1054 1653 Difficill.

391 1673 501 1710 Asiae
521 1685 608 1723 pag.
632 1674 686 1714 28
701 1700 712 1719 ,
754 1672 816 1708 ubi
839 1672 1054 1709 Issedonum

393 1729 501 1766 sedes
539 1730 576 1766 in
610 1733 706 1766 terra
735 1742 757 1766 a
783 1728 1054 1778 Korakalpalce's

392 1785 558 1822 habitata
592 1784 758 1822 collocat.
804 1784 843 1821 ln
875 1786 1056 1822 interiori-

393 1842 461 1878 bus
498 1841 711 1890 Mongoliae
743 1854 901 1889 magnae
933 1843 1055 1878 tracti-

394 1898 485 1944 bus,
516 1897 577 1934 ubi
600 1911 693 1935 nunc
711 1902 807 1935 terra
831 1897 1054 1948 Soongarey,

394 1953 588 1992 Issedones
621 1954 724 2004 ponit
749 1954 907 1991 Heeren.
946 1954 1055 1992 ldeen

394 2010 424 2056 l,
447 2014 473 2051 2
494 2023 580 2061 pag.
601 2012 704 2056 286,
744 2010 791 2046 ad
811 2011 972 2048 Sericam
993 2024 1057 2048 ve-

395 2070 508 2104 terem
540 2079 656 2116 usque
691 2071 906 2116 porrectos,
956 2068 1056 2104 cuius

395 2122 537 2160 incolae
578 2127 617 2160 et
656 2123 723 2173 ipsi
762 2123 810 2160 ad
840 2124 1056 2161 Issedonum

395 2179 545 2228 stirpem
562 2180 813 2229 pertinuerint.
843 2178 896 2216 Ac
918 2180 1057 2217 dudum

396 2239 506 2272 antea
523 2235 580 2272 De
600 2236 766 2285 Guignes
790 2235 811 2272 l.
832 2235 854 2272 l.
876 2236 1056 2286 pag.559

402 2313 451 2317 —
475 2291 555 2332 561
589 2291 668 2329 loca
697 2292 743 2328 ab
782 2293 971 2330 occidente
999 2293 1058 2329 Si-

399 2359 490 2393 nae‚
532 2360 627 2396 quae
654 2361 749 2384 nunc
771 2349 819 2385 ad
839 2349 1057 2386 Buchariam

399 2414 551 2453 parvam
581 2404 804 2450 reserantur,
842 2405 935 2441 intra
955 2406 1055 2442 Mas-

399 2463 544 2508 sagetas
566 2464 604 2496 et
627 2460 786 2497 Serieam
819 2465 951 2497 terram
981 2462 1056 2497 sive

398 2515 525 2552 Sinam
565 2515 758 2552 Issedones
788 2518 947 2553 tenuisse
984 2521 1060 2553 sta-

399 2575 533 2609 tuerat.
592 2571 778 2609 Mannert.
801 2572 848 2608 lv
869 2585 954 2622 pag.
980 2575 1059 2611 112

326 2645 330 2649 v
398 2639 516 2678 prope
534 2640 679 2666 amnem
700 2641 872 2677 magnum
894 2629 976 2677 Syr,
998 2630 1060 2677 qui

399 2684 434 2719 iu
458 2685 573 2721 lacum
593 2683 679 2721 Aral
700 2697 739 2722 se
758 2685 935 2731 effundit,
966 2685 1059 2722 lsse—

400 2740 516 2778 dones
542 2740 728 2778 habitasse
753 2740 850 2789 vult,
891 2753 982 2791 quos
1013 2742 1059 2779 ab

1105 941 1247 978 oriente
1283 941 1391 978 maris
1432 941 1555 992 Caspii
1593 940 1764 990 lacusque

1103 996 1191 1035 Aral
1235 997 1466 1046 quaerendos
1515 1010 1596 1034 esse
1640 1003 1765 1035 auctor

1106 1066 1252 1103 quoque
1277 1057 1332 1091 est
1352 1053 1519 1091 Volcker.
1537 1053 1651 1102 Myth.
1665 1054 1764 1091 Geo-

1105 1110 1230 1159 graph.
1249 1109 1263 1145 I
1287 1122 1372 1160 pag.
1391 1112 1481 1151 192.
1512 1109 1647 1159 Neque
1670 1111 1766 1147 enim

1106 1167 1308 1203 audiendus
1326 1171 1382 1204 est
1397 1166 1589 1203 Reichard.
1613 1179 1698 1217 pag.
1713 1168 1765 1206 16

1107 1224 1128 1259 l.
1148 1222 1169 1259 l.
1184 1251 1194 1268 ,
1216 1223 1278 1271 qui
1297 1223 1509 1260 lssedonum
1530 1223 1637 1260 sedes
1656 1223 1767 1260 fuisse

1108 1279 1303 1316 arbitratur
1329 1279 1376 1316 ad
1405 1280 1553 1315 fluvium
1573 1278 1666 1326 lsei,
1705 1278 1767 1328 qui

1108 1335 1274 1384 gubernii
1297 1335 1505 1373 Permensis
1524 1339 1664 1385 partem
1683 1347 1768 1385 per-

1108 1393 1248 1437 fluens,
1298 1392 1407 1428 fluvio
1438 1390 1473 1428 T
1476 1391 1562 1428 obol
1594 1391 1767 1440 iungitur,

1109 1448 1208 1485 euius
1231 1448 1278 1484 ad
1302 1449 1399 1497 ripas
1428 1448 1602 1498 oppidum
1620 1446 1771 1485 Isetskoi

1113 1504 1258 1552 Ostrog‚
1279 1516 1469 1554 pagusque
1489 1501 1649 1551 beticus,
1673 1516 1770 1553 quae

1111 1561 1260 1597 nomina
1291 1561 1337 1597 ad
1366 1560 1581 1597 Issedonum
1606 1560 1771 1611 appella-

1111 1618 1247 1654 tionem
1269 1620 1436 1666 spectare
1450 1617 1629 1666 opinatur.
1648 1616 1770 1667 Ipsam

1111 1672 1392 1722 appeliationem
1429 1671 1656 1719 Issedonum,
1695 1674 1771 1711 sive

1110 1729 1330 1767 Essedonum
1353 1730 1398 1766 ab
1420 1729 1562 1775 esseda,
1595 1743 1622 1767 s.
1643 1730 1772 1777 essedo,

1111 1786 1212 1835 quod
1260 1785 1504 1836 plaustrorum
1545 1791 1603 1823 est
1640 1799 1771 1835 genus,

1112 1842 1251 1879 derivat
1282 1841 1392 1879 Wahl
1438 1841 1656 1879 Erdbeschr.
1700 1855 1771 1879 von

1112 1898 1258 1935 Ostind.
1286 1911 1374 1949 pag.
1398 1898 1501 1945 490,
1548 1911 1629 1935 curn
1651 1903 1772 1936 tento-

1112 1955 1165 1991 ria
1205 1967 1271 1991 sua
1309 1954 1398 1991 haec
1436 1967 1528 2003 gens
1577 1968 1696 1992 secum
1734 1955 1771 1992 in

1113 2010 1285 2061 plaustris
1308 2011 1464 2055 vexerit,
1503 2023 1546 2047 ea
1566 2011 1644 2048 loca
1667 2024 1773 2048 occu-

1113 2080 1229 2117 pans,
1275 2080 1369 2116 quae
1403 2080 1424 2103 a
1462 2067 1587 2104 Serica
1623 2068 1773 2116 antiqua

1113 2124 1209 2160 infra
1237 2123 1490 2160 meridionales
1523 2125 1656 2160 montis
1680 2123 1773 2160 Altai

1114 2184 1275 2227 tractus,
1318 2180 1365 2216 ad
1401 2179 1517 2216 laeum
1548 2179 1772 2218 Maeoticum

1113 2249 1232 2286 usque
1251 2237 1496 2287 porrigantur.

1303 2359 1333 2396 C
1346 2372 1415 2410 ap.
1446 2359 1580 2397 XXVI.

1174 2461 1358 2499 τοιοισίᾶε
1380 2458 1574 2512 λέγονται]
1611 2461 1663 2497 Ita
1687 2462 1773 2499 dedi

1117 2530 1196 2555 cum
1215 2518 1332 2554 Gaiss.
1373 2518 1431 2554 Cf.
1454 2517 1500 2564 H,
1520 2519 1587 2558 37.
1622 2517 1685 2565 lli,
1707 2520 1774 2565 99,

1118 2574 1177 2610 ubi
1213 2587 1281 2623 pro
1317 2574 1442 2619 τοῖςόε
1480 2574 1539 2611 alii
1575 2575 1773 2613 τοιοισίδε.

1119 2630 1204 2666 Mox
1235 2643 1314 2666 cum
1346 2635 1495 2668 recentt.
1524 2631 1608 2668 edd.
1633 2631 1772 2681 recepi—

1117 2699 1196 2723 mus
1228 2681 1421 2740 ἀποθάνῃ
1454 2700 1520 2737 pro
1553 2683 1773 2733 ἀποθάνοι,

1118 2743 1218 2792 quod
1236 2742 1292 2780 hic
1312 2744 1395 2780 ferri
1416 2756 1525 2794 posse
1544 2756 1731 2794 negamus.
