1863 3256
0 583 61 629 58

437 257 991 299 MELPOMENE.

1050 258 1117 297 IV.
1284 265 1366 305 573

107 370 285 427 Λιβύων
309 370 392 426 γάρ
423 370 474 426 δὴ
506 369 634 413 ἔθνεα
663 367 800 411 πολλοὶ
829 367 901 411 καὶ
930 365 1117 410 παντοῖά
1148 368 1253 411 ἐστι·
1292 372 1366 414 καὶ

105 441 158 483 τὰ
195 442 272 498 μὲν
312 440 458 484 αὐτῶν
497 438 620 494 ὀλίγα
660 439 858 494 βασιλέος
896 435 952 495 ἦν
987 438 1186 495 ὑπήκοα,
1227 438 1281 481 τοὶ
1321 440 1366 482 δὲ

105 511 219 554 πλέω
250 511 471 567 ἐφρόντιζε
500 512 692 565 Δαρείου
723 509 864 554 οὐδέν.

108 741 179 767 ται
195 737 202 746 ⁸

262 726 305 766 οἳ
342 722 515 778 νόμοισι
550 722 627 777 μὲν
665 723 718 767 τὰ
757 725 870 766 πλέω
905 725 1180 778 Αἰγυπτίοισι
1209 721 1368 777 χρέων-

228 584 433 626 Οἰκέουσι
462 582 507 625 δὲ
536 582 644 625 κατὰ
671 581 771 625 τάδε
801 584 969 637 Λίβυες.
1014 578 1105 623 Ἀπ’
1136 578 1393 635 ΑἰγύπτουΙ
1425 585 1538 620 Libyae
1578 588 1698 622 vopulo-

109 653 366 709 ἀρξάμενοι,
401 657 568 707 πρῶτοι
596 650 902 708 Ἀδυρμαχίδαι
932 651 1112 706 Λιβύων
1141 653 1368 706 κατοίκην-

107 810 196 844 ται,
227 794 387 850 ἐσθῆτα
416 794 461 838 δὲ
495 793 706 850 φορέουσι
735 797 832 853 οἴην
862 810 941 851 περ
973 796 1017 837 οἱ
1046 795 1169 838 ἄλλοι
1194 795 1368 850 Λίβυες.

51 981 225 1033 Aegypto
249 982 295 1020 ab
327 981 551 1031 Ammoniis,
589 981 710 1022 Nasa-

53 1041 242 1085 monibus,
281 1039 358 1077 aliis
386 1041 583 1090 Liby-ibus,
614 1054 709 1078 mer—

54 1100 200 1133 caturae
222 1109 333 1133 causa
356 1097 440 1133 illuc
458 1097 709 1146 delatis(quos

54 1153 154 1202 ipsos
184 1151 372 1201 aliquoties
397 1154 483 1190 citat
510 1158 620 1191 testes
655 1157 711 1189 at-

55 1221 126 1257 que
163 1211 356 1257 auctores)
393 1210 560 1246 edoctum
602 1210 710 1245 fuisse

55 1265 178 1301 scribit
198 1265 357 1303 Heeren.
380 1266 491 1303 ldeen
515 1266 568 1312 ΙΙ,
591 1266 600 1302 l
626 1278 710 1315 pag.

58 1321 150 1361 195.
190 1323 283 1362 208.
344 1321 436 1358 Cum
465 1335 550 1358 vero
577 1321 712 1359 Noster

54 1381 129 1413 tam
148 1382 313 1414 accurate
333 1382 463 1415 tractet
485 1378 531 1414 de
562 1383 712 1427 septen-

55 1433 200 1469 trionali
219 1432 360 1482 Libyae
385 1446 448 1470 ora
470 1434 712 1482 gentibusque

57 1490 134 1527 eius
164 1489 312 1538 singulis
345 1490 407 1539 (iis
437 1493 576 1526 tantum
609 1502 713 1526 exce-

56 1546 155 1596 ptis,
192 1559 286 1594 quae
310 1547 463 1583 maxime
487 1546 712 1583 occidentem

56 1615 178 1639 versus
203 1603 438 1650 habitarint),
489 1616 555 1640 nec
584 1601 714 1638 minori

57 1670 142 1695 cura
163 1671 205 1695 ac
223 1658 410 1707 diligentia
437 1659 619 1696 interioris
638 1663 714 1694 tra-

57 1719 137 1751 ctus
157 1720 285 1762 gentes
303 1719 511 1762 recenseat,
544 1715 714 1764 equidem

56 1770 156 1808 haud
185 1772 259 1807 scio
285 1784 331 1808 an
358 1770 552 1808 Mannerto
578 1770 659 1821 (X,
688 1773 714 1810 2

56 1840 92 1878 p.
118 1827 213 1876 167)
248 1832 359 1877 atque
375 1827 516 1875 Heysio
534 1828 580 1864 sit
600 1828 715 1864 adsti-

57 1882 284 1933 pulandum,
324 1884 453 1932 quibus
485 1884 542 1921 vix
565 1884 714 1920 dubium

58 1940 223 1987 videtur,
253 1941 341 1989 quin
364 1939 526 1989 Libycae
547 1953 632 1977 orae
649 1939 715 1975 ali-

59 2008 168 2045 quam
190 2001 287 2034 certe
309 2001 450 2046 partem
469 1996 608 2033 Noster
634 1997 714 2046 ipse

57 2053 192 2088 viserit.
250 2053 347 2099 Qui,
382 2065 476 2102 quae
503 2053 631 2102 Heysii
660 2055 715 2089 est

61 2108 239 2158 suspicio,
279 2110 450 2158 Cyrenen
476 2110 558 2145 navi
584 2121 627 2146 ex
645 2108 716 2146 Ae-

60 2170 174 2214 gypto
205 2165 377 2202 advectus
405 2177 447 2201 ac
476 2178 541 2215 per
567 2165 717 2213 aliquod

61 2225 206 2270 tempus
228 2221 276 2257 ibi
304 2227 543 2258 commoratus
574 2222 659 2258 inde
678 2222 716 2258 in

58 2276 197 2314 vicinas
222 2276 363 2325 Libyae
391 2277 559 2326 regiones
593 2290 719 2315 excur-

60 2334 150 2370 risse
170 2334 260 2370 sumi
281 2338 415 2383 potest.
459 2334 718 2382 Carthaginem

60 2402 146 2426 num
167 2390 318 2436 adierit,
348 2403 524 2439 perquam
546 2391 717 2435 dubium3

62 2449 103 2481 ut
120 2446 200 2494 qui,
226 2447 325 2494 quod
346 2447 421 2483 iure
442 2447 598 2491 mireris,
622 2446 717 2482 nullo

62 2502 143 2537 loeo
192 2502 504 2551 Carthaginiensis
569 2503 716 2539 ditionis

63 2563 319 2595 commemoret
358 2559 447 2596 fines
474 2572 540 2596 nec
571 2559 718 2596 omnino

64 2612 171 2648 ullam
190 2613 224 2649 in
244 2613 312 2650 hoc
323 2614 540 2663 Libycarum
557 2617 718 2664 gentium

64 2681 214 2706 recensu
238 2670 343 2706 faciat
361 2671 718 2721 Carthaginiensium

64 2725 309 2769 mentionem,
350 2738 504 2775 quorum
531 2729 718 2778 imperium

63 2780 247 2817 Herodoti
276 2785 372 2818 certe
400 2787 520 2821 aetate
540 2786 717 2821 orientem

64 2849 189 2874 versus
217 2837 377 2873 nondum
409 2839 457 2875 ad
480 2841 717 2888 Cyrenaicam

65 2905 179 2943 usque
198 2893 377 2931 ditionem‘
397 2898 586 2933 extensum
606 2897 717 2934 fuisse

766 981 922 1022 videtur.
976 981 1058 1021 Nec
1088 981 1202 1032 magis
1234 979 1423 1033 probabile

766 1047 895 1091 gentes
914 1054 935 1078 a
955 1040 1179 1088 Carthagine
1198 1040 1422 1077 occidentem

766 1111 888 1135 versus
939 1096 1144 1133 habitantes
1192 1096 1423 1133 Herodotum

767 1155 911 1192 adiisse.
970 1152 1031 1189 Tu
1056 1153 1128 1188 vid.
1155 1153 1201 1190 de
1224 1152 1278 1188 his
1300 1152 1424 1201 dispu-

767 1215 903 1247 tantem
926 1209 1050 1256 Heyse
1069 1208 1090 1245 l.
1113 1208 1135 1246 l.
1162 1222 1246 1258 pag.
1270 1210 1348 1250 115
1368 1227 1425 1235 -·

771 1269 850 1307 118
870 1265 947 1303 coll.
966 1265 1119 1302 Rennel.
1139 1278 1174 1314 p.
1199 1266 1292 1306 670.

824 1319 871 1359 τὰ
905 1319 946 1359 δὲ
978 1320 1080 1358 πλέω
1119 1316 1324 1368 ἐφρόντιζε
1357 1315 1426 1358 ου’-

770 1376 853 1427 δέν]
904 1378 1013 1413 Conf.
1032 1378 1126 1413 infra
1146 1377 1210 1422 iv,
1240 1378 1319 1416 197
1346 1376 1425 1416 init.

769 1439 807 1471 et
828 1435 875 1472 de
899 1433 1081 1470 locutione
1104 1432 1167 1480 IV,
1192 1435 1283 1473 198.

921 1523 952 1560 C
964 1536 985 1560 a
997 1536 1032 1573 p.
1066 1521 1266 1560 CLXVIII.

823 1596 909 1640 ’An’
935 1598 1144 1654 Αἰγύπτου
1183 1596 1425 1652 ἀρξάμενοι]

769 1657 951 1697 Nimirum
971 1671 992 1695 a
1010 1658 1087 1695 ,Nili
1113 1659 1208 1694 ostio
1229 1658 1428 1704 Canobico,

773 1719 813 1751 ut
834 1715 955 1751 scribit
979 1714 1111 1763 Scylax
1141 1712 1178 1764 ἓ
1201 1716 1280 1754 106
1305 1727 1341 1764 p.
1373 1712 1427 1752 44

771 1771 889 1807 Huds.
911 1784 945 1820 p.
966 1772 1047 1811 306
1069 1770 1186 1817 Gaii„
1223 1769 1280 1807 vel
1305 1770 1427 1818 potius

772 1840 794 1863 a
823 1827 902 1862 sinu
931 1827 1171 1871 Plinthinete,
1212 1827 1272 1863 ubi
1301 1826 1428 1863 Hero-

771 1884 882 1920 dotus
910 1881 1070 1933 Aegypti
1112 1883 1201 1920 fines
1240 1883 1426 1919 constituit

770 1940 815 1987 ΙΙ,
839 1942 884 1985 6;
924 1951 945 1975 a
974 1952 1047 1987 quo
1073 1939 1178 1988 primi
1205 1951 1426 1976 commemo-

769 2001 894 2033 rantur
912 1995 1208 2046 Adyrmachidae,
1230 2008 1323 2044 quos
1344 2008 1427 2031 eos-

773 2053 855 2090 dem
887 2054 987 2089 novit
1013 2052 1149 2088 Plinius
1180 2052 1228 2088 H.
1260 2051 1308 2088 N.
1328 2051 1374 2097 V,
1401 2054 1428 2093 6

772 2113 885 2158 atque
912 2109 1020 2145 Silius
1056 2108 1198 2144 italicus
1231 2107 1303 2154 Ill,
1343 2109 1427 2148 278

774 2178 876 2214 seqq.
912 2165 987 2211 IX,
1016 2166 1097 2205 223
1132 2177 1230 2213 seq.,
1275 2169 1428 2212 uterque

774 2223 905 2258 citatus
950 2222 996 2257 ab
1042 2220 1317 2258 Schlichthorst.
1351 2220 1372 2256 l.
1404 2221 1427 2256 l.

774 2290 861 2328 pag.
884 2279 984 2323 119,
1024 2273 1097 2326 qui'
1114 2278 1213 2326 quod
1240 2277 1277 2312 in
1305 2275 1430 2313 Ptole-

775 2347 881 2371 maeo
913 2338 1031 2370 exstat
1056 2329 1362 2384 Ἀδυρμαχίτας,
1391 2332 1431 2369 id

775 2392 812 2426 in
847 2385 1131 2439 Ἀδυρμαχίδας
1172 2394 1431 2425 commutatum

775 2445 872 2492 vult,
901 2447 1079 2496 probante
1090 2446 1262 2483 Larcher.
1286 2446 1322 2481 in
1334 2445 1429 2483 Tab.

777 2515 928 2551 geogr.,
968 2507 1188 2551 gentemque
1223 2502 1260 2538 in
1290 2501 1433 2550 Libyae

774 2559 950 2596 tractibus
980 2564 1218 2596 memoratam
1252 2557 1434 2594 interiori-

774 2616 844 2652 bus
865 2629 887 2653 a
907 2615 1115 2653 Ptolemaeo
1135 2615 1244 2652 sedes
1273 2619 1432 2651 mutasse

775 2672 994 2718 arbitratur,
1044 2685 1066 2709 a
1111 2672 1202 2708 mari
1248 2671 1429 2718 repulsam

775 2728 927 2765 Graecis
966 2727 1101 2765 colonis
1140 2725 1427 2763 advenientibus.

774 2784 882 2820 Conf.
919 2784 1073 2821 Rennel.
1107 2782 1128 2818 l.
1164 2782 1185 2817 l.
1218 2794 1302 2830 pag.
1334 2779 1426 2819 652.

772 2839 955 2877 Mannert.
975 2841 1008 2875 X
1022 2867 1032 2884 ‚
1059 2841 1084 2877 2
1107 2851 1143 2886 p.
1164 2838 1216 2877 20
1238 2835 1317 2873 coll.
1336 2838 1427 2872 nott.

772 2896 821 2934 ad
842 2896 982 2934 Herod.
1000 2893 1063 2939 1V,
1091 2895 1181 2934 191.

1425 627 1489 646 rum
1521 621 1698 654 descriptio:

1441 653 1686 687 Adyrmachidae,

1425 687 1510 720 primi
1539 696 1574 712 a)
1605 690 1699 721 Aegy-

1459 724 1508 754 pto
1522 727 1613 752 usquc
1631 722 1666 747 ad

1423 757 1541 788 portum
1565 753 1697 788 l'lyuum.
