1863 3256
582 148 1052 191 '1‘HAL1A.111.

1368 156 1452 195 245

174 267 245 310 ταί
275 277 409 322 σφεας
439 263 463 306 ὁ
493 257 781 315 Δημοκήδης,
831 256 942 301 οέλλά
983 274 1059 312 μιν
1100 256 1274 308 πάντως
1313 259 1450 303 ὀπίσω

146 336 405 388 Ξάποὲξουσι.
454 330 752 385 ἐντειλάμενος
782 328 828 373 δὲ
854 328 1053 372 τούτοισι
1081 332 1239 376 ταῦτα,
1270 329 1452 382 δεύτερα

174 407 358 456 καλέσας
388 401 526 447 αὐτὸν
543 401 835 458 Δημοκήδεα,
864 399 1006 444 ἐδέετο
1029 399 1190 450 αὐτοῦ,
1220 399 1336 450 ὅκως
1365 400 1509 457 {gwy-00

172 477 412 535 γησάμενος
457 477 604 516 πᾶσαν
651 473 725 516 καὶ
768 472 964 524 ἐπιδέξας
1002 471 1083 528 τήν
1115 469 1301 513 Ἑλλάδα
1339 475 1453 514 τοῖσι

144 547 396 603 3Πὲρσῃσι,
438 542 577 588 ὀπίσω
607 544 708 600 ἥξει.
767 546 891 597 δῶρα
931 543 977 587 δέ
1007 559 1083 599 μιν
1119 546 1180 599 τῷ
1210 543 1341 596 πατρὶ
1379 543 1452 585 καὶ

171 625 285 663 τοῖσι
327 615 577 670 οἷδελφεοῖσι
616 614 783 659 ἐκέλευε
821 614 964 658 πάντα
996 614 1049 658 τοὶ
1090 615 1261 658 ἐκείνου
1292 614 1452 657 ἔπιπλα

170 688 362 746 λαβόντα
401 685 545 741 ἄγειν,
593 686 680 742 φὰς
719 686 828 730 ἄλλα
858 689 902 730 οἷ
936 686 1240 742 πολλαπλήσια
1271 683 1453 728 ἀντιδώ-

169 773 278 805 σειν·
319 757 431 813 πρός
463 757 528 808 δὲ,
561 757 603 808 ἐς
632 757 685 801 τοὶ
716 761 839 812 δῶρα
871 756 1037 802 ὁλκάδα
1068 760 1112 802 οἱ
1141 759 1225 814 ἔφη
1257 759 1508 812 συμβαλ-35

169 833 368 883 λὲεσθαι,
415 828 583 885 πλήσας
630 828 813 884 ἀγαθῶν
850 832 1097 882 παντοίων,
1153 829 1233 886 τὴν
1277 830 1367 886 ἅμα
1409 831 1454 872 οἱ

141 902 451 948 4πλεύσεσθαι.
509 905 700 955 Δαρεῖος
739 901 819 957 μὲν
867 900 950 957 δή,
998 902 1167 945 δοκέειν
1206 901 1324 957 ἐμοὶ,
1372 899 1449 943 ἀπ’

142 973 358 1024 ὅοῦδενὸς
401 974 586 1026 δολεροῦ
626 971 737 1016 νόου
773 972 1054 1028 ἐπαγγέλλετό
1086 974 1130 1016 οἱ
1156 975 1304 1016 ταῦτα.
1364 974 1449 1025 Δη-

171 1045 364 1104 μοκήδης
396 1044 460 1096 δὲ,
504 1045 648 1094 δείσας
688 1042 747 1099 μή
782 1041 830 1086 εὑ
871 1043 1107 1099 ἐκπειρῷτο
1139 1047 1352 1098 Δαρεῖος,
1397 1039 1508 1084 οὔ40

172 1136 212 1162 τι
239 1114 495 1171 ἐπιδραμών
521 1114 665 1159 πάντα
692 1114 746 1157 τοὶ
776 1113 985 1172 διδόμενα
1015 1115 1208 1159 ἐδέκετο·
1259 1112 1369 1157 ἀλλὰ
1397 1112 1449 1156 τοὶ

112 1272 201 1317 ξει.
240 1267 299 1305 Ad
324 1279 450 1304 vocem
474 1265 620 1305 ἔπιπλα
641 1268 678 1305 in
699 1281 780 1319 sqq.

112 1328 157 1364 cf.
177 1325 207 1372 Ι,
225 1324 279 1365 94
302 1324 427 1373 ibique
446 1328 541 1363 nott.

171 1379 253 1431 φας
289 1378 388 1419 ἄλλα
419 1380 460 1419 οἷ
486 1377 779 1432 πολλαπλήσια]

112 1440 233 1489 Vulgo
259 1432 552 1487 πολληπλήσια,
583 1439 682 1475 cuius
700 1439 780 1475 loco

113 1510 158 1534 ex
178 1509 252 1533 uno
273 1495 458 1532 Sanerofti
479 1495 570 1532 libro
584 1496 702 1532 Gaisf.
722 1509 781 1533 re-

112 1554 212 1604 cepit
237 1547 521 1605 παραπλήσια,
562 1553 663 1600 quod
695 1553 782 1589 mihi

113 1624 134 1648 e
155 1610 277 1659 glossa
303 1613 428 1646 natum
448 1609 604 1645 videtur.
662 1608 780 1658 Equi-

114 1668 199 1704 dem
227 1678 272 1704 ex
297 1665 516 1703 Florentino
539 1666 694 1714 aliisque
718 1679 781 1702 ex-

112 1724 240 1761 hibere
302 1721 412 1760 malui
480 1718 782 1770 πολλαπλήσια,

113 1792 335 1830 quamquam
361 1779 479 1815 Gaisf.
518 1778 624 1815 lones
646 1779 780 1816 dixisse

113 1838 239 1874 statuit
265 1830 560 1882 πολλαπλάσια,
590 1848 665 1872 non
688 1838 781 1874 πολ-

112 1889 325 1943 λαπλήσια,
356 1905 468 1941 quum
488 1891 780 1942 antepenultima

111 1951 214 1988 huius
237 1951 338 1986 vocis
365 1949 590 1999 corripiatur.
649 1948 779 1986 Altero

111 2007 191 2044 loco
216 2007 290 2053 lv,
312 2007 365 2048 50
388 2001 668 2056 πολλαπλήσια
688 2019 779 2056 pro-

112 2065 175 2101 bat
200 2076 330 2102 censor
361 2062 524 2100 lenensis
558 2058 692 2115 (1817
723 2076 777 2100 nr.

114 2124 196 2162 162
215 2132 302 2171 pag.
319 2121 434 2167 360).
470 2119 568 2156 Add.
586 2119 667 2165 Vll,
687 2122 779 2167 160,

112 2178 175 2215 ubi
204 2189 330 2215 omnes
356 2176 438 2213 libri
467 2176 780 2227 πολλαπλασίης.

168 2231 269 2284 πρός
289 2231 344 2280 δὲ,
377 2233 416 2280 ἐς
438 2230 486 2271 τοὶ
508 2231 633 2284 δῶρα]
657 2234 781 2271 Verba

113 2289 153 2337 ἐς
172 2288 220 2330 τοὶ
252 2291 362 2342 δῶρα
382 2290 552 2339 Schwgh.
568 2319 578 2338 ,
609 2290 672 2339 qui
693 2290 779 2327 olim

113 2348 373 2399 interpretatus
405 2353 503 2384 erat:
543 2347 593 2383 ad
626 2347 780 2398 transfe-

114 2405 228 2441 renda
249 2405 354 2450 dona,
366 2404 519 2455 posthac
538 2404 669 2441 rectius
690 2405 780 2442 verti

114 2463 277 2499 monuit:
305 2462 361 2507 (in
389 2460 526 2498 Lexico
559 2461 702 2499 Herod.
735 2461 781 2508 ll,

115 2516 218 2567 293)
237 2518 287 2555 ad
303 2519 372 2556 illa
393 2518 501 2564 dona,
531 2530 559 2554 s.
585 2517 687 2554 donis
706 2518 780 2555 illis

116 2586 186 2610 sese
224 2575 446 2612 adiecturum
481 2575 683 2611 onerariam
712 2588 780 2612 ηα-

115 2642 201 2666 vem.
258 2632 335 2670 Sed
369 2636 447 2669 tum
473 2644 581 2669 voces
610 2627 712 2681 πρός
737 2629 780 2670 δὲ

116 2686 227 2738 plane
250 2688 501 2725 abundabunt.
559 2686 685 2725 Malim
713 2690 781 2726 ita-

117 2757 190 2793 que
212 2744 250 2780 in
271 2745 392 2794 priore
411 2745 640 2793 acquiescere
667 2745 781 2784 inter-

117 2800 337 2852 pretatione.
404 2801 493 2839 Mox
524 2800 624 2839 nolui
651 2801 782 2841 immu-

840 1272 921 1307 tare
950 1269 1140 1318 vulgatum
1171 1264 1509 1319 συμβαλλέεσθαι,

839 1327 941 1363 cuius
976 1326 1057 1363 loco
1100 1326 1264 1364 Florent.
1312 1322 1507 1374 συμβαλέ-

840 1387 963 1428 σθαι,
992 1383 1163 1420 Eustath.
1192 1383 1227 1419 h.
1258 1382 1281 1418 l.
1309 1382 1424 1418 citans
1457 1381 1506 1417 ad

837 1440 990 1477 Homer.
1012 1440 1112 1476 lliad.
1135 1442 1280 1490 p.741‚
1296 1440 1349 1478 83
1371 1438 1506 1483 s.638‚

842 1497 891 1537 15
911 1498 1218 1547 συμβαλεῑσθαι,
1244 1494 1400 1532 Parisini
1417 1495 1505 1541 dno,

836 1554 1019 1604 probante
1046 1553 1251 1600 Larehem,
1290 1550 1505 1601 συμβαλέε-

838 1614 949 1648 σθαι.
980 1611 1064 1647 Vid.
1090 1613 1180 1646 nott.
1200 1611 1247 1646 ad
1268 1608 1410 1654 lll,23.
1434 1609 1505 1644 Va-

836 1666 888 1704 let
914 1671 1039 1705 autem
1067 1661 1380 1716 συμβάλλεσθαι,
1417 1665 1451 1701 h.
1481 1664 1504 1701 l.

838 1723 991 1773 conferre
1012 1726 1049 1760 ιἰι
1069 1736 1190 1769 unum,
1205 1736 1233 1759 s.
1254 1723 1418 1768 tribuere,
1436 1721 1505 1758 acl-

835 1782 951 1817 ficere.
1021 1781 1094 1818 Pro
1127 1775 1375 1818 πλεύσεσθαι
1409 1779 1505 1815 San-

838 1838 945 1874 crofti
976 1836 1068 1875 liber
1099 1834 1366 1875 πλεύσασθαι.
1444 1835 1504 1872 Ad

836 1895 948 1931 verba
984 1888 1062 1932 ἄπ’
1092 1889 1261 1940 ου’δενδς
1292 1893 1373 1932 δολ.
1403 1886 1504 1930 νόου

837 1952 932 1988 conf.
951 1950 1082 1988 Matth.
1106 1951 1173 1988 Gr.
1198 1952 1263 1988 Gr.
1284 1963 1321 2000 p.
1346 1951 1464 1989 1131.

894 2007 1030 2054 δείσας
1066 2003 1122 2057 μή
1168 2005 1226 2047 εὖ
1263 2003 1501 2057 ἐκπειρῷτο]

836 2064 909 2102 Pro
930 2058 987 2113 εὖ,
1019 2068 1060 2102 ut
1079 2064 1164 2101 olim
1188 2064 1386 2113 vulgatum,
1408 2075 1505 2117 nuno
1576 2097 1582 2103 ,

837 2122 971 2159 rectius
994 2121 1134 2159 editum
1158 2119 1216 2167 εὖ,
1246 2121 1346 2170 quod
1365 2131 1432 2170 pro
1454 2118 1502 2157 οὐ

836 2178 924 2229 poni
956 2182 1082 2215 monet
1111 2177 1245 2215 Matth.
1276 2177 1343 2214 Gr.
1365 2176 1432 2212 Gr.
1465 2173 1502 2225 ἓ.

840 2235 919 2275 147
942 2240 1019 2272 not.
1040 2238 1064 2275 3
1092 2248 1128 2284 p.
1147 2234 1243 2275 275.
1296 2233 1355 2270 Ad
1377 2231 1503 2272 ἐκπει-

838 2293 942 2346 ρῷτο
965 2293 1060 2329 conf.
1086 2291 1148 2338 lll,
1175 2292 1267 2331 119.

896 2345 984 2388 οὔτι
1008 2343 1256 2399 ἐπιδραμών]
1288 2343 1504 2398 ἐπιτρέχειν

838 2408 896 2443 est
925 2405 961 2443 h.
984 2405 1006 2442 l.
1038 2406 1165 2455 cupide
1197 2403 1376 2449 involare,
1407 2404 1502 2439 αντι-

833 2475 936 2512 pere:
967 2463 1014 2500 de
1036 2475 1109 2512 qua
1127 2462 1280 2498 notione
1294 2461 1412 2498 Wess
1428 2459 1503 2496 lau-

838 2519 905 2556 dat
922 2519 1021 2566 Vlll,
1043 2521 1097 2559 32
1121 2523 1160 2556 et
1175 2517 1327 2555 Aristid.
1348 2517 1395 2555 T.
1414 2516 1444 2553 ll
1467 2529 1502 2566 p.

838 2575 933 2617 401·
966 2577 1024 2613 ed.
1054 2575 1158 2613 Iebb.
1188 2573 1393 2623 Schweigh.
1427 2572 1504 2622 Ap-

837 2633 936 2683 pian.
961 2634 1046 2670 citat
1069 2632 1214 2669 Punice.
1249 2629 1315 2670 94.
1345 2629 1504 2666 Larche·

837 2702 898 2726 rus
918 2689 1067 2727 Faciam
1090 2689 1137 2725 ad
1156 2688 1313 2725 Pausan.
1326 2686 1376 2722 lX
1393 2685 1500 2721 Τοιη.

837 2759 875 2796 p.
896 2744 951 2786 65
980 2750 1058 2784 not.
1083 2747 1146 2784 18.
1174 2739 1301 2782 κατὰ
1331 2736 1503 2790 χώρην

838 2804 972 2841 καταλ.
998 2802 1093 2840 valet
1110 2814 1172 2838 suo
1190 2800 1261 2836 loco
1288 2800 1426 2835 intacta
1449 2809 1503 2832 ¹re-
