1863 3256
32 815 128 860 102

481 131 1174 172 MELPOMENE.1V.

1378 140 1456 179 471

186 244 341 300 λίμνην
368 244 449 300 τήν
479 247 695 301 Μαιῆτιν,
727 241 887 296 ἑτέρων
912 238 1038 284 δέκα·
1081 240 1155 284 καὶ
1182 241 1230 284 τὸ
1262 241 1348 285 ἀπὸ
1379 249 1483 287 θα-1

184 313 345 370 λάσσης
382 315 424 367 ἐς
464 315 706 372 μεσόγαιαν
743 313 787 365 ἐς
827 312 932 364 τούς
963 312 1324 366 Μελαγχλαίνους
1353 314 1458 365 τούς

182 385 430 440 κατύπερθε
469 388 688 431 Σκυθέων
734 384 1017 441 οἰκημένους,
1071 383 1207 426 εἴκοσι
1261 382 1457 438 ἡμερέων

153 455 302 507 Βὸδός.
362 455 388 512 ἡ
419 458 464 501 δὲ
496 457 601 509 ὁδός
629 457 656 514 ἡ
687 454 898 513 ἡμερησίη
936 454 1020 500 ἀνὰ
1060 451 1262 510 διηκόσια
1301 452 1455 498 στάδια

182 527 479 583 συμβέβληταί
515 546 604 584 μοι.
665 527 780 571 οὕτω
823 526 878 570 ἂν
920 529 984 582 ε’ίη
1023 529 1100 582 τῆς
1129 528 1362 582 Σκυθικῆς
1400 524 1454 568 τὰ

178 596 434 651 ἐπικάρσια,
465 600 819 654 τετρακισχιλίων
849 599 1059 642 σταδίων·
1103 598 1176 642 καὶ
1205 596 1258 641 ταὶ
1289 596 1481 653 ὅρθια,5

177 667 230 710 τὰ
273 667 317 718 ἐς
354 668 434 725 τὴν
473 669 713 726 μεσόγαιαν
756 669 974 725 φέροντα,
1028 668 1188 724 ἑτέρων
1226 669 1452 713 τοσούτων

175 739 375 783 σταδίων.
433 738 462 796 ἡ
493 740 573 797 μέν
601 757 685 784 νυν
708 744 762 796 γῆ
785 740 895 797 αὕτη
917 740 1007 785 ἐστι
1028 740 1221 796 μέγαθος
1247 738 1451 797 τοσαύτη.

288 811 343 853 Οἱ
365 810 410 854 δὲ
430 812 609 856 Σκύθαι
638 813 785 864 δόντες
816 815 939 869 σφίσι
968 811 1126 869 λόγον,
1159 812 1220 864 ὥς
1250 812 1333 856 ούκ
1363 809 1452 856 οἶοί

173 881 218 925 τέ
257 882 340 925 εἶσι
375 881 452 926 τὸν
490 885 685 938 Δαρείου
724 883 912 939 στρατὸν
952 886 1162 942 ἰθυμαχίῃ
1202 883 1449 928 διώσασθαι

175 956 362 1009 μοῦνοι,
409 954 602 1010 ἔπεμπον
640 956 682 1006 ἐς
719 954 823 1006 τούς
855 956 1188 1013 πλησιοχώρους
1218 953 1506 1011 &magnove-10

173 1028 263 1069 τῶν
285 1025 332 1069 δὲ
361 1026 434 1069 καὶ
456 1026 509 1084 δή
536 1029 581 1070 οἱ
608 1027 804 1083 βασιλέες
829 1027 1116 1078 συνελθόντες
1141 1026 1448 1082 ἐβουλεύοντο,

145 1095 240 1149 Ξῶς
288 1101 477 1152 στρατοῦ
527 1097 844 1149 ἐπελαύνοντος
888 1098 1094 1154 μεγάλου.

1157 1093 1272 1155 ἦσαν
1317 1098 1364 1141 δὲ
1403 1099 1448 1142 οἷ

172 1169 461 1220 συνελθόντες
499 1167 719 1225 βασιλέες,
769 1168 986 1225 Ταύρων,
1034 1168 1109 1212 καὶ
1143 1166 1446 1226 Ἀγαθύρσων,

115 1312 226 1347 centa.
257 1309 368 1353 Quod
391 1321 465 1345 non
488 1308 691 1355 mirabitur,
715 1309 778 1358 qui

113 1378 208 1416 quae
251 1365 565 1416 proficiscentibus
605 1365 662 1403 hic
707 1366 777 1403 illic

112 1423 327 1460 obiiciantur
377 1421 615 1460 difficultates
662 1426 776 1472 atque

112 1479 397 1530 impedimenta,
452 1479 674 1529 respexerit,
727 1480 777 1516 si-

112 1536 261 1585 mulque
309 1536 490 1574 diversam
538 1536 775 1586 profectionis

113 1594 293 1630 rationem
309 1592 538 1642 cogitaverit.
587 1592 645 1629 Cf.
666 1592 775 1630 Man-

111 1654 204 1687 nert.
225 1649 240 1686 l
261 1662 297 1699 p.
325 1648 414 1689 195.
458 1648 676 1686 Dahlmann.
696 1649 774 1687 He-

111 1706 192 1747 rod.
216 1719 303 1756 pag.
329 1706 396 1747 95.
464 1705 577 1749 Quod
598 1706 646 1742 ad
674 1706 772 1756 ipsas

111 1775 300 1801 mensuras
325 1763 478 1808 attinet,
519 1762 589 1799 hoc
619 1761 698 1799 loco
725 1763 771 1800 ab

109 1820 305 1857 Herodoto
365 1819 552 1869 proditas,
617 1819 772 1856 Damill.

110 1876 251 1924 (Mem.
301 1876 348 1913 de
395 1875 534 1912 l’Acad.
577 1875 612 1912 d.
661 1876 771 1912 lnscr.

108 1934 251 1970 XXXV
266 1946 302 1984 p.
319 1930 421 1983 573)
443 1944 504 1969 eas
526 1933 665 1982 optime
686 1946 772 1970 con-

108 2002 242 2039 gruere
270 1993 418 2036 censet,
468 1989 498 2025 si
529 1990 676 2038 quidem
711 2003 772 2026 su-

107 2050 252 2084 mantur
284 2059 306 2083 a
332 2045 492 2084 Danubii
522 2045 623 2083 ostiis
656 2060 771 2097 prope

108 2102 262 2141 insulam
290 2102 437 2140 Peucen
467 2115 583 2151 usque
616 2116 697 2140 eum
721 2104 771 2140 ad

107 2160 248 2207 locum,
289 2159 352 2197 ubi
378 2159 648 2208 Borysthenem
677 2161 771 2197 reci-

107 2218 188 2268 piat
213 2217 364 2255 Pontus.
434 2215 624 2253 Addamus
661 2216 771 2264 hisce,

108 2286 205 2323 quae
223 2273 347 2311 scribit
366 2272 540 2310 Koehler.
562 2273 693 2323 (Mem.
712 2287 773 2310 sur

108 2330 132 2367 l.
152 2330 215 2368 iles
235 2334 271 2368 et
291 2330 312 2367 l.
333 2342 450 2367 cours.
473 2350 525 2357 —
540 2329 666 2367 Achill.
687 2343 771 2380 pag.

109 2388 211 2432 22);
269 2387 347 2434 „Si
379 2386 574 2424 Herodote
613 2392 771 2437 compte,

109 2455 182 2491 que
212 2443 246 2481 le
278 2444 421 2482 chemin
451 2444 499 2480 «le
528 2448 628 2481 terre
665 2448 770 2482 entre

110 2499 231 2537 l’lster
256 2503 295 2537 et
319 2499 353 2537 le
372 2499 606 2548 Borysthene
638 2506 696 2538 est
721 2502 769 2539 de

108 2558 221 2597 2000
242 2557 387 2603 stadeS‚
425 2556 507 2598 400
527 2561 690 2605 verstes,
721 2571 769 2595 on

109 2613 188 2650 doit
219 2613 425 2663 peut-etre
453 2626 655 2664 supposer,
694 2628 766 2664 que

108 2682 204 2720 pour
222 2669 313 2707 saite
342 2668 375 2705 le
404 2670 514 2718 trajet
540 2671 606 2708 des
627 2672 766 2710 fleuves

109 2730 147 2764 et
167 2726 280 2763 eviter
294 2725 347 2762 les
362 2725 493 2763 marnis
513 2727 683 2776 produits
702 2742 768 2779 par

107 2782 203 2821 leurs
225 2782 507 2830 dehordemens‚
533 2782 567 2821 le
584 2796 771 2835 voyageur

835 1322 875 1347 se
904 1309 1064 1347 trouvait
1090 1307 1251 1358 quelque
1279 1309 1348 1345 fois
1377 1307 1502 1357 oblige

834 1367 882 1404 de
900 1370 1088 1404 remonter
1104 1366 1196 1402 dans
1216 1364 1415 1402 l’interieur
1433 1366 1499 1403 des

833 1427 972 1470 terres3
1024 1423 1045 1459 ὲ
1081 1422 1200 1459 moins
1233 1435 1305 1471 que
1341 1421 1414 1458 l’on
1449 1434 1496 1460 ne

833 1480 963 1518 veuille
986 1492 1188 1529 supposer,
1221 1478 1281 1528 qu’
1301 1479 1495 1516 Herodote

831 1536 934 1587 parle
966 1536 1087 1586 plutot
1116 1537 1165 1574 de
1197 1535 1369 1573 l’endroit
1394 1535 1441 1572 οὺ
1461 1534 1496 1573 le

829 1593 1062 1642 Borysthene
1080 1605 1120 1630 se
1139 1593 1234 1641 jette
1253 1592 1345 1629 dans
1367 1605 1435 1629 son
1452 1591 1495 1629 li-

829 1662 939 1696 mon,
972 1663 1045 1699 que
1077 1650 1126 1688 de
1152 1648 1243 1687 celui
1276 1649 1324 1686 ou
1350 1649 1431 1686 finit
1452 1662 1495 1687 ce

831 1707 989 1744 dernier.
1001 1708 1026 1726 ‘⁴

1049 1785 1081 1822 c
1094 1798 1115 1822 a
1126 1799 1163 1836 p.
1194 1784 1275 1822 (311.

887 1871 1025 1922 δόντες
1062 1875 1178 1925 σφίσι
1219 1871 1364 1926 λόγον]
1403 1874 1426 1912 i.
1459 1888 1491 1913 e.

828 1946 942 1970 secum
975 1936 1191 1984 reputantes.
1242 1932 1300 1969 Cf.
1320 1932 1373 1979 11,
1398 1934 1491 1973 162.

829 1989 891 2027 Ad
928 1990 1126 2044 ἰθυμαχίῃ
1164 1990 1258 2027 conf.
1287 1989 1363 2035 IV,
1398 1990 1491 2029 120.

828 2048 869 2084 In
896 2060 1001 2097 seqq.
1037 2047 1171 2084 retinui
1201 2041 1493 2092 ἐπελαύνοντος

828 2104 950 2153 (euius
974 2103 1055 2141 loco
1082 2105 1154 2140 duo
1182 2103 1263 2140 libri
1285 2097 1491 2151 ἐπιόντοςς

827 2162 923 2199 conf.
955 2160 1026 2207 lv,
1066 2162 1157 2201 118.
1193 2159 1298 2208 119)
1327 2160 1492 2209 itemque

828 2211 933 2268 ἦσαν
966 2215 1048 2268 (pro
1081 2216 1216 2265 ἐ’σαν);
1256 2230 1338 2254 cum
1363 2217 1489 2253 Struv.

827 2275 936 2325 Spec.
950 2274 982 2310 ΙΙ
1002 2288 1038 2325 p.
1063 2276 1112 2315 16
1134 2274 1279 2324 reposui
1299 2271 1490 2325 βασιλέες,

828 2332 890 2368 ubi
932 2330 1042 2380 vulgo
1087 2331 1288 2382 βασιλῆες.
1326 2352 1383 2359 -—
1431 2330 1490 2368 Ad

827 2383 1086 2439 ἐβουλεύοντο
1117 2389 1294 2436 Stegerus
1333 2387 1492 2425 conferri

825 2445 902 2482 vult
922 2444 984 2491 lV,
1010 2449 1072 2486 11.
1122 2445 1164 2481 ln
1189 2444 1294 2482 simili
1321 2445 1488 2494 gentium

824 2514 977 2540 recensu
995 2502 1182 2552 Ephorum
1204 2501 1321 2552 (apud
1341 2502 1488 2550 Scymn.

827 2559 957 2596 Chium
977 2572 1014 2609 p.
1035 2560 1118 2601 378
1141 2556 1332 2608 Holsten.)
1365 2559 1487 2594 Hero-

824 2616 904 2653 doti
924 2616 1079 2664 vestigia
1101 2628 1230 2666 presse
1256 2618 1486 2663 persecutum

825 2685 907 2710 esse
980 2673 1176 2709 arbitratur
1241 2670 1360 2707 Marx.
1438 2669 1488 2705 ad

825 2728 966 2779 Ephori
991 2730 1160 2777 fragmm.
1184 2741 1219 2777 p.
1247 2728 1349 2773 193,
1388 2726 1488 2764 cuius

826 2785 944 2822 locum
964 2785 1209 2836 adscripscrat
1236 2782 1301 2820 Cr.

1506 808 1610 843 Reges
1645 809 1785 838 finitimo-

1506 851 1572 870 rum
1608 845 1785 884 populorum

1504 884 1524 904 a
1551 877 1670 912 Scythis
1703 879 1785 906 auxi-

1505 910 1578 938 lium
1598 911 1711 947 rogati·
