1863 3256
404 214 488 254 562

406 320 505 376 νέης
532 323 606 376 τῆς
633 318 855 374 Ἀρκάδων
886 321 1199 373 καταρτιστῆρα
1229 316 1480 371 ἀγαγέσθαι.
1518 317 1659 359 αἴτεον
1721 320 1802 363 353

798 208 1263 250 HERODOTI

407 386 470 434 ὦν
509 392 551 433 οἱ
583 393 848 446 Κυρηναῖοι,
887 389 960 430 καὶ
997 390 1040 430 οἱ
1068 387 1307 437 Μαντινέες
1336 386 1493 429 ἔδοσαν
1520 386 1660 440 ἄνδρα

407 465 495 504 τῶν
524 461 666 504 ἀστῶν
695 457 1016 513 δοκιμώτατον,
1059 460 1120 512 τῷ
1150 456 1320 510 οὔνομα
1348 450 1403 512 ἦν
1429 455 1660 513 Δημῶναξ.

379 527 549 581 4Οὖτος
587 525 650 573 οἷν
691 528 808 584 ὡνὴρ
850 525 1110 582 ἀπικόμενος
1141 526 1185 577 ἐς
1213 526 1291 582 τήν
1319 525 1549 583 Κυρήνην,
1590 526 1717 570 καὶ95

408 600 564 656 μαθών
589 600 758 651 ἕκαστα,
785 601 917 642 τοῦτο
943 598 1036 653 μὲν,
1061 597 1302 654 τριφύλους
1322 597 1493 653 ἐποίησέ
1513 609 1660 650 σφεας,

354 770 429 804 seq.
458 755 615 790 Kortiim
632 753 816 802 Beytriige
834 765 865 788 z.
880 751 1012 789 Gesch.

353 818 422 850 etc.
447 823 530 860 pag.
555 812 628 850 131
654 822 731 858 seq.
776 809 906 845 Incidit
926 821 1009 846 vero

355 869 423 905 hoc
442 867 478 902 in
499 878 584 902 ann.
609 865 690 905 550
711 878 743 902 a.
767 865 854 901 Chr.
876 877 912 900 n.

408 919 717 972 καταρτιστῆρα]
785 921 809 956 i.
841 932 872 958 e.
909 921 1010 968 pacis

355 978 676 1023 reconciliatorem,
746 977 809 1026 qui
857 978 1011 1025 ipsorum

358 1035 509 1072 dissidia
532 1036 750 1083 componeret.
796 1032 892 1069 Hinc
911 1031 1010 1081 apud

353 1092 509 1130 Diodor.
559 1091 749 1139 Excerptt.
790 1100 876 1138 pag.
927 1088 1008 1128 550

355 1149 539 1196 (fragmm.
570 1146 651 1183 libri
671 1145 756 1182 Vlll
776 1145 812 1180 in
831 1144 912 1191 sm.)
934 1143 1009 1180 De-

354 1215 487 1242 monax
518 1203 646 1241 dieitur
672 1203 744 1251 τῆς
771 1202 851 1239 τῶν
876 1202 1009 1249 Κυρη-

355 1261 483 1299 ναίων
552 1254 724 1303 στάσεως
791 1253 1011 1305 διαιτητής,

357 1314 511 1355 συνέσει
529 1313 596 1353 καὶ
615 1310 850 1365 δικαιοσύνῃ
879 1312 1010 1350 δοκῶν

356 1370 575 1422 διαφέρειν.
623 1370 722 1406 Infra
739 1369 786 1415 V,
806 1369 859 1409 39
881 1367 1011 1405 Milesii

359 1429 427 1466 sibi
450 1427 589 1475 eligunt
612 1426 737 1463 Parios
758 1423 1011 1473 καταρτιστῆ-

300 1491 303 1495 ’
358 1499 440 1535 ρας.
488 1484 612 1533 Ipsum
639 1482 862 1518 Demonactis
897 1479 1011 1531 (cuius

358 1541 467 1578 etiam
488 1539 587 1588 apud
609 1536 739 1574 Athen.
753 1537 815 1583 lV,
837 1539 886 1577 13
909 1549 940 1573 s.
957 1537 1006 1574 41

357 1609 444 1646 pag.
469 1595 547 1634 154
569 1594 615 1632 Ι).
639 1594 778 1631 mentio
798 1593 858 1639 fit)
878 1603 1013 1628 nomen

358 1652 524 1700 insigne,
563 1650 701 1700 quippe
718 1662 792 1698 quo
815 1660 878 1685 ‘rex
901 1647 1014 1696 signi-

359 1708 486 1744 ficatur
511 1706 655 1756 populi,
695 1705 799 1742 demi.
855 1703 909 1741 Ac
938 1716 1014 1741 me-

359 1766 506 1801 morant
534 1762 819 1811 antiquissimum
849 1760 1014 1808 Cyrenes

358 1832 530 1865 numum,
559 1819 594 1855 in
615 1819 714 1855 cuius
732 1830 805 1855 una
824 1821 929 1866 parte
950 1828 1014 1853 ex-

360 1880 435 1912 stat
455 1874 875 1919 ΔΗΜῼΝΑΚΤΟΣ,
903 1873 940 1909 in
960 1871 1014 1909 al-

359 1936 438 1969 tera
469 1932 787 1976 ΚἸΡΑΝΙΩΝς
831 1940 1016 1977 quemque

360 1988 397 2024 in
424 1988 526 2024 huius
556 1988 667 2037 ipsius
689 1986 921 2024 Demonactis
950 1985 1016 2021 ho-

359 2056 483 2080 norem
499 2056 691 2093 procusum
711 2055 789 2079 esse
800 2041 1016 2090 quibusdam

359 2100 503 2150 placuit.
553 2098 640 2136 Aliis
664 2098 889 2149 probabilius
914 2097 1015 2133 vide-

359 2160 440 2202 tur,
470 2168 636 2202 numum,
675 2155 737 2203 qui
762 2155 875 2190 multo
891 2157 1017 2203 poste-

358 2212 512 2248 rioribus
531 2212 752 2261 temporibus
767 2210 874 2248 fuerit
892 2210 1015 2257 signa-

360 2272 438 2313 tus,
469 2280 544 2304 non
563 2269 609 2304 ad
627 2268 720 2303 hunc
736 2266 1014 2312 Demonactem,

360 2324 426 2359 sed
462 2324 511 2359 ad
546 2324 797 2371 magistratum
832 2322 1014 2370 quendam

360 2378 396 2414 in
418 2391 455 2414 re
475 2379 617 2427 publica
648 2379 759 2415 libera
784 2379 1015 2414 constitutum

361 2435 505 2470 referre.
554 2435 636 2470 vid.
667 2434 808 2482 Thi-ige
832 2434 856 2470 l.
878 2433 899 2470 l.
927 2446 1014 2483 pag.

363 2492 454 2530 173.
484 2489 573 2528 174.

416 2548 632 2595 τριφυλους
675 2542 836 2593 ἐποίησέ
876 2543 1013 2593 σφεας]

360 2600 444 2638 Hoc
465 2614 542 2637 eam
572 2602 640 2636 vim
666 2600 836 2637 habuisse
858 2601 1014 2645 videtur,

363 2662 403 2694 ut
432 2657 533 2706 plebs
563 2670 628 2706 per
661 2657 773 2692 tribus
806 2660 916 2704 atque
948 2660 1015 2702 (ut

360 2712 575 2751 Aristoteles
595 2713 699 2748 Polli.
721 2712 794 2759 Vl,
825 2712 850 2752 4
873 2709 1012 2760 adlicit)

359 2769 536 2819 phratrias
575 2769 755 2818 descripta
789 2767 914 2805 melius
948 2780 1014 2804 sua

361 2826 437 2862 iura
463 2825 555 2862 tueri
582 2828 710 2876 posset
736 2828 860 2862 contra
886 2836 1012 2872 regum

1067 752 1253 789 arbitrium
1282 751 1460 801 simulque
1490 752 1587 789 cives
1612 753 1716 787 ante-

1067 808 1134 845 hac
1162 809 1330 844 disiuncti
1361 809 1487 855 (cum,
1530 808 1591 856 qui
1617 807 1716 857 prius

1067 864 1291 901 advenerant
1310 864 1439 909 coloni,
1470 865 1525 909 iis,
1554 864 1615 911 qui
1634 865 1717 912 post

1067 923 1314 964 accesserant,
1351 919 1475 955 maiori
1507 920 1719 954 auctoritate

1067 975 1104 1011 in
1125 976 1231 1011 rebus
1252 974 1403 1024 publicis
1423 974 1718 1011 administrandis

1066 1030 1220 1067 valuisse
1259 1031 1489 1077 videantur),
1538 1031 1609 1066 iam
1650 1029 1717 1065 sibi

1067 1099 1190 1123 omnes
1209 1099 1314 1136 pares
1328 1087 1485 1134 indeque
1499 1086 1720 1123 coniunctio-

1066 1155 1123 1179 res
1145 1142 1292 1189 fierent‚
1319 1143 1477 1179 omnium
1499 1142 1636 1179 iuribus
1657 1153 1719 1178 ae-

1066 1199 1210 1247 quatis,
1246 1211 1363 1247 eoque
1388 1199 1591 1236 discordiae
1613 1197 1721 1234 semi-

1065 1267 1112 1291 na
1162 1255 1478 1303 exstinguerentur
1530 1254 1721 1301 omnisque

1065 1311 1284 1359 reipublicae
1319 1312 1434 1347 forma
1471 1311 1519 1348 ad
1549 1311 1720 1347 maiorem

1065 1366 1360 1415 aequabilitatem
1434 1366 1719 1416 popularemque

1068 1427 1200 1458 statum
1234 1423 1473 1470 redigeretur.
1526 1423 1582 1459 Cf.
1606 1422 1649 1458 C.
1673 1421 1720 1458 O.

1067 1477 1208 1515 Miiller.
1227 1478 1315 1515 Dor.
1336 1478 1369 1514 11
1395 1491 1430 1528 p.
1453 1480 1517 1519 63.
1546 1476 1610 1518 64.
1668 1477 1723 1514 Ac

1067 1534 1182 1570 simile
1201 1535 1286 1582 quid
1306 1535 1341 1569 in
1360 1532 1470 1581 Syme
1499 1533 1613 1570 insula
1630 1534 1722 1570 acci-

1069 1591 1166 1627 disse
1183 1590 1296 1626 tradit
1314 1590 1464 1626 Diodor.
1486 1590 1530 1636 V,
1553 1591 1618 1630 53.
1662 1589 1722 1626 lu-

1069 1650 1164 1682 stum
1184 1658 1269 1682 vero
1289 1646 1324 1682 in
1344 1659 1388 1683 eo
1406 1659 1445 1683 se
1464 1645 1634 1696 praebuit
1647 1645 1723 1682 De·-

1068 1713 1226 1750 monax,
1261 1703 1382 1751 quod,
1412 1705 1473 1751 qui
1496 1702 1599 1752 primi
1624 1701 1721 1738 urbis

1070 1762 1195 1796 essent
1225 1758 1361 1803 coloni,
1410 1772 1472 1796 eos
1501 1760 1537 1794 in
1567 1759 1722 1808 primam

1070 1816 1250 1852 conferret
1269 1815 1399 1852 tribum
1429 1813 1527 1866 (una
1552 1827 1630 1851 cum
1657 1826 1722 1864 pe-

1071 1871 1198 1908 rioecis
1216 1872 1301 1918 suis,
1322 1871 1349 1907 si
1369 1872 1515 1920 quidem
1533 1870 1721 1908 'Pheraeos

1070 1927 1119 1963 ad
1139 1926 1291 1975 Libyam
1311 1928 1495 1977 profectos
1522 1927 1630 1963 etiarn
1657 1940 1722 1976 pe-

1070 1984 1210 2020 rioecos
1247 1995 1332 2020 suos
1371 1996 1492 2020 secum
1529 1983 1722 2020 adduxisse

1071 2052 1150 2075 cum
1163 2039 1206 2075 C.
1221 2040 1267 2076 O.
1289 2039 1441 2076 Miillero
1465 2039 1486 2076 l.
1507 2039 1527 2076 l.
1549 2040 1722 2085 statuas),

1071 2096 1222 2132 ditiores
1242 2096 1321 2133 illos
1344 2096 1509 2144 quidem,
1538 2101 1576 2132 ut
1589 2095 1723 2145 proba-

1070 2151 1141 2188 bile
1161 2156 1238 2198 est,
1271 2157 1307 2189 et
1335 2151 1601 2202 opulentiores,
1639 2150 1723 2188 reli-

1070 2220 1162 2256 quos
1181 2221 1264 2245 vero
1286 2208 1432 2245 colonos
1454 2209 1582 2244 mixtos
1602 2219 1631 2244 s.
1653 2204 1722 2245 τόν

1072 2261 1092 2273 m
1323 2261 1331 2275 x
1639 2263 1655 2274 ν

1072 2267 1210 2314 ομιλον
1230 2267 1360 2303 πολυν
1384 2265 1497 2310 (conf.
1519 2263 1580 2307 lv,
1607 2264 1721 2310 109),

1072 2333 1180 2369 quem
1211 2322 1288 2357 sine
1316 2320 1489 2370 perioecis
1528 2319 1722 2355 accessisse

1071 2378 1147 2412 vult
1174 2376 1312 2413 Miiller.
1335 2376 1355 2412 l.
1376 2375 1421 2421 l.,
1459 2376 1495 2411 in
1524 2375 1722 2411 secundam

1072 2446 1114 2469 ae
1145 2433 1284 2469 tertiam
1318 2432 1450 2468 tribum
1481 2432 1722 2467 distribueret.

1072 2488 1204 2535 Neque
1231 2488 1334 2524 aliter
1355 2500 1419 2536 per
1438 2487 1616 2523 Arcadum
1639 2487 1725 2522 civi-

1071 2549 1164 2579 tates
1184 2543 1312 2579 liberas
1325 2572 1335 2590 ,
1366 2543 1589 2579 Mantineam
1604 2570 1616 2589 ‚
1647 2543 1724 2580 Τε-

1070 2612 1177 2646 geam
1209 2599 1473 2636 multitudinem
1512 2612 1576 2648 per
1610 2600 1723 2635 tribus

1072 2655 1221 2691 divisam
1244 2656 1371 2701 fuisse,
1408 2655 1512 2693 valde
1533 2656 1571 2691 fit
1589 2656 1723 2704 proba-

1071 2710 1152 2748 bile.
1181 2711 1237 2748 Cs.
1263 2712 1413 2748 Kortiim
1434 2711 1456 2747 l.
1480 2710 1501 2748 l.
1524 2724 1610 2761 pag.
1630 2711 1721 2752 152.

1069 2766 1123 2803 Ac
1145 2768 1406 2816 Spartanorum
1428 2768 1631 2814 civitatem,
1656 2779 1721 2816 per

1071 2828 1143 2860 tres
1164 2824 1276 2860 tribus
1297 2824 1534 2875 descriptam,
1575 2828 1615 2860 ut
1633 2823 1720 2860 alias
