1879 3255
412 170 440 210 4
801 169 1263 208 HERODOTI

413 276 673 334 Καμβύσεα,
715 276 907 333 φάμενοί
935 295 1010 335 μιν
1040 277 1087 321 ἐκ
1126 275 1286 333 ταύτης
1315 276 1369 333 δὴ
1397 280 1473 333 τῆς
1498 276 1676 331 Ἀπρίεω

412 347 634 404 θυγατρὸς
663 348 889 403 γενέσθαι·
931 352 1087 402 Κῦρον
1116 347 1201 404 γὰρ
1234 345 1345 390 εἶναι
1375 347 1453 389 τὸν
1482 347 1677 403 πέμψαν-

411 437 465 463 τα
494 421 612 474 παρὰ
638 418 822 474 ’Ἀμασιν
854 419 922 462 ἐπὶ
950 418 1030 474 τήν
1058 418 1303 472 θυγατέρα,
1344 416 1443 461 ἀλλ’
1474 417 1528 462 οὐ
1558 421 1676 473 Καμ-

385 489 554 545 Ξβύσεα
584 491 781 545 λέγοντες
808 489 854 532 δὲ
883 492 1042 540 ταῦτα,
1084 485 1166 530 οὐκ
1196 487 1344 543 ὀρθῶς
1373 490 1558 545 λέγουσι.

1621 486 1734 532 ού4ο

412 560 499 617 μήν
537 559 638 604 οὐδὲ
679 560 830 616 λέληθε
871 557 1055 608 αὐτοὺς,
1093 557 1150 614 (εἰ
1180 558 1262 613 γάρ
1293 576 1406 611 τινες
1435 559 1509 602 καὶ
1539 557 1676 609 ἄλλοι,

412 630 465 674 τὰ
506 631 707 687 Περσέων
746 629 911 685 νόμιμα
958 627 1105 683 ὀρθῶς
1145 627 1389 672 ἐπιστέαται
1430 629 1503 673 καὶ
1547 627 1677 683 Αἰγύ-

412 703 585 757 πτιοι,)
629 701 695 744 ὅτι
735 704 887 753 πρῶτα
927 699 1005 755 μὲν
1045 698 1187 742 νόθον
1224 699 1278 742 οὔ
1317 710 1396 755 σφι
1425 698 1561 755 νόμος
1591 698 1678 742 ἐστὶ

411 777 685 829 βασιλεῦσαι,
717 773 903 827 γνησίου
933 768 1191 823 παρεόντος·
1224 763 1346 820 αὖτις
1368 770 1434 821 δὲ,
1475 769 1541 813 ὅτι
1562 772 1679 813 Κασ-

412 841 630 898 σανδάνης
673 846 748 898 τῆς
781 840 1052 896 Φαρνάσπεω
1083 841 1306 895 θυγατρὸς
1335 835 1390 897 ἦν
1420 845 1522 892 παῖς
1552 843 1679 896 Καμ-

412 912 571 969 βύσης,
602 911 765 967 ἀνδρὸς
790 910 1116 967 Ἀχαιμενίδεω,
1148 908 1236 953 ἀλλ’
1268 910 1350 954 οὐκ
1377 911 1424 954 ἐκ
1448 915 1523 967 τῆς
1545 913 1733 968 Αἰγυ-45

408 984 545 1040 πτίης.
588 981 697 1026 ἀλλὰ
727 983 1054 1037 παρατρέπουσι
1076 980 1154 1023 τόν
1178 980 1337 1036 λόγον,
1365 980 1677 1038 προσποιεύμε-

411 1070 483 1098 νοι
519 1057 572 1110 τῇ
611 1052 768 1108 Κύρου
813 1054 928 1109 οἰκίῃ
971 1050 1196 1108 συγγενέες
1235 1049 1357 1094 εἶναι.
1416 1052 1490 1094 καὶ
1538 1055 1678 1094 ταῦτα

317 1117 348 1161 3
406 1124 485 1180 μὲν
517 1120 597 1168 ὧδε
628 1125 720 1181 ἔχει.
760 1123 941 1180 Λέγεται
970 1122 1015 1166 δὲ
1046 1123 1117 1165 καὶ
1150 1122 1221 1165 ὅδε
1253 1120 1276 1164 ὁ
1299 1120 1453 1177 λόγος,
1484 1122 1578 1179 ἐμοὶ
1598 1122 1679 1179 μὲν

105 1181 269 1208 Memor-ari
295 1185 326 1208 et

96 1215 186 1243 aliam
209 1223 332 1243 causatu
366 1224 524 1227 ---“

354 1286 396 1310 ac
418 1273 592 1310 similibus
611 1274 751 1312 Noster
773 1276 910 1321 variet,
949 1274 1016 1311 mi-

353 1331 450 1366 nime
480 1330 539 1367 ille
568 1332 714 1379 quidem
748 1332 815 1368 sibi
846 1336 1015 1367 constans

352 1398 507 1423 unamve
526 1392 662 1425 certam
676 1388 1016 1437 quandam‘sectans

338 1455 541 1488 normam,
582 1456 690 1492 quam
729 1444 791 1493 qui
817 1445 953 1493 ubique
979 1444 1014 1479 in

356 1498 487 1535 talibus
520 1500 634 1537 teneri
662 1500 792 1547 velint,
832 1501 856 1536 ii
891 1512 1017 1537 vereor

357 1559 399 1591 ut
419 1567 561 1592 causam
581 1569 682 1593 suam
705 1557 792 1593 satis
819 1557 911 1593 tueri
932 1568 1018 1606 pos-

358 1611 452 1655 sint,
483 1611 512 1647 si
531 1610 600 1648 ulla
617 1613 779 1649 codicum
801 1617 872 1650 stet
890 1617 1017 1649 aucto-

357 1668 458 1703 ritas.
479 1689 532 1694 —
555 1669 752 1706 Caeterum
773 1671 866 1705 conf.
886 1668 1016 1704 Matth.

359 1723 425 1759 Gr.
443 1723 507 1759 Gr.
526 1721 562 1774 ἓ.
584 1724 631 1764 51
655 1739 691 1775 p.
708 1727 796 1764 119.
828 1725 886 1761 Ad
905 1737 1016 1772 argu-

356 1784 517 1816 mentum
559 1779 626 1817 loci
661 1782 848 1831 pertinent
884 1781 1015 1817 Athen.

353 1834 456 1881 Xlll,
482 1848 568 1885 pag.
600 1838 681 1878 560
700 1837 744 1875 F.
772 1842 809 1873 et
843 1836 1017 1884 Polyaen.

354 1890 453 1937 Vlll,
474 1893 539 1930 29.

413 1941 541 1985 νόθον
573 1943 622 1984 οὔ
656 1958 730 1995 σφι
771 1942 892 1998 νόμος
936 1945 1015 1986 ἐστὶ

354 2002 606 2053 βασιλεῦσαι]
669 2003 728 2041 De
776 2004 1016 2051 successione,

356 2071 452 2107 quae
482 2060 517 2095 in
549 2072 664 2108 regno
682 2060 875 2096 Persarum
895 2059 1017 2107 valuit,

354 2114 459 2164 plura
498 2114 670 2164 leguntur
718 2117 816 2166 apud
854 2117 1014 2154 Brisson.

354 2170 412 2208 De
433 2184 508 2220 reg.
530 2172 628 2208 Pers.
645 2172 796 2222 princip.
820 2172 846 2218 Ι,
866 2174 889 2211 6
912 2185 1015 2221 seqq.

354 2227 570 2275 quibuscum
597 2229 691 2264 cons.
725 2228 883 2266 Heeren.
903 2229 1014 2265 ldeen

356 2282 382 2318 l.
401 2296 439 2332 p.
460 2282 541 2322 468
559 2296 637 2332 seq.
671 2284 738 2320 Vix
757 2285 851 2321 enim
875 2285 1016 2321 videtur

356 2343 474 2375 certus
492 2341 708 2376 succedendi
733 2341 822 2376 ordo
844 2341 938 2377 inter
960 2353 1016 2377 re-

357 2395 413 2443 gis
438 2394 529 2431 filios
550 2395 768 2442 obtinuisse,
807 2402 844 2432 nt
870 2397 1016 2433 omnino

358 2450 435 2487 sieri
458 2450 552 2488 solet
579 2451 612 2487 in
638 2452 862 2489 orientalium
884 2454 1015 2501 regnis.

355 2505 451 2543 Nam
471 2520 549 2543 cum
572 2507 593 2543 ii
612 2512 751 2544 tantum
773 2522 793 2545 e
815 2510 911 2557 regis
937 2510 1016 2545 liliis

357 2562 425 2599 rite
460 2563 715 2610 succederent,
764 2565 823 2612 qui
855 2565 1016 2613 legitimo

357 2620 591 2655 matrimonio
611 2626 715 2657 erant
735 2620 889 2667 oriundi,
921 2621 1015 2657 haud

358 2687 439 2710 raro
451 2680 572 2712 tamen
585 2675 748 2725 pellicum
766 2689 912 2726 quoque
925 2678 1016 2714 filios

359 2731 558 2768 invenimus
577 2732 697 2768 omnia
716 2732 921 2780 molientes,
943 2747 1016 2782 quo

358 2787 406 2823 ad
434 2800 609 2825 summum
638 2789 870 2838 pervenirent
900 2790 1016 2840 impe-

1074 1274 1163 1310 rium
1188 1286 1380 1323 rerumque
1398 1274 1612 1325 potirentur.
1644 1272 1736 1311 Inde

1073 1330 1291 1377 seditiones,
1327 1330 1521 1377 tumultus,
1552 1329 1647 1367 bella
1669 1331 1736 1366 do-

1073 1387 1232 1423 mesticu.

1128 1444 1198 1492 τῆς
1216 1437 1481 1493 Φαρνάσπεω]
1506 1442 1546 1479 In
1568 1442 1736 1494 psephis-

1073 1503 1192 1544 mate,
1232 1500 1331 1547 quod
1366 1498 1496 1536 Olbiae
1533 1500 1669 1537 detexit
1699 1503 1737 1536 et

1074 1556 1269 1605 descripsit
1293 1555 1333 1592 P.
1356 1555 1403 1591 de
1420 1555 1605 1605 Koppen,
1635 1556 1736 1593 inve-

1074 1613 1170 1647 nitur
1187 1612 1283 1659 regis
1306 1624 1437 1647 nomen
1453 1610 1734 1661 Saitaplmrnes,·

1074 1681 1095 1704 a
1118 1681 1191 1716 quo
1213 1680 1286 1703 non
1306 1667 1412 1704 valde
1431 1667 1643 1715 abhorrent,
1673 1681 1736 1705 eo-

1075 1723 1157 1760 dem
1178 1723 1253 1759 viro
1274 1724 1384 1760 docto
1405 1730 1597 1769 monente,
1628 1724 1734 1761 Ario-

1067 1779 1242 1829 pharues,
1295 1780 1396 1828 quod
1427 1779 1608 1816 Thracum
1637 1781 1734 1830 regis

1073 1836 1143 1872 suit
1175 1848 1329 1881 nomen,
1367 1835 1602 1884 Artaphernes
1628 1836 1733 1878 (Her.

1073 1892 1119 1938 V,
1133 1892 1220 1939 25),
1239 1893 1399 1940 itemque
1417 1890 1653 1942 Phar,2aspes,
1673 1893 1735 1942 qui

1073 1947 1107 1983 li.
1130 1947 1152 1983 Ι.
1175 1948 1382 1984 nominatur
1413 1947 1580 1997 (nomine
1609 1950 1735 1986 forsan

1074 2004 1233 2040 deducto
1253 2003 1298 2040 ab
1311 2017 1373 2053 asp
1387 2003 1409 2040 i.
1424 2018 1455 2042 e.
1475 2007 1593 2054 equo),
1616 2003 1735 2042 Phar-

1072 2060 1258 2096 nazatlures
1291 2060 1392 2106 (vn,
1415 2061 1488 2109 (55)
1521 2060 1734 2099 Phar-amla-

1073 2120 1122 2152 tes
1148 2116 1231 2162 (lx,
1259 2118 1345 2163 76),
1377 2115 1604 2155 Pltarnuches
1632 2118 1734 2169 (Vll,

1072 2173 1172 2218 88),
1211 2171 1433 2220 Pharnaces,
1473 2175 1573 2224 quod
1600 2187 1734 2212 nomen

1071 2229 1297 2278 frequentius
1328 2231 1481 2267 occurrit
1503 2244 1569 2280 per
1589 2231 1736 2282 Bospo-

1072 2298 1159 2321 rum.
1190 2286 1243 2321 Ae
1257 2286 1400 2322 videtur
1421 2288 1522 2323 radix
1537 2286 1659 2324 Phara
1680 2288 1737 2324 in-

1073 2341 1192 2377 dicare
1219 2341 1372 2378 rubrum.
1413 2343 1471 2379 Cf.
1489 2342 1530 2379 P.
1562 2344 1609 2380 de
1629 2344 1737 2395 Kop-

1073 2409 1144 2447 pen
1187 2397 1447 2446 Nordgestade
1491 2399 1557 2436 des
1594 2400 1734 2437 Pontus

1074 2453 1196 2499 (Vien.
1222 2455 1347 2501 1823)
1368 2466 1454 2504 pag.
1474 2455 1539 2495 94.

1304 2555 1412 2605 Cap.
1447 2555 1509 2592 lll.

1131 2620 1217 2671 ἐμοὶ
1228 2618 1301 2672 μὲν
1316 2617 1364 2660 ου’
1376 2617 1566 2672 πιθανός]
1581 2622 1735 2660 Confert

1074 2677 1289 2726 wesseling.
1310 2679 1337 2725 l,
1361 2680 1426 2725 52,
1452 2679 1498 2716 ob
1519 2679 1735 2729 particulam

1074 2732 1145 2784 μέν
1175 2735 1326 2785 opinor,
1368 2747 1461 2784 quae
1489 2735 1544 2772 hic
1574 2736 1734 2785 ponitur,

1072 2802 1144 2826 non
1163 2796 1342 2841 sequente
1361 2790 1536 2842 particula
1559 2790 1612 2831 δέ.
1654 2790 1735 2830 Nos

1861 3122 1879 3255 l
