1863 3256
183 290 266 328 668
645 289 1109 328 EXCUBSUS
1169 289 1219 325 lX

183 413 326 439 omnem
351 401 443 438 hanc
463 403 708 441 narrationem
731 404 777 440 de
794 402 1048 448 Phoenicibus,
1067 400 1229 439 Neconis
1249 401 1345 437 iussu
1367 401 1523 438 Africam
1544 400 1694 438 circum-

181 468 461 518 navigantibu5‚
498 469 535 507 in
569 471 716 508 dubium
748 473 938 515 vocarent,
976 481 1045 506 nec
1070 471 1146 507 veri
1174 469 1263 518 quid
1295 469 1339 505 iis
1367 468 1564 516 contineri,
1599 481 1696 518 quae

180 536 396 574 Herodotus
421 540 458 575 et
484 539 546 588 qui
575 552 656 576 eum
681 540 900 585 sequantur,
943 536 990 573 de
1013 536 1080 573 hac
1101 537 1334 586 navigatione
1354 536 1550 573 memoriae
1571 536 1697 586 prodi-

181 605 324 650 derint,
357 607 643 651 contenderent,
674 604 886 654 praesertim
913 617 993 640 cu1n
1018 604 1133 641 nullus
1156 605 1247 641 alius
1266 605 1421 654 scriptor
1440 606 1624 650 vetustus,
1665 603 1694 639 si

180 672 227 710 ab
249 672 441 710 Herodoto
465 683 621 720 eumque
640 672 876 718 sequentibus
898 672 1128 716 discesseris,
1158 671 1265 708 huius
1289 672 1339 708 rei
1364 672 1589 719 meminerit,
1618 682 1694 707 ma-

180 741 274 778 xime
296 741 458 790 quamvis
481 738 745 786 memorabilis,
786 752 854 776 nec
880 740 1026 776 omnino
1048 740 1246 777 Ptolemaei
1270 739 1421 776 Pliniive
1449 742 1570 776 aetate
1589 737 1694 775 ullam

184 808 287 845 huius
310 805 552 856 expeditionis
575 806 740 842 notitiam
766 808 841 845 sive
866 808 1076 844 memoriam
1099 808 1282 844 exstitisse
1303 806 1473 844 credibile
1497 807 1561 852 sit,
1599 806 1695 855 ipse-

183 891 256 928 que
276 877 411 914 Strabo
435 874 476 924 (1
503 886 591 924 pag.
614 875 669 912 32
689 886 716 909 5.
736 873 790 914 57
809 872 880 922 A.)
902 873 1059 912 Africam
1082 876 1200 912 adhuc
1222 876 1563 923 circumnavigatmn
1585 874 1695 910 fuisse

184 948 318 993 neget,
357 955 436 979 cum
466 953 592 978 omnes
620 940 891 990 impedimentis
917 942 1067 980 obiectis
1093 944 1212 980 redire
1237 943 1371 979 suerint
1402 942 1528 979 coacti.
1589 941 1695 984 Quae

183 1020 305 1048 tamen
322 1011 402 1061 ipsa
426 1022 500 1046 non
521 1007 688 1045 sufficere
708 1008 754 1045 ad
775 1021 919 1046 omnem
938 1010 1123 1047 Herodoti
1142 1010 1386 1047 narrationem
1408 1008 1694 1053 convellendam,

181 1079 298 1128 quivis
325 1077 518 1126 intelligit3
558 1080 594 1114 et
623 1076 735 1126 ipsius
761 1077 970 1114 recentioris
1001 1077 1133 1114 aetatis
1165 1076 1280 1115 simile
1304 1077 1508 1128 exemplum
1545 1075 1697 1127 protulit

181 1145 335 1184 Rennel.
354 1145 376 1182 l.
397 1144 418 1182 l.
439 1157 524 1195 pag.
547 1145 640 1184 703.
664 1143 759 1184 704.
818 1145 895 1182 Sed
916 1146 1059 1183 addunt
1075 1145 1187 1195 ipsius
1205 1145 1343 1183 itineris
1360 1146 1435 1183 sive
1458 1143 1695 1195 navigationis

181 1213 439 1258 difficultates,
481 1211 591 1248 maris
620 1212 773 1257 fluctus,
811 1216 1001 1250 ventorum
1037 1213 1131 1260 vim,
1167 1212 1272 1250 litora
1300 1213 1539 1263 periculorum
1572 1211 1693 1264 plena,

179 1283 300 1328 vada,
330 1280 519 1331 scopuIOS,
550 1278 619 1316 alia
640 1279 678 1315 id
705 1292 841 1328 genus3
870 1280 1072 1330 mirumque
1091 1281 1251 1330 denique
1272 1281 1385 1318 videri
1405 1281 1551 1328 dicunt,
1581 1279 1694 1330 quod,

179 1362 274 1400 quae
293 1352 370 1386 tum
391 1348 525 1385 fuerint
544 1348 708 1393 detecta,
738 1347 836 1384 nullo
859 1348 1013 1398 amplius
1031 1349 1238 1399 posteritati
1260 1350 1392 1386 suerint
1414 1349 1491 1385 usui
1510 1349 1693 1399 ipsiusque

179 1417 425 1468 expeditionis
450 1416 625 1453 memoria
651 1418 726 1451 tam
752 1416 823 1452 cito
854 1416 1024 1454 excidere
1053 1417 1226 1466 potuerit.
1284 1416 1413 1466 Itaque
1442 1416 1499 1454 vel
1526 1415 1623 1465 vulgi
1651 1427 1694 1453 ex

176 1485 284 1522 fama.
294 1483 352 1521 vel
380 1485 614 1521 sacerdotum
634 1483 826 1520 Herodoto
852 1484 963 1521 verba
981 1485 1149 1520 dantium
1170 1483 1261 1521 haec
1282 1485 1430 1522 fluxisse
1452 1483 1692 1529 contendunt,

177 1565 257 1590 cum
277 1552 341 1601 qui
359 1551 429 1588 tale
448 1551 635 1588 consilium
655 1550 801 1587 omuino
823 1548 1086 1600 Aegyptiorum
1115 1564 1178 1588 rex
1204 1553 1395 1602 concipere
1423 1552 1607 1602 potuerit,
1638 1551 1693 1586 in—

178 1620 292 1668 telligi
307 1622 487 1668 nequeat,
518 1631 638 1667 neque
662 1618 770 1655 etiam
790 1621 954 1668 tempus,
995 1620 1095 1668 quod
1125 1619 1175 1655 ad
1205 1619 1311 1657 istam
1345 1620 1612 1669 expeditionem
1639 1617 1695 1654 in-

178 1691 336 1725 sumtum
364 1686 479 1724 fuisse
499 1687 655 1723 traditur
679 1685 843 1722 sufficere
862 1687 1032 1736 potuerit.
1093 1687 1199 1731 Quae
1226 1700 1312 1724 num
1337 1687 1521 1724 sufficiant
1547 1687 1596 1724 ad
1617 1685 1695 1724 He-

179 1755 299 1792 rodoti
317 1754 562 1791 testimonium
587 1754 882 1803 infringendum,
920 1754 990 1790 iam
1012 1753 1222 1802 videamus,
1260 1755 1308 1791 ad
1330 1767 1374 1791 ea
1397 1754 1500 1792 simul
1519 1754 1695 1802 ablegan-

178 1827 258 1870 tes,
298 1834 393 1871 quae
420 1821 459 1858 in
484 1824 581 1858 notis
613 1822 662 1858 ad
684 1821 828 1870 singula
850 1821 1032 1858 Herodoti
1051 1822 1165 1859 verba
1186 1823 1465 1873 adscripsimus:
1496 1822 1633 1871 quippe
1651 1832 1694 1857 ex

178 1902 332 1939 quorum
357 1889 450 1926 iusta
469 1889 770 1939 interpretatione
798 1892 909 1938 atque
931 1888 1194 1938 intelligentia,
1237 1890 1324 1940 quid
1343 1891 1391 1929 de
1420 1889 1569 1938 singulis
1589 1888 1695 1926 dubi-

178 1957 376 1994 tationibus
408 1957 641 1994 iudicandum
674 1958 742 2005 sit,
782 1956 908 1995 melius
936 1957 1095 2008 perspici
1123 1958 1253 2008 possit.
1323 1957 1395 1995 Hic
1422 1958 1459 1994 in
1487 1957 1694 1994 universum

179 2025 361 2074 quaedam
381 2026 608 2075 proferamus
621 2053 632 2073 ,
664 2026 773 2062 ducta
792 2037 835 2062 ex
857 2024 1165 2074 disputationibus
1187 2038 1311 2063 eorum
1329 2026 1506 2071 virorum,
1544 2025 1608 2075 qui
1627 2037 1695 2061 no-

178 2096 253 2129 stra
277 2095 313 2129 et
340 2096 483 2143 patrum
508 2093 684 2131 memoria
701 2093 883 2130 Herodoti
903 2105 1049 2129 causam
1071 2097 1328 2145 susceperunt,
1364 2094 1547 2143 fidemque
1569 2093 1693 2130 Hero-

177 2160 256 2197 doti
278 2161 314 2196 in
341 2160 408 2197 hac
437 2161 648 2199 narratione
676 2162 815 2212 optime
841 2161 935 2199 tueri
961 2162 1190 2200 studuerunt.
1249 2162 1349 2199 Inter
1377 2174 1470 2211 quos
1499 2161 1694 2211 praecipue

177 2228 391 2265 nominandi
413 2232 498 2266 sunt
516 2229 672 2268 Gesner.
692 2229 790 2267 Diss.
811 2230 857 2267 de
875 2229 1050 2277 navigatt.
1071 2234 1172 2267 extra
1188 2229 1343 2267 column.
1365 2229 1473 2268 Herc.
1492 2229 1532 2267 P.
1553 2229 1570 2266 I
1586 2241 1695 2280 prae-

177 2296 282 2346 cipue
306 2294 343 2347 §.
375 2298 399 2336 6
431 2310 536 2347 seqq.
576 2297 745 2348 Orphicc.
779 2298 837 2335 ed.
862 2297 1066 2335 Hermann.
1124 2297 1280 2336 Rennel.
1309 2298 1374 2335 1.l.
1399 2309 1486 2348 pag.
1513 2298 1595 2338 685
1618 2308 1695 2345 seq·

179 2365 260 2406 693
285 2376 389 2414 seqq.
428 2365 587 2405 Heeren.
608 2366 719 2403 Ideen
745 2369 812 2403 etc.
832 2364 870 2412 I,
901 2368 926 2405 2
947 2377 1031 2415 pag.
1055 2366 1102 2406 81
1128 2378 1231 2415 seqq.
1253 2370 1290 2404 et
1308 2367 1421 2404 Koes.
1441 2366 1477 2401 in
1496 2363 1693 2414 scriptione

176 2430 370 2483 peculiari,
408 2444 503 2481 quae
529 2433 599 2471 hoc
628 2434 695 2471 sub
720 2432 826 2470 titulo
856 2433 1011 2483 prodiit:
1052 2432 1302 2483 „Disquisitio
1329 2435 1377 2472 de
1398 2434 1472 2470 fide
1498 2431 1694 2477 Herodoti,

178 2512 253 2549 qua
271 2498 440 2549 perhibet
462 2500 663 2539 Phoenices
685 2500 842 2538 Africam
865 2501 1019 2538 navibus
1038 2501 1298 2540 circumvectos
1321 2514 1422 2547 esse,
1461 2511 1542 2536 cum
1570 2510 1693 2536 recen-

178 2567 310 2604 tiorum
335 2579 445 2617 super
466 2567 534 2604 hac
562 2581 602 2605 re
630 2569 821 2606 sententiis
843 2568 1009 2606 excussis.
1021 2569 1045 2587 “
1104 2570 1275 2618 Gotting.
1299 2567 1418 2610 1805.
1441 2565 1477 2606 4.
1515 2565 1693 2604 Rennelio

181 2635 388 2673 adsentitur
407 2634 612 2673 Larcherus
633 2637 697 2682 (in
716 2640 808 2673 nott.
836 2637 884 2672 ad
904 2636 1085 2673 Herodot.
1112 2638 1133 2674 l.
1159 2637 1210 2686 l.)
1232 2638 1393 2685 itemque
1414 2634 1562 2673 Dureau
1589 2634 1636 2671 de
1659 2633 1694 2670 la

181 2703 295 2742 Malle
317 2703 554 2753 Geographie
580 2703 758 2754 pliysique
783 2703 832 2740 de
858 2702 892 2739 la
918 2716 994 2740 mer
1023 2705 1125 2741 noire
1154 2709 1222 2741 etc.
1249 2716 1334 2755 pag.
1362 2706 1416 2744 70
1444 2706 1543 2750 not.,
1582 2705 1694 2751 atque

183 2772 291 2810 etiam
318 2771 591 2822 quodammodo
624 2770 755 2808 Ukert.
786 2771 925 2820 Geogr.
951 2771 986 2807 d.
1005 2771 1070 2808 Gr.
1098 2776 1137 2809 et
1161 2772 1268 2809 Rom.
1295 2771 1333 2820 Ι,
1360 2774 1378 2811 1
1407 2783 1494 2822 pag.
1513 2768 1567 2810 46
1593 2781 1693 2818 seq.;

182 2840 405 2890 argumentis
427 2840 522 2877 enim
542 2852 563 2876 a
582 2838 763 2877 Rennelio
786 2838 958 2890 prolatiS,
997 2839 1107 2876 modo
1125 2852 1219 2889 quae
1238 2839 1296 2878 ille
1316 2838 1486 2876 sumserit
1512 2837 1694 2888 accipian-

182 2912 264 2956 tur,
294 2910 383 2946 satis
411 2908 559 2959 probari
585 2908 657 2954 ait,
695 2907 773 2946 fieri
798 2910 953 2958 potuisse
981 2907 1092 2946 talem
1121 2908 1411 2958 navigationem,
1452 2905 1618 2955 quamvis
1645 2916 1692 2941 an
