1863 3256
517 138 1204 180 MELPOMENE.1V.

1375 145 1460 184 355

184 252 377 305 κόλπου,
415 254 497 295 τοῦ
534 249 643 305 πρὸς
674 249 860 305 Φοινίκῃ
902 248 1127 304 κειμένου,
1174 249 1305 291 τείνει
1334 249 1387 293 τὰ
1417 250 1459 302 ἐς

157 324 420 367 Βθάλασσαν
455 322 578 379 μέχρι
622 321 839 375 Τριοπίου
880 318 1028 376 ἄκρης.
1088 319 1218 363 οἰκέει
1248 316 1289 362 δ’
1330 317 1378 361 ἐν
1406 324 1459 376 τῇ

184 393 295 451 ἀκτῇ
323 392 461 451 ταύτῃ
491 393 622 437 ἔθνεα
651 390 905 447 ἀνθρώπων
934 389 1185 447 τριήκοντα.
1238 388 1350 445 αὕτη
1380 389 1462 445 μέν

57 469 124 514 39
182 481 267 509 νυν
303 462 330 520 ἡ
371 464 496 521 ἑτέρη
533 468 621 508 τῶν
659 462 838 508 ἀκτέων.

904 461 961 505 ‘H
986 462 1034 506 δὲ
1074 460 1128 518 δὴ
1168 460 1314 516 ἑτέρη,
1357 458 1444 504 ἀπό
1460 465 1736 523 450m11ec1uf'

1539 451 1661 487 A‚11era

1722 465 1777 484 [isse

1671 524 1794 558 usu-ale,

1756 491 1794 518 ad

184 535 389 590 Περσέων
427 533 667 591 ἄρξαμένη,
711 535 1004 588 παρατέταται
1045 533 1087 585 ἐς
1124 549 1207 590 την
1235 530 1460 588 Ἐρυθρὴν
1517 526 1565 577 {³¹3¹
1543 527 1590 578 erar
1578 529 1670 589 {³,am
1707 558 1759 583 Α...
1747 545 1794 592 „35

183 606 435 650 θάλασσαν·
480 605 510 661 ἥ
539 621 584 647 τε
617 604 833 662 Περσική,
873 604 946 649 καὶ
975 603 1003 660 ἡ
1033 602 1118 647 α’πό
1149 603 1312 661 ταύτης
1344 603 1456 647 ἐκδε-

125 752 227 789 inter
241 745 340 802 οἷκτή
361 757 398 789 et
415 746 652 802 χερσόνησος
664 752 793 788 statuit

126 808 339 855 discrimen,
377 808 475 845 haud
503 821 618 857 usque
645 820 793 857 quaque

127 864 248 902 valere
269 864 357 901 iilud
378 866 550 902 observat
568 865 792 903 Dahlmann.

126 921 270 959 Herod.
287 934 374 972 pag.
395 922 461 962 84.
506 921 575 960 Cr.
596 923 644 958 ad
665 935 791 958 vocem

128 973 229 1028 οἷκτή
270 979 468 1028 adscripsit
509 978 593 1016 ’she
628 977 791 1016 ciassical

125 1034 279 1072 Journal
300 1035 382 1072 Vol.
404 1036 456 1081 IX
482 1049 518 1086 p.
539 1037 621 1076 327
643 1048 720 1084 seq.
740 1057 790 1063 —

127 1092 442 1142 Μυριανδρικοῦ
455 1092 599 1142 reposui
613 1106 692 1129 cum
706 1092 792 1130 edd.

126 1152 279 1186 recentt.
321 1148 424 1185 Libri
449 1149 571 1198 scripti
592 1149 792 1185 admodum

126 1206 292 1251 variant,
322 1217 476 1253 quorum
512 1205 571 1241 alii
604 1207 793 1255 Μαριαν-

128 1261 246 1300 δικοῦ
286 1261 462 1298 exhibent
511 1260 630 1311 (quod
673 1262 790 1311 ipsum

126 1324 279 1356 tenuere
297 1318 401 1355 Reiz.
424 1322 460 1355 et
478 1318 702 1366 Matthiae),
734 1318 793 1354 aiii

128 1370 434 1427 Μαριανδύων,
482 1387 510 1412 S.
551 1375 793 1425 Μαριανδυ-

126 1433 238 1479 νῶν,
279 1430 340 1468 alii
372 1432 696 1483 Μαριανόηνῶν.
744 1431 794 1469 At

127 1487 404 1539 Mariandynus
453 1489 553 1526 sinus
600 1489 671 1526 huc
717 1502 793 1526 non

125 1546 308 1596 pertinet,
340 1545 402 1594 qui
431 1545 468 1582 in
487 1545 685 1595 Bithyniae
716 1559 793 1592 ora,

127 1602 188 1638 ubi
204 1615 294 1651 gens
307 1601 638 1652 lilarianclynorum
651 1607 706 1640 est
730 1603 794 1649 (de

127 1671 200 1708 qua
229 1660 324 1696 conf.
354 1660 390 1706 Ι,
421 1661 488 1700 28.
520 1659 589 1707 ΙΙΙ,
620 1661 673 1699 90
706 1660 793 1708 ibiq.

126 1713 267 1765 nott.),
328 1716 535 1765 fluviusque
593 1716 794 1766 Sangarius

126 1772 218 1809 mari
230 1772 412 1820 miscetur,
431 1773 673 1822 quaerendus.
704 1771 755 1810 M
751 1786 794 1823 y-

127 1828 336 1866 riandricus
373 1830 473 1866 sinus
503 1829 540 1866 in
573 1830 793 1868 phoeniciae

120 1897 168 1923 nc
198 1885 329 1935 Syriae
361 1885 528 1923 confiniis
560 1887 792 1935 quaerendus

124 1942 294 1990 videtur,
325 1943 414 1980 item
435 1944 590 1980 forsitan
613 1945 674 1993 qui
702 1943 793 1980 Issi-

126 2012 187 2036 cus
208 2011 355 2048 quoque
377 2003 540 2037 vocatur.
581 2000 679 2037 Nam
703 1999 753 2038 M
749 2014 792 2051 y-

127 2056 313 2103 riandrm,
345 2057 476 2106 Syriae
498 2057 597 2104 urbs,
631 2058 791 2096 Phoeni-

126 2125 230 2160 cum,
258 2118 297 2150 ut
320 2113 479 2160 videtur,
512 2116 725 2165 emporium,
754 2115 793 2151 in

127 2169 188 2206 illo
211 2171 289 2208 fere
305 2174 423 2208 tractu
441 2175 675 2208 memoratur.
705 2170 791 2208 Vid.

127 2226 258 2277 Steph.
296 2227 414 2276 Byz.,
461 2241 489 2265 s.
518 2241 576 2275 v.,
621 2228 791 2279 Xenoph.

128 2280 248 2321 Anab.
269 2284 310 2331 I,
339 2284 377 2325 4.
397 2286 446 2332 6,
475 2285 538 2322 ubi
564 2285 714 2322 aliorum
735 2290 793 2323 te-

129 2340 301 2378 stimonia
320 2341 443 2378 attulit
464 2342 637 2391 Kriiger.,
658 2342 719 2392 qui
737 2347 793 2379 ta-

129 2408 214 2433 men
250 2398 352 2447 quod
383 2398 628 2449 Μυρίανδον
659 2399 792 2436 rectius

129 2453 253 2489 forsan
273 2454 380 2492 scribi
401 2460 539 2503 censet,
563 2469 674 2505 quam
697 2458 791 2494 Mv-

131 2507 344 2560 ρίανδρον,
367 2511 404 2548 in
426 2525 470 2550 eo
493 2525 641 2561 vereor,
672 2516 713 2549 ut
732 2526 793 2550 as-

131 2565 257 2602 sentiri
276 2567 425 2616 possim.
456 2569 682 2607 Memoratur
702 2582 795 2618 quo-

131 2634 206 2671 que
233 2624 500 2676 Μυρίανδρος
531 2627 618 2663 urbs
636 2626 794 2664 Phoeni-

132 2691 212 2715 cum
232 2679 332 2729 apud
352 2680 637 2733 Scylac.Peripl.
658 2679 795 2733 §.102

133 2732 189 2787 (p.
223 2733 278 2775 40
318 2735 436 2773 Huds.
472 2752 508 2788 p.
543 2741 621 2779 301
664 2740 760 2777 Gaii.
765 2737 796 2792 ),

133 2792 194 2829 ubi
224 2790 314 2828 alios
340 2796 451 2831 testes
479 2795 698 2846 interpretes
716 2796 796 2834 lau-

849 751 996 788 darunt.
1036 747 1159 797 Nunc,
1182 748 1367 788 Larchero
1389 750 1517 788 obser-

850 811 974 853 vante,
994 805 1045 844 M
1042 806 1275 856 yrz'andricus
1288 807 1354 844 sin.
1366 812 1517 844 vocatur

850 865 1053 901 Aiasse.—
1089 862 1148 900 De
1170 862 1316 914 Trz'opz‘o
1339 876 1515 914 promon-

849 922 943 959 torio
968 921 1041 957 vid.
1063 925 1156 957 nott.
1174 921 1223 957 ad
1246 921 1272 968 l,
1308 919 1397 961 144.
1423 919 1514 961 174.

850 975 953 1029 πρὸς
969 978 1141 1030 Φοινίκῃ
1161 990 1240 1014 cum
1260 981 1413 1015 recentt.
1431 978 1518 1014 edd.

851 1035 1043 1080 dedimus,
1073 1047 1154 1071 cum
1185 1034 1298 1070 etiam
1322 1034 1419 1083 apud
1443 1034 1519 1072 Xe-

850 1090 1123 1155 nophonteml.
1149 1089 1170 1126 Ι.
1201 1094 1342 1127 exstet:
1384 1089 1448 1129 ἐπὶ
1467 1093 1519 1145 τῇ

851 1142 1093 1200 θαλασση,ἰ.
1106 1159 1134 1183 e
1149 1159 1270 1196 prope,
1293 1148 1398 1183 zuscta
1410 1160 1518 1184 mare.

908 1203 1032 1242 ε’θνεα
1064 1198 1301 1252 οἷνθρώπων
1327 1199 1518 1254 τριήκον-

849 1259 924 1311 τα]
969 1261 1092 1310 Supra
1127 1260 1166 1307 I,
1206 1262 1261 1300 28
1298 1259 1420 1310 plures
1453 1260 1518 1299 ha-

848 1330 929 1354 rum
979 1317 1143 1366 gentium
1194 1317 1375 1354 nominari
1411 1321 1519 1355 notat

849 1374 1055 1423 Schweigh.

1020 1432 1130 1479 Cap.
1161 1429 1335 1466 XXXIX.

905 1484 1016 1527 Ἡδὲ
1047 1485 1159 1537 ἑτέρη
1187 1501 1221 1525 κ.
1253 1501 1286 1525 τ.
1322 1489 1379 1533 λ.]
1433 1486 1516 1525 Vid.

851 1552 942 1581 nott.
969 1545 1018 1581 ad
1039 1544 1102 1591 lV,
1136 1545 1202 1583 38.
1228 1567 1279 1572 —
1311 1539 1517 1595 Ἐρυθρήν

852 1596 1066 1640 θάλασσαν
1097 1599 1152 1638 vel
1170 1599 1351 1637 Persicum
1381 1601 1438 1638 vel
1454 1600 1519 1638 Ιη-

853 1658 971 1695 dicum
991 1671 1092 1695 mare
1110 1670 1191 1694 esse
1213 1659 1341 1694 statuit
1359 1658 1517 1696 Rennel.

850 1729 937 1766 pag.
956 1715 1053 1756 454.
1094 1713 1156 1751 Tu
1174 1715 1271 1753 conf.
1296 1715 1423 1764 Heyse
1447 1715 1468 1752 l.
1493 1715 1516 1753 Ι.

850 1785 936 1822 pag.
972 1774 1052 1812 103
1096 1776 1134 1808 et
1172 1776 1266 1808 nott.
1297 1772 1345 1808 ad
1377 1772 1518 1810 Herod.

849 1829 922 1876 lv,
954 1831 1008 1870 37
1026 1829 1105 1865 init.

906 1883 936 1934 ἥ
978 1900 1018 1924 τε
1048 1881 1250 1934 Περσική,
1281 1884 1348 1924 καὶ
1377 1884 1406 1936 ἦ
1435 1882 1516 1926 dno*

849 1938 998 1993 ταύτης
1019 1957 1054 1981 κ.
1078 1958 1108 1980 τ.
1132 1943 1181 1988 L]
1214 1942 1409 1980 Sententia
1429 1944 1518 1980 scri—

849 2001 967 2051 ptoris
1016 1999 1107 2036 haec
1154 2003 1231 2036 est:
1288 1999 1358 2037 hac
1403 2000 1518 2038 altera

849 2057 960 2094 Asiae
990 2055 1206 2107 paeninsula
1239 2057 1418 2094 contineri
1438 2058 1516 2107 pri-

850 2128 948 2151 mum
975 2113 1186 2158 Persidem,
1227 2113 1384 2160 deinde,
1423 2127 1519 2163 quae

851 2183 930 2208 eam
973 2172 1144 2207 continuo
1184 2170 1362 2220 excipiat,
1406 2171 1519 2220 Assy-

849 2229 961 2274 riam,
1011 2232 1050 2264 et
1093 2239 1189 2276 quae
1227 2227 1313 2264 inde
1355 2228 1519 2278 incipiat,

849 2284 1044 2331 Arabiam,
1074 2284 1125 2321 ita
1145 2288 1185 2320 ut
1204 2285 1419 2322 terminetur
1438 2285 1518 2322 sinu

850 2340 1021 2378 Arabico.
1051 2341 1224 2392 Assyriae
1249 2345 1370 2378 autem
1384 2354 1517 2379 nomen

849 2397 956 2436 latius
975 2402 1103 2449 patere
1119 2410 1339 2445 omnemque
1355 2398 1518 2448 Babylo-

850 2457 970 2502 niam,
1018 2454 1332 2505 Mesopotamiam
1366 2468 1408 2492 ac
1446 2455 1518 2504 Sy-

851 2514 942 2550 riam
964 2511 1155 2562 complecti
1179 2516 1214 2549 et
1235 2524 1345 2560 supra
1358 2512 1427 2548 iam
1440 2525 1518 2548 mo-

852 2570 995 2607 nuimus
1026 2570 1083 2617 (I,
1118 2571 1210 2609 102.
1243 2570 1323 2608 177
1343 2572 1452 2618 seq.),
1482 2572 1520 2605 et

853 2626 922 2664 hoc
951 2625 1031 2663 loco
1063 2639 1144 2663 cum
1175 2625 1332 2662 Rennel.
1366 2638 1402 2675 p.
1435 2622 1518 2664 458

850 2684 982 2721 iterum
1012 2695 1213 2719 monemus.
1275 2680 1359 2724 Quo
1384 2681 1517 2717 eodem

852 2745 1028 2778 monente
1047 2740 1203 2776 Arabiae
1222 2750 1353 2775 nomen
1377 2736 1459 2773 olim
1481 2741 1517 2773 et

854 2798 973 2847 ipsum
1010 2795 1118 2832 latius
1154 2795 1294 2865 patuit‘
1307 2793 1354 2829 ad
1385 2793 1518 2842 Tigrin

1206 2852 1258 2890 23

1517 585 1542 611 ri
1535 593 1611 620 1‚am
1636 576 1670 614 Α
1665 589 1726 628 rabi
1720 598 1795 622 ¹;am

1517 618 1554 646 ad
1584 608 1669 649 niatu
1702 623 1731 650 iu
1736 629 1796 651 ter-
