1863 3256
419 164 1100 206 MELPOMENE.IV.
1322 172 1401 211 281

130 276 284 333 γιτάου
314 277 476 322 τούτου
505 273 609 326 τοὺς
637 274 791 325 τοκέας
821 273 997 329 λέγουσι
1028 272 1161 325 εἶναι,
1203 273 1300 329 ἐμοὶ
1328 277 1406 330 μὲν

0 335 1 416 l
131 347 186 391 οὐ
222 347 350 392 πιστοὶ
381 347 600 402 λέγοντες,
630 346 808 401 λέγουσι
838 344 881 389 δ’
912 340 1000 399 ὧν,
1031 347 1118 388 Δία
1147 360 1190 388 τε
1220 345 1294 388 καὶ
1324 348 1405 388 Βο-

101 419 371 472 3ρυσθένεος
399 421 481 461 τοῦ
510 421 711 473 ποταμοῦ
740 418 976 473 θυγατέρα.
1036 417 1183 473 γένεος
1211 416 1291 472 μὲν
1320 433 1405 460 τοι-

132 489 269 533 ούτου
299 487 353 545 δή
381 505 499 539 τινος
527 487 733 544 γενέσθαι
762 488 840 532 τὸν
864 490 1130 544 Ταργίταον·
1176 485 1340 531 τούτου
1360 488 1406 531 δὲ

131 559 334 616 γενέσθαι
369 562 530 610 παῖδας
566 564 700 614 τρεῖς,
746 558 1006 612 Λειπόξαϊν,
1048 560 1122 603 καὶ
1155 558 1405 615 Ἀρπόξαϊν,
1457 594 1461 597 ,

102 632 207 676 [ruat
246 629 464 676 νεώτατον
503 630 738 684 Κολάξαϊν.

1465 285 1545 319 raia,
1571 293 1588 311 a
1607 295 1664 320 quo
1683 287 1739 314 Ca-

1463 319 1741 355 tiarict'l'raspieffi

1466 351 1621 385 (Jolaxais,
1656 355 1740 387 regni

1464 393 1550 411 succe
1554 395 1629 417 nnnnnn
1649 396 1666 414 a
1684 397 1741 423 quo

1463 417 1640 447 Paralatae:

807 630 901 674 Ἐπὶ
944 631 1114 676 τούτων
1161 630 1399 687 ἀρχόντων,
1415 637 1461 672 70

71 835 120 873 sci
141 847 251 885 posse
276 835 470 873 statuentis
484 864 494 883 ‚
537 836 566 873 si
585 836 734 886 quidem

76 891 196 939 Turk,
228 891 370 942 lapheti
400 892 492 929 filius
513 892 549 930 Τ
553 906 735 930 urcarum-

71 962 144 997 que
180 948 316 985 abavus
347 962 422 986 non
449 950 613 987 diversus
639 951 685 987 sit
714 962 735 986 a

77 1004 254 1053 Tar-getan
281 1005 473 1043 Herodoti.
522 1005 604 1043 Nec
631 1007 737 1044 aliter

72 1063 244 1099 statuisse
265 1062 369 1099 video
390 1062 459 1099 los.
480 1063 528 1099 de
548 1063 736 1100 Hammer.

73 1118 227 1165 (Geseh.
250 1119 285 1154 d.
300 1118 476 1156 Osmann.
499 1119 512 1155 l
531 1132 567 1170 p.
584 1120 640 1167 1),
661 1132 735 1168 quo

72 1179 220 1212 auctore
264 1173 382 1222 Turta,
423 1175 521 1212 unde
556 1176 735 1224 originem

72 1232 210 1268 ducunt
245 1230 406 1278 Turcae,
452 1231 553 1268 idem
583 1245 735 1282 prorsus

71 1292 183 1337 atque
208 1286 425 1337 Targz'taus,
455 1288 518 1337 qui
539 1288 576 1325 in
596 1289 734 1326 Genes.

70 1344 120 1391 X,
140 1346 164 1383 3
183 1351 334 1382 vocetur
360 1343 577 1393 Togliarma.
619 1345 736 1383 Addit

70 1399 266 1438 Reichard.
299 1401 323 1439 l.
353 1401 375 1438 l.
411 1414 497 1452 pag.
529 1404 582 1442 12
615 1402 735 1439 adhuc

75 1456 251 1506 Targz'taz'
276 1458 432 1496 nominis
462 1471 658 1509 superesse
683 1459 733 1495 vi-

72 1514 151 1552 deri
182 1515 363 1564 quaedam
392 1516 551 1564 vestigia
577 1515 614 1552 in
636 1515 734 1553 loco-

71 1584 150 1608 rum
170 1573 403 1620 quorundam
415 1572 734 1622 appellationibus,

72 1641 106 1665 v.
119 1642 149 1664 c.
164 1626 397 1676 Targowr'tza
418 1634 454 1666 et
470 1628 735 1666 Taraschtscha

0 1720 5 1733 A
72 1685 111 1721 in
133 1685 309 1734 gubernio
332 1686 460 1732 Kiew,
504 1685 672 1722 Tarchon
697 1687 735 1723 in

74 1740 302 1779 Chersoneso
336 1741 516 1789 Taurica,
566 1742 734 1793 Tarczyn

73 1798 110 1835 in
129 1798 311 1848 Volhynia
330 1811 371 1835 ac
394 1798 559 1837 Polonia.
590 1800 648 1837 De
661 1813 735 1849 quo

72 1853 183 1892 nolim
203 1867 273 1904 ego
293 1855 387 1892 ferre
409 1856 591 1893 iudicium.
621 1856 734 1893 Barth

72 1910 164 1958 (Die
182 1911 348 1949 Kabiren
372 1912 408 1948 in
425 1911 676 1950 Deutschland
699 1927 734 1963 p.

75 1969 167 2009 168.
190 1969 294 2016 399)
319 1967 537 2017 Τανςίΐααηι
557 1971 605 2007 ad
618 1970 736 2007 Grae-

72 2037 195 2062 corum
217 2025 328 2062 refert
345 2025 559 2074 Herculem,
596 2032 735 2063 utrum-

73 2093 146 2130 que
168 2081 216 2118 ad
236 2081 344 2118 deum
365 2082 481 2130 Thor,
514 2097 620 2133 quem
639 2083 736 2121 Ger-

73 2138 218 2175 maniae
238 2139 404 2175 nationes
422 2139 623 2177 coluerunt.

130 2192 288 2246 λέγουσι
320 2190 352 2234 δ’
382 2189 453 2246 aiz]
495 2196 554 2233 Ad
583 2197 734 2233 locutio-

73 2262 156 2288 nem
182 2252 276 2288 conf.
307 2252 372 2299 Ill,
396 2254 462 2296 80,
493 2253 615 2302 ibique
640 2259 733 2290 nott.

74 2307 129 2345 Ex
149 2308 218 2344 hoc
238 2312 360 2346 autem
381 2309 459 2346 loco
475 2310 608 2348 Ritter.
623 2309 736 2360 (Vor-

76 2363 170 2402 halle
196 2367 264 2402 etc.
292 2378 326 2415 p.
353 2365 450 2417 173)
480 2366 598 2416 colligi
626 2380 736 2417 posse

76 2425 221 2468 censet,
247 2421 374 2472 populi
394 2423 486 2461 hanc
506 2429 605 2462 certe
625 2424 736 2461 fuisse

76 2476 229 2524 samam,
260 2478 354 2515 inter
372 2479 610 2529 Borysthenis
630 2494 734 2518 acco-

78 2531 131 2569 las
158 2533 388 2583 divulgatam.
446 2537 519 2581 Qui
544 2538 640 2575 idem
664 2537 687 2575 l.
714 2536 735 2573 l.

78 2592 272 2638 pag-172,
294 2590 372 2628 coll.
392 2595 483 2634 174.
508 2596 586 2634 177
609 2593 736 2642 Iovem,

79 2647 141 2694 qui
162 2645 220 2682 hic
240 2653 481 2696 memoratur,
513 2663 544 2688 s.
567 2651 647 2689 Δία
669 2664 736 2701 pro

79 2701 251 2739 Indorum
270 2702 371 2740 Deva
389 2705 513 2754 habet,
533 2707 737 2756 Borysthe-

78 2759 210 2807 nisque
256 2759 344 2808 (qui
372 2774 474 2799 sacer
503 2763 548 2799 sit
576 2765 735 2813 fluvius)

80 2813 209 2862 filiam,
236 2827 257 2853 e
276 2828 350 2866 qua
369 2816 505 2868 Iupiter
518 2819 736 2870 Scytharum

793 841 984 888 parentem
1000 837 1180 885 genuerit,
1203 837 1356 874 eandem
1378 850 1459 875 esse

794 894 868 931 vult
912 899 1026 942 atque
1059 894 1211 943 Apz'am,
1262 908 1290 931 s.
1324 895 1460 931 Gaeam

793 950 895 998 (lv,
923 951 1026 998 59),
1067 949 1230 988 Maeetin
1261 950 1360 1001 (lv,
1391 952 1460 999 3),

793 1020 966 1056 magnam
989 1007 1110 1044 Deum
1135 1013 1310 1054 matrem,
1349 1022 1369 1045 e
1393 1010 1460 1044 fln-

794 1065 852 1100 vio
883 1076 1009 1109 sacr0,
1039 1069 1075 1100 ut
1106 1065 1295 1110 ferebant,
1326 1070 1459 1111 ortam,

793 1133 875 1157 cum
906 1133 1002 1169 aqua
1029 1120 1102 1156 scil.
1141 1121 1302 1157 omnium
1335 1134 1459 1158 rerum

792 1176 990 1213 haberetur
1013 1177 1242 1227 principium.
1296 1178 1459 1228 Koppen

792 1226 1075 1282 (Nordgestade
1097 1234 1131 1269 d.
1155 1233 1265 1271 Pont.
1286 1247 1371 1284 pag.
1394 1236 1457 1274 13.

796 1289 862 1337 14)
898 1289 1166 1339 Borysthenem
1198 1291 1354 1341 explicat
1388 1293 1459 1327 flu-

791 1346 888 1382 vium
918 1347 1266 1396 septentrionalem,
1308 1348 1372 1396 qui
1402 1360 1459 1385 se-

792 1403 1047 1453 ptentrionalis
1066 1406 1115 1441 sit
1136 1404 1293 1450 Avater,
1315 1404 1459 1441 Diodo-

792 1473 945 1509 rumque
985 1460 1096 1507 citat,
1157 1461 1219 1510 qni
1267 1461 1456 1511 Scytham,

792 1518 912 1565 gentis
953 1521 1112 1554 satorem
1154 1530 1175 1554 a
1214 1519 1302 1555 Iove
1342 1523 1456 1567 atque

791 1573 958 1610 Echidna
982 1573 1123 1622 virgine
1144 1575 1254 1611 tradit
1282 1575 1457 1625 progeni-

791 1634 881 1666 tum.
924 1630 1079 1680 Legitur
1109 1630 1209 1668 locus
1231 1631 1386 1668 Diodori
1412 1631 1456 1678 ll,

791 1686 867 1731 433
910 1700 1017 1736 quem
1044 1689 1271 1738 proferemus
1303 1688 1351 1725 ad
1377 1688 1456 1725 He-

791 1743 870 1779 rod.
890 1743 953 1792 lv,
975 1745 1013 1783 8.
1071 1744 1289 1793 Scytharum
1320 1746 1456 1781 famam

791 1813 872 1836 cum
894 1801 936 1836 iis
954 1813 1169 1849 congruere,
1203 1814 1300 1850 quae
1321 1801 1455 1838 Sinen-

792 1857 885 1893 sium
910 1858 1107 1907 scriptores
1130 1859 1305 1905 referant,
1330 1862 1457 1895 monet

793 1913 931 1951 Gorres
951 1915 1235 1964 Mythengesch.
1258 1915 1272 1951 Ι
1301 1929 1337 1966 p.
1364 1916 1455 1956 199.

848 1965 992 2009 τούτου
1025 1968 1067 2010 δὲ
1093 1970 1283 2022 γενέσθαι
1311 1972 1459 2018 παῖδας

791 2030 917 2078 τρεῖς,
948 2024 1196 2076 Λειπόξαϊν,
1230 2027 1295 2067 καὶ
1318 2024 1457 2078 Ἀρπό-

793 2084 883 2130 ξαϊν
913 2083 981 2122 καὶ
1011 2080 1211 2124 νεώτατον
1234 2080 1455 2135 Κολάξαϊν]

793 2140 1001 2187 Pelloutier‚
1034 2156 1142 2190 quem
1163 2142 1269 2180 affert
1285 2142 1455 2180 Larcher.

793 2198 829 2234 in
850 2198 949 2235 Hist.
974 2199 1008 2235 d.
1032 2198 1125 2236 Celt.
1151 2200 1166 2236 Ι
1190 2214 1224 2250 p.
1247 2201 1349 2246 136,
1383 2204 1457 2236 ter-

792 2255 990 2292 minatione
1033 2257 1147 2301 xaz'n,
1207 2270 1300 2305 quae
1338 2256 1456 2293 tribus

793 2311 890 2348 hisce
919 2312 1124 2349 nominibus
1158 2313 1356 2350 communis
1394 2313 1455 2360 sit,

784 2368 908 2417 filium
928 2369 1079 2406 indicari
1099 2371 1248 2416 statuit,
1286 2369 1395 2420 plane
1418 2375 1457 2405 ut

794 2426 830 2461 in
862 2423 1030 2462 Nostris:
1070 2426 1304 2472 Andersolzn,
1345 2426 1454 2463 John-

794 2481 902 2529 solm,
942 2482 1031 2519 aliis.
1089 2483 1148 2519 Ad
1185 2484 1454 2522 Germanorum

793 2538 884 2576 deos
912 2539 1203 2588 antiquissimos,
1242 2554 1336 2590 quos
1359 2541 1453 2576 Asen

792 2594 904 2644 vulgo
942 2601 1096 2642 vocant,
1151 2598 1288 2635 referre
1331 2597 1454 2647 placet

793 2651 938 2690 Rittero
963 2652 1135 2690 Vorhalle
1160 2667 1195 2704 p.
1228 2655 1317 2694 173.
1349 2653 1452 2697 3463

794 2721 868 2757 quo
907 2714 1055 2747 auctore
1090 2711 1188 2747 dicas
1221 2709 1452 2759 Lz'p-Asazs‚

796 2764 1009 2810 Kol-Asais,
1031 2768 1054 2803 i.
1076 2779 1109 2803 e.
1126 2779 1265 2803 sacrum
1285 2765 1370 2802 solis
1389 2765 1453 2801 he-

794 2834 908 2860 roem.
967 2823 1023 2859 Ex
1050 2823 1223 2872 indigena
1251 2821 1452 2860 Turearum
