1863 3256
56 303 139 322 ‹tanu
176 303 252 334 unus
270 294 333 335 cul-

57 334 105 355 tue
136 333 243 355 mentun
277 336 333 368 qur,

59 361 256 388 Anacharsis:

57 496 138 524 victi.

57 399 177 422 ventum
205 371 330 429 Scytii¹a¹<

57 437 121 455 rum
159 429 329 457 nonen-eissi-

57 470 146 496 mmn,
165 467 196 490 ut
209 463 269 490 sint
285 463 329 490 in-

390 191 474 230 374

364 301 550 351 Ξθικοῦ,
598 299 729 342 ἔθνεα
771 297 1060 354 ἀμαθέστατα.

389 369 511 421 ἐντός
538 373 621 412 τοῦ
647 367 824 412 Πόντου
857 367 989 411 οὐδὲν
1011 369 1163 423 ἔχομεν
1186 368 1487 424 προβαλέσθαι
1505 370 1665 425 σοφίης

387 440 511 494 πέρι,
547 439 649 484 οὔτε
684 439 823 493 ἄνδρα
852 437 1002 493 λόγιον
1031 441 1212 494 οἴδαμεν
1240 438 1498 494 γενόμενον,
1526 440 1662 494 πάρεξ

363 516 478 555 3τοῦ
516 513 748 554 Σκυθικοῦ
800 509 975 560 ἔθνεος,
1026 511 1099 553 καὶ
1133 509 1428 565 Ἀναχάρσιος.

794 190 1261 229 HERODOTI

1134 296 1234 341 οὔτε
1277 296 1363 353 γάρ
1405 298 1536 349 ἔθνος
1574 301 1663 342 τῶν
1676 306 1720 340 75

1503 514 1573 568 Τῷ
1616 511 1663 554 δὲ

390 585 603 638 Σκυθικῷ
630 580 747 635 γένεϊ
770 580 820 622 ’ἓν
838 578 918 634 μὲν
947 579 996 623 τὸ
1027 580 1232 636 μέγιστον
1250 585 1339 624 τῶν
1363 578 1664 637 ἄνθρωπηΐων

390 651 658 709 πρηγμάτων
687 649 923 706 σοφώτατα
952 650 1132 695 πάντων
1153 652 1396 709 ἐξεύρηται,
1427 656 1516 696 τῶν
1540 650 1666 708 ἡμεῖς

361 725 536 778 αι’ίδμεν·
573 721 626 764 τα
657 722 806 778 μέντοι
837 721 946 764 ἄλλα
976 721 1059 766 οὐκ
1090 723 1267 780 ἄγαμαι.
1317 724 1367 768 τὸ
1389 725 1434 768 δὲ
1460 723 1665 780 μέγιστον
1677 731 1718 765 81

394 793 511 836 οὕτω
554 803 634 848 σφι
673 790 931 848 ἀνεύρηται,
975 793 1083 837 ὥστε
1117 793 1390 852 ἄποφυγέειν
1427 811 1470 839 τε
1501 795 1666 852 μηδένα

391 861 634 907 ἐπελθόντα
672 864 740 907 ἐπὶ
771 864 930 919 σφέας,
976 862 1035 919 μὴ
1073 867 1378 922 βουλομένους
1419 882 1463 909 τε
1504 865 1665 920 ἐξευρε-

363 940 555 991 5θῆναι,
604 937 867 991 καταλαβεῖν
911 933 970 989 μή
1014 931 1112 979 οἶόν
1151 953 1196 981 τε
1237 935 1361 981 εἶναι.
1430 942 1544 980 τοῖσι
1579 935 1664 991 γὰρ

388 1004 494 1062 μήτε
552 1003 683 1049 ἄστεα
740 1004 845 1063 μήτε
910 1007 1047 1062 τείχεα
1114 1010 1143 1064 ᾑ
1203 1008 1431 1065 ἐκτισμένα
1455 1040 1466 1059 ,

335 1185 541 1220 accuratam
587 1195 705 1222 rerum
745 1183 995 1233 Scythicarum

335 1239 611 1290 expositionem.
652 1240 733 1278 Nec
764 1246 886 1278 tamen
916 1254 996 1278 cum

337 1296 533 1334 Mannerto
566 1296 636 1344 (lv
662 1311 698 1347 p.
720 1297 772 1339 65
794 1295 888 1348 seq.)
919 1298 998 1335 He-

336 1353 506 1390 rodotum
536 1359 764 1391 mercaturae
792 1367 904 1391 causa
932 1353 997 1391 has

337 1408 447 1446 Ponti
471 1421 553 1446 oras
570 1410 698 1447 visisse
717 1415 855 1460 putem.
888 1410 998 1448 Conf.

338 1466 448 1504 etiam
474 1465 547 1513 IV,
580 1467 634 1507 86
664 1467 726 1503 fin.
753 1467 875 1516 ibique
905 1472 998 1504 nott.

340 1521 396 1559 Ad
427 1519 635 1572 παρέχεται
662 1523 706 1559 cf.
740 1522 813 1570 IV,
855 1522 908 1564 44
938 1523 1000 1560 fin.

337 1578 443 1622 Quae
493 1582 694 1628 sequuntur
727 1580 839 1617 verba
880 1578 1002 1618 ἔθνεα

326 1630 596 1685 -οἷμαθέστατα
617 1650 652 1673 κ.
670 1650 702 1673 τ.
725 1637 756 1673 λ.
784 1635 904 1685 attigit
925 1636 1003 1673 Eu-

339 1691 451 1728 stath.
473 1691 520 1727 ad
543 1691 697 1741 Dionys.
717 1705 769 1729 vs.
791 1695 886 1734 669.

394 1749 474 1785 τῶν
503 1744 614 1794 ἒντός
647 1750 719 1787 τοῦ
749 1746 933 1799 Πόντου]
977 1750 999 1786 i.

339 1818 369 1841 e.
395 1817 515 1841 earum
533 1806 707 1853 gentium,
732 1819 820 1856 quae
841 1808 891 1843 cis
908 1805 1002 1842 Pon-

339 1864 413 1897 tum
430 1860 607 1899 habitant.
638 1862 697 1899 Cf.
716 1862 810 1909 vm,
828 1861 882 1902 47
897 1862 1001 1900 Thu-

338 1918 419 1966 cyd.
440 1917 482 1966 ΙΙ,
501 1920 574 1959 96:
607 1917 672 1957 καὶ
693 1914 766 1957 ’ὅσα
788 1916 887 1958 ἄλλα
905 1919 1002 1971 μέρη

337 1970 446 2019 ἔνι-ὂς
482 1977 554 2013 τοῦ
574 1971 728 2024 Ἴστρου
755 1978 938 2027 ποταμοῦ
967 1991 1001 2014 κ.

337 2045 368 2068 τ.
400 2032 433 2068 λ.
474 2031 576 2069 Haec
602 2045 688 2069 vero
711 2033 790 2081 ipsa
811 2034 857 2071 ab
881 2033 1004 2070 Hero-

339 2087 428 2123 doto
445 2087 482 2124 in
505 2087 633 2136 ltalia,
664 2088 837 2137 Thuriis,
870 2090 1004 2140 scripta

339 2156 420 2181 esse
441 2143 517 2181 vult
537 2144 729 2192 Larcher.,
758 2159 839 2183 cum
859 2147 896 2183 in
918 2146 1005 2183 Asia

338 2200 468 2237 minori
486 2201 632 2239 Samive
659 2202 697 2239 in
720 2203 839 2240 insula
864 2203 893 2240 si
915 2202 1004 2240 haec

338 2256 555 2306 scripsisset,
587 2258 708 2296 dicere
730 2272 803 2296 non
824 2259 1005 2310 potuisset

337 2313 406 2348 cis
437 2311 602 2353 Pontum.
628 2336 681 2342 —
723 2314 1000 2368 προβαλέσθαι

336 2368 394 2405 hic
433 2373 510 2405 est:
561 2372 599 2406 in
641 2372 793 2410 medium
830 2372 1000 2424 proferre,

1553 1005 1662 1050 ἀλλὰ
1676 1013 1720 1048 85

1113 1183 1240 1237 πάρεξ
1254 1189 1324 1226 τοῦ
1338 1187 1550 1225 Σκυθικοῦ
1565 1183 1722 1231 ἔθνεος,

1055 1241 1123 1282 καὶ
1170 1239 1457 1294 Ἀναχάρσιος]
1516 1242 1569 1280 Ut
1615 1254 1724 1293 supra

1056 1300 1130 1337 duo
1188 1305 1362 1351 posuerat
1414 1300 1557 1336 diversa
1574 1327 1585 1345 ‚
1653 1311 1720 1335 nec

1057 1361 1205 1406 gentem
1238 1370 1305 1394 nec
1334 1357 1449 1393 virum
1476 1356 1656 1393 eruditum
1684 1367 1725 1392 se

1056 1414 1219 1464 proferre
1238 1425 1347 1464 posse
1369 1425 1550 1458 asserenS,
1582 1413 1634 1449 ita
1651 1411 1724 1448 duo

1057 1471 1130 1507 iam
1163 1470 1306 1506 subiicit
1342 1470 1485 1506 diversa
1512 1468 1597 1505 hinc
1629 1468 1724 1506 exci-

1057 1526 1208 1576 pienda,
1228 1526 1445 1575 Scytharum
1466 1524 1541 1564 scil.
1561 1528 1724 1573 gentem,

1060 1588 1098 1620 et
1121 1582 1418 1619 Anacharsidem.
1459 1580 1518 1620 De
1546 1593 1621 1631 quo
1642 1581 1724 1632 ipso

1059 1640 1106 1677 cf.
1132 1639 1210 1686 IV,
1240 1641 1310 1679 76.
1340 1641 1407 1679 77.

1115 1691 1163 1733 τοὶ
1187 1693 1322 1746 μέντοι
1345 1691 1444 1733 ἄλλα
1465 1689 1538 1734 οὐκ
1557 1690 1723 1746 ἄγαμαι]

1059 1752 1081 1788 i.
1130 1765 1161 1790 e.
1221 1752 1362 1802 reliqua
1421 1755 1511 1789 certe
1555 1753 1726 1789 instituta

1060 1810 1130 1845 sive
1160 1809 1305 1845 inventa
1325 1808 1543 1859 Scytharum
1566 1808 1725 1858 equidem

1060 1879 1130 1902 non
1162 1865 1267 1902 valde
1301 1866 1418 1915 probo.
1480 1865 1539 1902 Ad
1573 1865 1723 1903 verbum

1061 1919 1212 1973 ἄγαμαι
1259 1922 1352 1959 conf.
1390 1921 1461 1968 Vl,
1507 1921 1572 1962 75.
1625 1920 1724 1967 vlu,

1064 1977 1165 2023 144⁸,
1197 1982 1234 2015 et
1257 1979 1305 2016 de
1327 1983 1506 2015 structura
1526 1977 1722 2016 Ruhnken.

1061 2035 1109 2072 ad
1139 2034 1237 2071 Tim,
1267 2049 1303 2086 p.
1341 2036 1380 2074 8.
1418 2035 1638 2072 Boissonad.
1676 2034 1725 2071 ad

1060 2090 1270 2128 Philostrat.
1291 2091 1458 2129 Heroioe.
1478 2103 1564 2142 pag.
1586 2092 1680 2131 380.

1119 2143 1219 2186 ὥστε
1248 2143 1492 2200 εἷποφυγέειν
1514 2161 1555 2186 τε
1574 2145 1726 2198 μηδένα

1062 2219 1096 2243 κ.
1117 2219 1149 2242 τ.
1171 2203 1230 2255 λ.]
1260 2205 1352 2242 Bina
1383 2211 1488 2251 sunt,
1517 2217 1615 2254 quae
1637 2205 1726 2241 insi-

1062 2261 1151 2310 gnia
1217 2267 1498 2308 commemorat,
1569 2263 1723 2311 primum

1057 2317 1142 2354 illud
1156 2347 1169 2364 ,
1198 2321 1237 2354 ut
1257 2330 1352 2354 nemo
1365 2348 1376 2364 ‚
1407 2319 1469 2367 qui
1487 2316 1574 2353 bello
1591 2316 1723 2366 (ipsos)

1057 2386 1250 2422 aggressus
1263 2373 1393 2424 fuerit,
1417 2375 1545 2424 (ipsos)
1567 2373 1725 2422 effugere

336 2437 607 2462 commemorare.
665 2429 815 2478 σοφίην
843 2429 1000 2479 pruden-
1054 2432 1188 2481 possit,-
1219 2430 1369 2468 alterum
1391 2431 1480 2477 hoc,
1507 2434 1547 2466 ut
1570 2432 1662 2480 ipsi,
1693 2432 1726 2467 si

339 2484 404 2517 tem
417 2481 607 2519 sollertiam
622 2484 881 2534 interpretatur
895 2486 939 2523 W
944 2499 1000 2522 es-

340 2537 513 2586 selingius
526 2566 537 2585 ‚
567 2542 776 2590 sapientiam
797 2541 1003 2590 Schweigh.

340 2594 453 2631 Paulo
505 2594 609 2633 aliter
668 2596 737 2644 ΙΙΙ,
783 2600 884 2644 127,
942 2598 1002 2635 ubi

340 2651 436 2688 conf.
460 2655 553 2688 nott.

398 2703 525 2757 ἄνδρα
564 2703 723 2759 λόγιον]
766 2710 786 2746 i.
818 2722 848 2746 e.
888 2711 1002 2746 virum

331 2764 484 2813 peritum
495 2793 507 2810 ‚
535 2765 713 2802 eruditum
732 2769 839 2816 atque
856 2767 998 2804 cultum.

336 2820 393 2857 Cf.
413 2820 448 2868 Ι,
483 2824 501 2862 1
525 2821 648 2872 ibique
664 2826 760 2860 nott.
782 2823 837 2870 ll,
867 2825 932 2864 77.

1058 2486 1185 2532 nolint,
1216 2500 1239 2522 a
1258 2489 1392 2523 nemine
1416 2486 1631 2537 deprehendi
1642 2500 1724 2536 pos-

1060 2544 1144 2579 sint.
1203 2541 1441 2595 ἐπέρχεσθαι
1478 2544 1609 2580 eodem
1647 2544 1723 2581 sere

1060 2611 1168 2636 sensu
1205 2598 1271 2646 VI,
1306 2601 1397 2640 108.
1438 2599 1495 2637 De
1527 2600 1639 2637 verbo
1657 2615 1723 2638 κα-

1060 2655 1245 2706 ταλαβεῖν
1266 2657 1338 2693 vid.
1358 2657 1425 2702 ΙΙΙ,
1456 2655 1521 2698 42.
1555 2656 1625 2701 lV,
1655 2659 1692 2698 8.

1117 2715 1218 2750 τοῖσι
1247 2709 1322 2764 γάρ
1355 2709 1452 2763 μήτε
1487 2710 1606 2752 ἄστεα
1634 2728 1669 2751 κ.
1691 2729 1722 2750 τ.

1058 2768 1106 2818 λ]
1133 2769 1245 2812 Quod
1266 2769 1465 2816 Schaeser„
1499 2782 1608 2819 quem
1627 2771 1722 2807 conf.

1058 2826 1106 2862 ad
1145 2826 1303 2875 Gregor.
1338 2826 1503 2865 Corinth.
1537 2839 1622 2878 pag.
1653 2828 1720 2872 80,

1727 587 1811 628 302
