1946 3272
80 327 147 373 88

607 205 1080 247 'rHAL1A.111.

319 318 505 375 Δαρεῖός
537 333 582 361 τε
613 315 690 372 δή,
726 316 750 361 ὁ
775 314 1064 368 Ὑστάσπεος,
1095 314 1298 370 βασιλεὺς
1329 311 1481 358 ἄπεδέ-
1539 319 1658 380 ξζιῗιῐῑυῐῗ,
1692 320 1816 381 {¹223ss

209 396 352 438 δεκτο·
410 391 483 434 καί
526 389 570 431 οἱ
607 383 722 444 ἦσαν
759 386 806 430 ἐν
835 391 888 444 τῇ
923 384 1040 444 Ἀσίῃ
1071 384 1230 436 πάντες
1259 383 1481 439 κατήκοοι,
1540 393 1625 445 Ἆᾞγξ
1670 394 1816 450 ,νιτῇξὲξξ

206 464 318 519 πλὴν
354 460 592 515 Ἀραβίων,
652 458 811 512 Κύρου
851 474 895 501 τε
934 456 1371 512 καταστρεψαμένου,
1411 456 1486 498 καὶ
1543 454 1816 515 ζζζῗῦῊἹΙξΡξῑξιζξζ

176 534 393 587 Ξῦστερον
423 526 544 581 αὖτις
576 528 837 585 Καμβύσεω.
891 527 1084 584 Ἀράβιοι
1115 528 1161 572 δὲ
1193 524 1369 581 οὐδαμὰ
1398 542 1473 568 κα·
1487 527 1601 577 80{¹¹,¹,¹¹
1567 529 1627 592 „¹t·
1614 524 1801 589 ⁰¹¹¹fflf¹mig¹³

1543 593 1640 620 regul.

1398 211 1480 250 155

203 601 426 659 τήκουσαι)
455 601 524 645 ἐπὶ
554 601 805 657 δουλοσύνη
838 600 1061 657 Πέρσῃσι,
1095 598 1204 642 ἄλλα
1235 599 1368 652 ξεῖνοι
1398 596 1482 652 ἐγέ-

204 689 355 724 νοντο,
398 672 604 729 παρέντες
635 672 877 729 Καμβύσεα
914 671 982 716 ἐπ’
1016 673 1265 727 Αἴγυπτον·

1326 667 1486 712 ἀεκόν-

203 761 292 788 των
321 744 404 801 γάρ
432 744 649 800 Ἀραβίων
678 742 759 788 οὐκ
790 743 844 786 ἂν
874 743 1100 800 ἐσβάλοιεν
1131 742 1300 796 Πέρσαι
1334 741 1377 792 ἐς
1407 741 1484 784 Αἵ-

173 822 194 856 3
205 831 387 872 γυπτον.

148 983 243 1031 195,
271 988 309 1022 et
330 997 425 1034 quae
442 984 511 1022 alia
535 985 624 1022 citat
644 984 815 1023 Creuzer.

146 1043 184 1079 in
205 1041 348 1079 Melett.
370 1041 384 1078 Ι
406 1054 492 1092 pag.
521 1044 584 1082 12.
603 1063 659 1070 —
683 1056 818 1093 χρεμε-

147 1099 266 1145 τίζειν
285 1099 415 1136 eadem
436 1099 471 1135 in
491 1111 529 1135 re
551 1100 735 1136 narranda
749 1100 818 1135 ad-

146 1155 264 1193 hibuit
293 1155 437 1192 Ctesias
466 1154 650 1204 Excerptt.
691 1155 814 1192 Perss.

146 1211 185 1263 ἓ.
215 1211 265 1252 15
288 1215 340 1258 et,
363 1215 541 1248 monente
569 1211 652 1258 Cr„
684 1211 814 1261 Olym-

144 1268 245 1320 piod.
273 1268 311 1304 in
343 1268 568 1305 Commentt.
593 1268 630 1304 in
652 1267 769 1305 Alcib.
797 1267 814 1305 Ι

145 1337 230 1376 pag.
252 1324 320 1365 46.
347 1324 438 1366 155.

289 1380 396 1431 Cap.
426 1380 664 1419 LXXXVIII.

202 1441 374 1489 Δαρεῖος
385 1458 435 1465 --
451 1432 706 1489 ἀπεδέδεκτο]
720 1439 813 1476 Cum

144 1495 293 1542 Darius,
319 1495 499 1533 moriente
521 1497 633 1545 Cyre,
663 1494 755 1546 (vid.
782 1496 813 1543 I,

148 1554 251 1601 209)
280 1552 408 1600 viginti
429 1553 545 1590 ferme
571 1565 687 1590 annos
715 1557 814 1590 esset

147 1614 270 1656 natus,
300 1608 493 1657 Cambysis
522 1623 608 1647 vero
638 1622 682 1646 ac
708 1609 813 1658 Magi

148 1679 303 1714 regnum
317 1670 400 1702 octo
419 1665 579 1716 expleret
596 1679 726 1713 annos,
738 1666 817 1704 Da-

147 1723 242 1760 rium
263 1722 514 1770 undetriginta
535 1736 651 1760 annos
674 1728 816 1769 natum,

150 1791 178 1817 5.
203 1792 301 1817 anno
329 1780 407 1820 521
436 1791 468 1816 a.
493 1780 578 1816 Chr.
612 1793 648 1816 n.
680 1780 729 1816 ad
758 1793 816 1817 re-

148 1849 262 1886 gnum
291 1836 486 1873 accessisse
515 1836 697 1873 concludit
723 1835 817 1873 Lar-

149 1894 245 1930 cher.
268 1893 306 1928 in
336 1896 413 1930 not.
442 1892 490 1929 ad
511 1892 546 1929 h.
571 1892 592 1930 l.
619 1893 697 1930 coll.
719 1893 814 1930 Tab.

149 1948 310 1990 chronol.
330 1948 398 1984 Vll
421 1962 455 1999 p.
478 1951 571 1990 630.
631 1950 708 1986 Sed
729 1949 815 1987 vide

149 2018 296 2055 quoque
319 2005 507 2056 disputata
529 2006 578 2042 ad
596 2006 659 2051 Ill,
679 2008 744 2047 66.
757 2028 814 2033 —

147 2062 330 2100 Malcolm.
349 2063 505 2110 (Geseh.
525 2076 557 2100 v.
579 2063 757 2101 Persienl
778 2077 813 2113 p.

149 2122 216 2160 46.
234 2119 288 2160 54
306 2119 364 2156 ed.
383 2120 548 2169 vernae.)
578 2120 730 2158 Darium
749 2120 816 2157 ha-

149 2177 214 2213 bet
234 2188 301 2227 pro
321 2188 379 2223 eo,
404 2178 467 2226 qui
489 2189 511 2212 a
529 2177 651 2214 Persis
673 2177 817 2214 dicatur

150 2233 347 2282 Guschtap.
388 2233 464 2270 Sed
487 2233 583 2270 hunc
606 2234 726 2283 ipsum
757 2233 816 2271 alii

150 2303 218 2340 pro
231 2289 398 2340 Cyaxare
409 2290 558 2330 habent.
570 2290 655 2328 Vid.
666 2294 757 2327 nott.
768 2291 816 2328 ad

150 2347 180 2394 I,
200 2349 252 2387 96
276 2358 360 2396 pag.
382 2347 476 2387 928.

205 2398 382 2454 Ἀράβιοι
419 2400 463 2442 δὲ
501 2398 660 2455 ου’δαμοὲ
692 2398 818 2454 κατή-

152 2471 303 2498 κουσαν
330 2475 363 2499 κ.
385 2474 416 2498 τ.
440 2458 490 2510 L]
523 2456 680 2512 ου’δαμιὶ
714 2461 819 2499 dedi-

155 2527 232 2552 mus
256 2529 324 2566 pro
349 2513 519 2568 οὕδαμᾶ.
548 2518 631 2555 vid.
654 2522 748 2555 nott.
769 2518 818 2555 ad

155 2570 222 2616 111,
244 2575 306 2614 10.
345 2574 446 2611 Citat
469 2574 557 2612 haec
578 2574 747 2612 Eustath.
770 2575 818 2612 ad

155 2626 308 2677 Dionys.
324 2630 468 2680 Perieg.
490 2632 586 2671 933.
622 2630 762 2669 Arabes
785 2644 815 2670 s.

158 2683 295 2722 incolae
326 2686 400 2723 eius
428 2692 565 2734 terrae,
597 2700 693 2737 quae
721 2701 816 2726 nunc

158 2738 302 2777 Yemen
321 2747 488 2790 vocatur,
514 2757 736 2794 quamquam
759 2745 818 2782 vix

158 2795 344 2834 hominum
362 2801 533 2838 memoria
543 2806 616 2839 tam
632 2801 736 2839 liberi
753 2815 817 2839 ne-

160 2852 321 2902 minique
344 2855 479 2894 subditi
499 2857 611 2897 fuisse
634 2859 819 2907 videntur,

874 984 1184 1035 quemadmodum
1213 982 1251 1023 h.
1290 981 1314 1020 l.
1351 981 1541 1031 praedicat

874 1043 1104 1087 Herodotus,
1135 1054 1244 1089 quem
1266 1038 1326 1075 alii
1352 1042 1449 1088 post,
1480 1038 1541 1084 (ut

873 1099 1028 1137 Diodor.
1048 1099 1096 1145 II,
1111 1099 1154 1145 1)
1175 1096 1286 1134 secuti
1300 1099 1397 1142 sunt,
1415 1099 1539 1132 tamen

873 1168 940 1206 per
968 1155 1077 1192 breve
1101 1158 1244 1191 tantum
1267 1156 1411 1201 tempus
1439 1156 1541 1188 exte-

873 1213 923 1249 ris
955 1211 1144 1262 paruisse,
1174 1222 1253 1246 cum
1282 1212 1402 1245 terrae
1427 1208 1540 1258 ipsius

871 1269 1082 1306 conditione
1109 1267 1199 1304 satis
1231 1265 1298 1302 tuti
1331 1270 1454 1302 essent
1491 1264 1539 1300 ab

872 1326 1024 1362 aliorum
1046 1323 1311 1361 incursionibus
1330 1321 1541 1358 dominatu-

872 1395 967 1432 que,
996 1382 1092 1419 bene
1121 1384 1249 1418 monet
1279 1378 1412 1415 Ritter.
1444 1377 1542 1414 Erd-

872 1440 1000 1476 kunde
1021 1438 1052 1475 ll
1075 1451 1112 1488 p.
1137 1439 1227 1478 191.
1287 1434 1422 1484 Neque
1444 1434 1541 1472 enim

871 1496 1020 1543 Darius,
1044 1506 1166 1543 neque
1192 1493 1270 1530 eius
1296 1503 1540 1537 successores,

872 1566 940 1590 nec
968 1553 1048 1602 ipse
1075 1551 1236 1599 denique
1265 1548 1476 1586 Alexander
1503 1548 1542 1585 in

872 1609 1044 1647 Arabiam
1065 1608 1207 1645 felicem
1229 1619 1346 1655 usque
1367 1617 1543 1656 progres-

874 1667 905 1703 si
934 1669 1077 1703 suntet
1102 1664 1260 1712 Augusti
1282 1667 1419 1709 aetate,
1445 1673 1541 1711 quae

873 1736 917 1761 eo
943 1724 1054 1759 missa
1079 1725 1133 1758 est
1152 1722 1405 1758 Romanorum
1428 1731 1541 1768 expe-

874 1780 966 1817 ditio
990 1780 1081 1815 duce
1092 1777 1206 1814 Acilio
1219 1776 1352 1823 Gallo,
1387 1788 1427 1812 re
1447 1775 1541 1812 infe-

872 1842 930 1873 cta
951 1836 1083 1881 rediit,
1110 1847 1178 1871 nec
1201 1834 1249 1870 ad
1271 1833 1431 1869 locorum
1460 1831 1541 1880 qui-

872 1893 957 1930 dem
995 1891 1245 1941 cognitionem
1275 1889 1426 1927 multum
1454 1901 1540 1939 pro-

870 1950 963 1995 fuit,
992 1953 1090 1986 teste
1120 1948 1306 1984 Strabone
1333 1945 1420 1983 XVI
1452 1958 1539 1996 pag.

872 2008 956 2046 782
977 2006 1253 2055 apag-1129
1272 2004 1316 2040 Β.
1341 2001 1420 2040 coll.
1450 2014 1539 2053 pag.

871 2065 954 2104 780
976 2076 1003 2099 5.
1026 2075 1061 2112 p.
1084 2061 1254 2103 1126B.
1273 2073 1378 2109 seqq.

930 2115 1135 2158 οἷεκόῑτων
1190 2113 1264 2169 γὰρ
1317 2111 1538 2168 Ἀραβίων]

873 2178 982 2215 Conf.
1003 2188 1116 2225 supra
1138 2174 1200 2221 ΙΙΙ,
1217 2177 1254 2214 7.
1277 2175 1315 2214 8.
1345 2172 1436 2210 Mox
1457 2186 1541 2210 cum

873 2233 1079 2281 Schweigh.
1113 2236 1149 2269 et
1181 2231 1300 2267 Gaisf.
1330 2243 1351 2267 e
1380 2229 1543 2280 pluribus

873 2291 974 2327 libris
997 2288 1225 2339 reposuimus
1247 2282 1454 2338 ἐσβάλοιεν
1471 2299 1540 2337 pro

875 2346 980 2396 vulg.-
1004 2340 1259 2397 ἐσβοῖλλοιεν,
1291 2345 1347 2381 cui
1379 2343 1542 2394 patroci-

875 2409 986 2441 natur
1008 2415 1138 2440 censor
1168 2401 1331 2439 lenensis
1355 2401 1464 2441 1817
1485 2412 1542 2436 nr.

878 2460 959 2501 164
979 2473 1065 2510 pag.
1083 2461 1178 2499 374.

925 2513 1087 2567 Γάμους
1098 2530 1138 2554 τε
1148 2530 1242 2561 τους
1257 2509 1440 2565 πρώτους
1453 2506 1542 2564 {yn}-

876 2588 943 2625 μεε
966 2572 1147 2626 Πέρσησι
1177 2569 1199 2611 ὁ
1217 2569 1403 2623 Δαρεῖος]
1434 2570 1543 2609 Dati-

871 2644 957 2668 vum
995 2630 1176 2682 Πέρσῃσι
1207 2627 1411 2677 Schweigh.
1426 2655 1438 2674 ‚
1475 2625 1539 2674 qui

875 2688 959 2725 olim
983 2687 1122 2724 addere
1143 2685 1257 2723 voluit
1282 2684 1339 2731 ἐν,
1375 2688 1459 2734 post
1479 2694 1537 2718 re-

874 2744 957 2782 tulit
976 2744 1026 2781 ad
1046 2739 1242 2795 πρώτους,
1273 2746 1314 2779 ut
1330 2739 1538 2786 intelligan-

874 2806 934 2838 tur
951 2801 1116 2851 nuptiae,
1147 2812 1236 2850 quae
1255 2798 1372 2835 Persis
1387 2796 1538 2845 pri,mae

875 2859 901 2896 i.
922 2870 954 2897 e.
979 2857 1216 2896 nobilissimae
1239 2854 1384 2893 suerint.
1421 2849 1537 2900 Equi-

449 816 628 872 Γάμους
656 831 700 859 τε
729 814 833 867 τούς
863 814 1067 870 πρώτους
1096 813 1246 871 ἐγάμεε
1279 812 1475 870 Πέρσῃσι
1487 817 1624 864 85243
