<?xml version="1.0" encoding="UTF-8"?>
<!DOCTYPE html PUBLIC "-//W3C//DTD XHTML 1.0 Transitional//EN"
    "http://www.w3.org/TR/xhtml1/DTD/xhtml1-transitional.dtd">
<html xmlns="http://www.w3.org/1999/xhtml" xml:lang="en" lang="en">
 <head>
  <title>
</title>
<meta http-equiv="Content-Type" content="text/html;charset=utf-8" />
  <meta name='ocr-system' content='tesseract 3.04.00' />
  <meta name='ocr-capabilities' content='ocr_page ocr_carea ocr_par ocr_line ocrx_word'/>
</head>
<body>
  <div class='ocr_page' id='page_1' title='image "./musaeher02hero/musaeher02hero_0367.png"; bbox 0 0 1863 3256; ppageno 0'>
   <div class='ocr_carea' id='block_1_1' title="bbox 0 2192 12 3256">
    <p class='ocr_par' dir='ltr' id='par_1_1' title="bbox 0 2192 12 3256">
     <span class='ocr_line' id='line_1_1' title="bbox 0 2192 12 3256; textangle 90"><span class='ocrx_word' id='word_1_1' title='bbox 2 3225 12 3256; x_wconf 48' lang='lat' dir='ltr'>a</span> <span class='ocrx_word' id='word_1_2' title='bbox 0 2490 5 2612; x_wconf 68' lang='lat'>——</span> <span class='ocrx_word' id='word_1_3' title='bbox 0 2334 2 2479; x_wconf 50' lang='lat'>⁷--</span> <span class='ocrx_word' id='word_1_4' title='bbox 0 2229 1 2287; x_wconf 31' lang='lat' dir='ltr'>effice</span> <span class='ocrx_word' id='word_1_5' title='bbox 0 2192 1 2195; x_wconf 60' lang='lat'><em>„</em></span> 
     </span>
    </p>
   </div>
   <div class='ocr_carea' id='block_1_2' title="bbox 43 403 108 448">
    <p class='ocr_par' dir='ltr' id='par_1_2' title="bbox 43 403 108 448">
     <span class='ocr_line' id='line_1_2' title="bbox 43 403 108 448; baseline 0.015 -1"><span class='ocrx_word' id='word_1_6' title='bbox 43 403 108 448; x_wconf 74' lang='lat'>37</span> 
     </span>
    </p>
   </div>
   <div class='ocr_carea' id='block_1_3' title="bbox 465 148 1147 192">
    <p class='ocr_par' dir='ltr' id='par_1_3' title="bbox 465 148 1147 192">
     <span class='ocr_line' id='line_1_3' title="bbox 465 148 1147 192; baseline -0.01 0"><span class='ocrx_word' id='word_1_7' title='bbox 465 148 1027 192; x_wconf 87' lang='lat' dir='ltr'><strong>MELPOMENE.</strong></span> <span class='ocrx_word' id='word_1_8' title='bbox 1088 150 1147 186; x_wconf 89' lang='lat' dir='ltr'><strong>IV.</strong></span> 
     </span>
    </p>
   </div>
   <div class='ocr_carea' id='block_1_4' title="bbox 1360 155 1444 193">
    <p class='ocr_par' dir='ltr' id='par_1_4' title="bbox 1360 155 1444 193">
     <span class='ocr_line' id='line_1_4' title="bbox 1360 155 1444 193; baseline 0.012 -1"><span class='ocrx_word' id='word_1_9' title='bbox 1360 155 1444 193; x_wconf 78' lang='lat'>353</span> 
     </span>
    </p>
   </div>
   <div class='ocr_carea' id='block_1_5' title="bbox 170 255 1444 319">
    <p class='ocr_par' dir='ltr' id='par_1_5' title="bbox 170 255 1444 319">
     <span class='ocr_line' id='line_1_5' title="bbox 170 255 1444 319; baseline -0.005 -11"><span class='ocrx_word' id='word_1_10' title='bbox 170 264 297 308; x_wconf 80' lang='grc' dir='ltr'><strong><em>λώσω</em></strong></span> <span class='ocrx_word' id='word_1_11' title='bbox 329 262 522 319; x_wconf 80' lang='grc' dir='ltr'><strong><em>μέγαθός</em></strong></span> <span class='ocrx_word' id='word_1_12' title='bbox 552 277 596 304; x_wconf 90' lang='grc' dir='ltr'>τε</span> <span class='ocrx_word' id='word_1_13' title='bbox 626 258 806 316; x_wconf 79' lang='grc' dir='ltr'><strong><em>ἑκάστης</em></strong></span> <span class='ocrx_word' id='word_1_14' title='bbox 829 255 1021 310; x_wconf 79' lang='grc' dir='ltr'><strong><em>αὐτέων,</em></strong></span> <span class='ocrx_word' id='word_1_15' title='bbox 1054 257 1127 300; x_wconf 87' lang='grc' dir='ltr'>καὶ</span> <span class='ocrx_word' id='word_1_16' title='bbox 1160 259 1232 314; x_wconf 80' lang='grc' dir='ltr'>οἴη</span> <span class='ocrx_word' id='word_1_17' title='bbox 1261 260 1326 309; x_wconf 90' lang='grc' dir='ltr'>τίς</span> <span class='ocrx_word' id='word_1_18' title='bbox 1356 260 1444 302; x_wconf 79' lang='grc' dir='ltr'>ἐστι</span> 
     </span>
    </p>
   </div>
   <div class='ocr_carea' id='block_1_6' title="bbox 171 332 618 392">
    <p class='ocr_par' dir='ltr' id='par_1_6' title="bbox 171 332 618 392">
     <span class='ocr_line' id='line_1_6' title="bbox 171 332 618 392; baseline -0.011 -14"><span class='ocrx_word' id='word_1_19' title='bbox 171 336 213 386; x_wconf 85' lang='grc' dir='ltr'>ές</span> <span class='ocrx_word' id='word_1_20' title='bbox 241 335 418 392; x_wconf 74' lang='grc' dir='ltr'><strong><em>γραφὴν</em></strong></span> <span class='ocrx_word' id='word_1_21' title='bbox 450 332 618 388; x_wconf 79' lang='grc' dir='ltr'><strong><em>ἑκάστη.</em></strong></span> 
     </span>
    </p>
   </div>
   <div class='ocr_carea' id='block_1_7' title="bbox 139 398 1443 531">
    <p class='ocr_par' dir='ltr' id='par_1_7' title="bbox 139 398 1443 531">
     <span class='ocr_line' id='line_1_7' title="bbox 282 398 1443 461; baseline -0.006 -12"><span class='ocrx_word' id='word_1_22' title='bbox 282 407 450 461; x_wconf 80' lang='grc' dir='ltr'><em>Πέρσαι</em></span> <span class='ocrx_word' id='word_1_23' title='bbox 498 403 714 452; x_wconf 80' lang='grc' dir='ltr'><strong><em>οἰκέουσι,</em></strong></span> <span class='ocrx_word' id='word_1_24' title='bbox 763 400 1023 457; x_wconf 80' lang='grc' dir='ltr'><strong><em>κατήκοντες</em></strong></span> <span class='ocrx_word' id='word_1_25' title='bbox 1063 398 1132 442; x_wconf 77' lang='grc' dir='ltr'>ἐπὶ</span> <span class='ocrx_word' id='word_1_26' title='bbox 1172 400 1253 456; x_wconf 79' lang='grc' dir='ltr'>τήν</span> <span class='ocrx_word' id='word_1_27' title='bbox 1290 402 1443 456; x_wconf 83' lang='grc' dir='ltr'><strong><em>νοτίην</em></strong></span> 
     </span>
     <span class='ocr_line' id='line_1_8' title="bbox 139 470 1440 531; baseline -0.002 -13"><span class='ocrx_word' id='word_1_28' title='bbox 139 476 428 526; x_wconf 71' lang='grc' dir='ltr'><strong><em>Ξθάλασσαν,</em></strong></span> <span class='ocrx_word' id='word_1_29' title='bbox 465 475 546 531; x_wconf 80' lang='grc' dir='ltr'>τὴν</span> <span class='ocrx_word' id='word_1_30' title='bbox 581 473 805 529; x_wconf 80' lang='grc' dir='ltr'><strong><em>Ἐρυθρήν</em></strong></span> <span class='ocrx_word' id='word_1_31' title='bbox 845 470 1126 528; x_wconf 81' lang='grc' dir='ltr'><strong><em>καλεομένην.</em></strong></span> <span class='ocrx_word' id='word_1_32' title='bbox 1183 470 1356 515; x_wconf 79' lang='grc' dir='ltr'><strong><em>τούτων</em></strong></span> <span class='ocrx_word' id='word_1_33' title='bbox 1396 471 1440 516; x_wconf 83' lang='grc' dir='ltr'>δ’</span> 
     </span>
    </p>
   </div>
   <div class='ocr_carea' id='block_1_8' title="bbox 1456 338 1501 370">
    <p class='ocr_par' dir='ltr' id='par_1_8' title="bbox 1456 338 1501 370">
     <span class='ocr_line' id='line_1_9' title="bbox 1456 338 1501 370; baseline 0.022 -1"><span class='ocrx_word' id='word_1_34' title='bbox 1456 338 1501 370; x_wconf 80' lang='grc'>30</span> 
     </span>
    </p>
   </div>
   <div class='ocr_carea' id='block_1_9' title="bbox 165 541 1445 602">
    <p class='ocr_par' dir='ltr' id='par_1_9' title="bbox 165 541 1445 602">
     <span class='ocr_line' id='line_1_10' title="bbox 165 541 1445 602; baseline -0.002 -12"><span class='ocrx_word' id='word_1_35' title='bbox 165 546 476 602; x_wconf 75' lang='grc' dir='ltr'><strong><em>ὑπεροικέουσι</em></strong></span> <span class='ocrx_word' id='word_1_36' title='bbox 505 545 615 600; x_wconf 84' lang='grc' dir='ltr'><strong><em>πρὸς</em></strong></span> <span class='ocrx_word' id='word_1_37' title='bbox 644 545 784 600; x_wconf 80' lang='grc' dir='ltr'><strong><em>βορέω</em></strong></span> <span class='ocrx_word' id='word_1_38' title='bbox 815 541 1004 598; x_wconf 76' lang='grc' dir='ltr'><strong><em>ἀνέμου,</em></strong></span> <span class='ocrx_word' id='word_1_39' title='bbox 1049 544 1229 599; x_wconf 84' lang='grc' dir='ltr'>Μῆδοι·</span> <span class='ocrx_word' id='word_1_40' title='bbox 1273 543 1445 601; x_wconf 81' lang='grc' dir='ltr'><strong><em>Μήδων</em></strong></span> 
     </span>
    </p>
   </div>
   <div class='ocr_carea' id='block_1_10' title="bbox 139 684 1502 814">
    <p class='ocr_par' dir='ltr' id='par_1_10' title="bbox 139 684 1502 814">
     <span class='ocr_line' id='line_1_11' title="bbox 167 684 1447 745; baseline -0.004 -13"><span class='ocrx_word' id='word_1_41' title='bbox 167 689 236 732; x_wconf 81' lang='grc' dir='ltr'>ἐπὶ</span> <span class='ocrx_word' id='word_1_42' title='bbox 266 687 347 745; x_wconf 81' lang='grc' dir='ltr'>τὴν</span> <span class='ocrx_word' id='word_1_43' title='bbox 378 690 568 745; x_wconf 78' lang='grc' dir='ltr'><strong><em>βορηίην</em></strong></span> <span class='ocrx_word' id='word_1_44' title='bbox 597 685 854 737; x_wconf 79' lang='grc' dir='ltr'><strong><em>θάλασσαν,</em></strong></span> <span class='ocrx_word' id='word_1_45' title='bbox 894 685 937 736; x_wconf 82' lang='grc' dir='ltr'>ἐς</span> <span class='ocrx_word' id='word_1_46' title='bbox 970 685 1050 742; x_wconf 79' lang='grc' dir='ltr'>τήν</span> <span class='ocrx_word' id='word_1_47' title='bbox 1082 684 1221 737; x_wconf 78' lang='grc' dir='ltr'>Φάσις</span> <span class='ocrx_word' id='word_1_48' title='bbox 1250 684 1447 741; x_wconf 80' lang='grc' dir='ltr'><strong><em>ποταμὸς</em></strong></span> 
     </span>
     <span class='ocr_line' id='line_1_12' title="bbox 139 756 1502 814; baseline -0.001 -14"><span class='ocrx_word' id='word_1_49' title='bbox 139 759 349 803; x_wconf 76' lang='grc' dir='ltr'><strong><em>δέκδιδοῐ.</em></strong></span> <span class='ocrx_word' id='word_1_50' title='bbox 408 763 548 802; x_wconf 88' lang='grc' dir='ltr'><strong><em>ταῦτα</em></strong></span> <span class='ocrx_word' id='word_1_51' title='bbox 585 758 767 812; x_wconf 86' lang='grc' dir='ltr'><strong><em>τέσσερα</em></strong></span> <span class='ocrx_word' id='word_1_52' title='bbox 809 758 941 801; x_wconf 76' lang='grc' dir='ltr'><strong><em>ἔθνεα</em></strong></span> <span class='ocrx_word' id='word_1_53' title='bbox 983 756 1113 800; x_wconf 82' lang='grc' dir='ltr'><strong><em>οἰκέει</em></strong></span> <span class='ocrx_word' id='word_1_54' title='bbox 1145 758 1190 801; x_wconf 79' lang='grc' dir='ltr'><strong><em>ἐκ</em></strong></span> <span class='ocrx_word' id='word_1_55' title='bbox 1223 756 1502 814; x_wconf 78' lang='grc' dir='ltr'><strong><em>θαλάσσης35</em></strong></span> 
     </span>
    </p>
   </div>
   <div class='ocr_carea' id='block_1_11' title="bbox 43 827 1445 886">
    <p class='ocr_par' dir='ltr' id='par_1_11' title="bbox 43 827 1445 886">
     <span class='ocr_line' id='line_1_13' title="bbox 43 827 1445 886; baseline -0.004 -10"><span class='ocrx_word' id='word_1_56' title='bbox 43 837 108 884; x_wconf 80' lang='grc'>38</span> <span class='ocrx_word' id='word_1_57' title='bbox 169 831 212 882; x_wconf 83' lang='grc' dir='ltr'>ἐς</span> <span class='ocrx_word' id='word_1_58' title='bbox 237 830 481 875; x_wconf 78' lang='grc' dir='ltr'><strong><em>θάλασσαν.</em></strong></span> <span class='ocrx_word' id='word_1_59' title='bbox 525 827 762 872; x_wconf 78' lang='grc' dir='ltr'><strong><em>Ἐνθεῦτεν</em></strong></span> <span class='ocrx_word' id='word_1_60' title='bbox 789 829 854 881; x_wconf 80' lang='grc' dir='ltr'>δὲ,</span> <span class='ocrx_word' id='word_1_61' title='bbox 885 829 934 872; x_wconf 84' lang='grc' dir='ltr'>τό</span> <span class='ocrx_word' id='word_1_62' title='bbox 954 829 1065 883; x_wconf 86' lang='grc' dir='ltr'><strong><em>πρὸς</em></strong></span> <span class='ocrx_word' id='word_1_63' title='bbox 1081 828 1287 886; x_wconf 80' lang='grc' dir='ltr'><strong><em>ἑσπέρης,</em></strong></span> <span class='ocrx_word' id='word_1_64' title='bbox 1317 827 1445 873; x_wconf 76' lang='grc' dir='ltr'><strong><em>ἀκταὶ</em></strong></span> 
     </span>
    </p>
   </div>
   <div class='ocr_carea' id='block_1_12' title="bbox 169 932 333 937">
    <p class='ocr_par' dir='ltr' id='par_1_12' title="bbox 169 932 333 937">
     <span class='ocr_line' id='line_1_14' title="bbox 169 932 333 937; baseline 0 0"><span class='ocrx_word' id='word_1_65' title='bbox 169 932 333 937; x_wconf 95' lang='lat' dir='ltr'> </span> 
     </span>
    </p>
   </div>
   <div class='ocr_carea' id='block_1_13' title="bbox 110 983 782 2894">
    <p class='ocr_par' dir='ltr' id='par_1_13' title="bbox 277 983 609 1034">
     <span class='ocr_line' id='line_1_15' title="bbox 277 983 609 1034; baseline -0.009 -12"><span class='ocrx_word' id='word_1_66' title='bbox 277 985 386 1034; x_wconf 89' lang='lat' dir='ltr'>Cap.</span> <span class='ocrx_word' id='word_1_67' title='bbox 422 983 609 1020; x_wconf 71' lang='lat' dir='ltr'><strong>XXXVII.</strong></span> 
     </span>
    </p>

    <p class='ocr_par' dir='ltr' id='par_1_14' title="bbox 110 1038 782 2328">
     <span class='ocr_line' id='line_1_16' title="bbox 170 1038 779 1092; baseline 0 -14"><span class='ocrx_word' id='word_1_68' title='bbox 170 1038 322 1092; x_wconf 83' lang='grc' dir='ltr'><strong><em>Πέρσαι</em></strong></span> <span class='ocrx_word' id='word_1_69' title='bbox 337 1040 534 1086; x_wconf 78' lang='grc' dir='ltr'><strong><em>οἰκέουσι]</em></strong></span> <span class='ocrx_word' id='word_1_70' title='bbox 556 1039 779 1088; x_wconf 62' lang='lat' dir='ltr'>Schweigh„</span> 
     </span>
     <span class='ocr_line' id='line_1_17' title="bbox 111 1096 779 1141; baseline 0.001 -6"><span class='ocrx_word' id='word_1_71' title='bbox 111 1096 251 1135; x_wconf 84' lang='lat' dir='ltr'>collatis</span> <span class='ocrx_word' id='word_1_72' title='bbox 288 1098 342 1134; x_wconf 90' lang='lat' dir='ltr'>his</span> <span class='ocrx_word' id='word_1_73' title='bbox 376 1097 463 1134; x_wconf 90' lang='lat' dir='ltr'>locis</span> <span class='ocrx_word' id='word_1_74' title='bbox 497 1098 571 1141; x_wconf 83' lang='lat' dir='ltr'>IV,</span> <span class='ocrx_word' id='word_1_75' title='bbox 611 1098 678 1136; x_wconf 86' lang='lat'><strong>38.</strong></span> <span class='ocrx_word' id='word_1_76' title='bbox 712 1096 779 1136; x_wconf 73' lang='lat'>40·</span> 
     </span>
     <span class='ocr_line' id='line_1_18' title="bbox 112 1153 779 1202; baseline -0.012 -7"><span class='ocrx_word' id='word_1_77' title='bbox 112 1153 188 1201; x_wconf 84' lang='grc'>41,</span> <span class='ocrx_word' id='word_1_78' title='bbox 218 1155 450 1192; x_wconf 87' lang='lat' dir='ltr'>Herodotum</span> <span class='ocrx_word' id='word_1_79' title='bbox 484 1153 672 1202; x_wconf 79' lang='lat' dir='ltr'>scripsisse</span> <span class='ocrx_word' id='word_1_80' title='bbox 712 1165 779 1201; x_wconf 86' lang='lat' dir='ltr'>pu-</span> 
     </span>
     <span class='ocr_line' id='line_1_19' title="bbox 111 1207 775 1259; baseline -0.002 -11"><span class='ocrx_word' id='word_1_81' title='bbox 111 1215 191 1248; x_wconf 87' lang='lat' dir='ltr'>tat:</span> <span class='ocrx_word' id='word_1_82' title='bbox 240 1207 377 1259; x_wconf 80' lang='grc' dir='ltr'><strong><em>Ἀσίην</em></strong></span> <span class='ocrx_word' id='word_1_83' title='bbox 405 1208 556 1259; x_wconf 78' lang='grc' dir='ltr'><strong><em>Πέρσαι</em></strong></span> <span class='ocrx_word' id='word_1_84' title='bbox 585 1207 775 1247; x_wconf 84' lang='grc' dir='ltr'><strong><em>οἰκέουσι.</em></strong></span> 
     </span>
     <span class='ocr_line' id='line_1_20' title="bbox 111 1267 777 1310; baseline -0.006 -6"><span class='ocrx_word' id='word_1_85' title='bbox 111 1267 270 1304; x_wconf 86' lang='lat' dir='ltr'>Codices</span> <span class='ocrx_word' id='word_1_86' title='bbox 290 1280 365 1304; x_wconf 88' lang='lat' dir='ltr'>non</span> <span class='ocrx_word' id='word_1_87' title='bbox 383 1267 578 1310; x_wconf 79' lang='lat' dir='ltr'>addicunt3</span> <span class='ocrx_word' id='word_1_88' title='bbox 608 1278 676 1304; x_wconf 87' lang='lat' dir='ltr'>nec</span> <span class='ocrx_word' id='word_1_89' title='bbox 688 1277 777 1301; x_wconf 85' lang='lat' dir='ltr'>sane</span> 
     </span>
     <span class='ocr_line' id='line_1_21' title="bbox 111 1322 776 1373; baseline -0.005 -13"><span class='ocrx_word' id='word_1_90' title='bbox 111 1336 204 1373; x_wconf 90' lang='lat' dir='ltr'>opus</span> <span class='ocrx_word' id='word_1_91' title='bbox 241 1324 385 1361; x_wconf 86' lang='lat' dir='ltr'>videtur</span> <span class='ocrx_word' id='word_1_92' title='bbox 424 1323 484 1360; x_wconf 82' lang='lat' dir='ltr'>illa</span> <span class='ocrx_word' id='word_1_93' title='bbox 519 1334 608 1360; x_wconf 88' lang='lat' dir='ltr'>voce</span> <span class='ocrx_word' id='word_1_94' title='bbox 637 1322 776 1368; x_wconf 78' lang='lat' dir='ltr'>addita,</span> 
     </span>
     <span class='ocr_line' id='line_1_22' title="bbox 111 1378 778 1430; baseline -0.003 -14"><span class='ocrx_word' id='word_1_95' title='bbox 111 1392 206 1430; x_wconf 84' lang='lat' dir='ltr'>quae</span> <span class='ocrx_word' id='word_1_96' title='bbox 236 1381 428 1417; x_wconf 85' lang='lat' dir='ltr'>commode</span> <span class='ocrx_word' id='word_1_97' title='bbox 457 1380 527 1416; x_wconf 88' lang='lat' dir='ltr'>hoc</span> <span class='ocrx_word' id='word_1_98' title='bbox 554 1378 634 1415; x_wconf 90' lang='lat' dir='ltr'>Ioco</span> <span class='ocrx_word' id='word_1_99' title='bbox 655 1383 778 1416; x_wconf 89' lang='lat' dir='ltr'>mente</span> 
     </span>
     <span class='ocr_line' id='line_1_23' title="bbox 112 1435 778 1487; baseline -0.005 -13"><span class='ocrx_word' id='word_1_100' title='bbox 112 1435 274 1487; x_wconf 89' lang='lat' dir='ltr'>suppleri</span> <span class='ocrx_word' id='word_1_101' title='bbox 298 1437 442 1487; x_wconf 88' lang='lat' dir='ltr'>poterit.</span> <span class='ocrx_word' id='word_1_102' title='bbox 481 1437 583 1473; x_wconf 81' lang='lat' dir='ltr'>Idem</span> <span class='ocrx_word' id='word_1_103' title='bbox 607 1436 778 1474; x_wconf 81' lang='lat' dir='ltr'>statuisse</span> 
     </span>
     <span class='ocr_line' id='line_1_24' title="bbox 110 1493 778 1543; baseline -0.003 -13"><span class='ocrx_word' id='word_1_104' title='bbox 110 1494 219 1531; x_wconf 88' lang='lat' dir='ltr'>video</span> <span class='ocrx_word' id='word_1_105' title='bbox 235 1493 364 1531; x_wconf 90' lang='lat' dir='ltr'>Italum</span> <span class='ocrx_word' id='word_1_106' title='bbox 385 1493 567 1531; x_wconf 86' lang='lat' dir='ltr'>Herodoti</span> <span class='ocrx_word' id='word_1_107' title='bbox 594 1493 778 1543; x_wconf 56' lang='lat' dir='ltr'>interprem</span> 
     </span>
     <span class='ocr_line' id='line_1_25' title="bbox 111 1550 777 1588; baseline -0.003 0"><span class='ocrx_word' id='word_1_108' title='bbox 111 1554 185 1588; x_wconf 79' lang='lat' dir='ltr'>tem</span> <span class='ocrx_word' id='word_1_109' title='bbox 205 1556 242 1587; x_wconf 89' lang='lat' dir='ltr'>et</span> <span class='ocrx_word' id='word_1_110' title='bbox 261 1550 463 1588; x_wconf 84' lang='lat' dir='ltr'>Letronne.</span> <span class='ocrx_word' id='word_1_111' title='bbox 489 1550 616 1586; x_wconf 86' lang='lat' dir='ltr'>Journ.</span> <span class='ocrx_word' id='word_1_112' title='bbox 638 1551 672 1586; x_wconf 89' lang='lat' dir='ltr'>d.</span> <span class='ocrx_word' id='word_1_113' title='bbox 692 1550 777 1586; x_wconf 76' lang='lat' dir='ltr'><strong>Sav.</strong></span> 
     </span>
     <span class='ocr_line' id='line_1_26' title="bbox 115 1606 779 1657; baseline -0.005 -12"><span class='ocrx_word' id='word_1_114' title='bbox 115 1608 224 1647; x_wconf 88' lang='lat'>1817</span> <span class='ocrx_word' id='word_1_115' title='bbox 248 1608 354 1644; x_wconf 85' lang='lat' dir='ltr'><strong>Janv.</strong></span> <span class='ocrx_word' id='word_1_116' title='bbox 385 1620 471 1657; x_wconf 81' lang='lat' dir='ltr'>pag.</span> <span class='ocrx_word' id='word_1_117' title='bbox 493 1606 568 1652; x_wconf 82' lang='lat'>45,</span> <span class='ocrx_word' id='word_1_118' title='bbox 599 1607 661 1655; x_wconf 86' lang='lat' dir='ltr'>qui</span> <span class='ocrx_word' id='word_1_119' title='bbox 685 1607 779 1643; x_wconf 83' lang='lat' dir='ltr'>bene</span> 
     </span>
     <span class='ocr_line' id='line_1_27' title="bbox 113 1662 780 1712; baseline -0.004 -11"><span class='ocrx_word' id='word_1_120' title='bbox 113 1668 259 1711; x_wconf 81' lang='lat' dir='ltr'>monet,</span> <span class='ocrx_word' id='word_1_121' title='bbox 310 1665 459 1702; x_wconf 81' lang='lat' dir='ltr'>verbum</span> <span class='ocrx_word' id='word_1_122' title='bbox 512 1663 637 1702; x_wconf 75' lang='grc' dir='ltr'><strong><em>οἰκεῖν</em></strong></span> <span class='ocrx_word' id='word_1_123' title='bbox 679 1662 780 1712; x_wconf 82' lang='lat' dir='ltr'>apud</span> 
     </span>
     <span class='ocr_line' id='line_1_28' title="bbox 113 1719 779 1766; baseline -0.003 -9"><span class='ocrx_word' id='word_1_124' title='bbox 113 1720 346 1758; x_wconf 88' lang='lat' dir='ltr'>Herodotum</span> <span class='ocrx_word' id='word_1_125' title='bbox 392 1721 552 1759; x_wconf 82' lang='lat' dir='ltr'>crebrius</span> <span class='ocrx_word' id='word_1_126' title='bbox 600 1719 779 1766; x_wconf 78' lang='lat' dir='ltr'>adhiberi,</span> 
     </span>
     <span class='ocr_line' id='line_1_29' title="bbox 114 1777 781 1823; baseline -0.003 -10"><span class='ocrx_word' id='word_1_127' title='bbox 114 1790 189 1814; x_wconf 87' lang='lat' dir='ltr'>non</span> <span class='ocrx_word' id='word_1_128' title='bbox 231 1778 359 1814; x_wconf 81' lang='lat' dir='ltr'>addito</span> <span class='ocrx_word' id='word_1_129' title='bbox 391 1778 525 1815; x_wconf 83' lang='lat' dir='ltr'>obiecti</span> <span class='ocrx_word' id='word_1_130' title='bbox 558 1777 781 1823; x_wconf 84' lang='lat' dir='ltr'>accusativo,</span> 
     </span>
     <span class='ocr_line' id='line_1_30' title="bbox 114 1832 781 1885; baseline -0.001 -15"><span class='ocrx_word' id='word_1_131' title='bbox 114 1834 179 1871; x_wconf 89' lang='lat' dir='ltr'>sed</span> <span class='ocrx_word' id='word_1_132' title='bbox 209 1835 401 1885; x_wconf 79' lang='lat' dir='ltr'>participio</span> <span class='ocrx_word' id='word_1_133' title='bbox 428 1834 527 1872; x_wconf 84' lang='lat' dir='ltr'>verbi</span> <span class='ocrx_word' id='word_1_134' title='bbox 549 1834 699 1870; x_wconf 81' lang='lat' dir='ltr'>alicuius</span> <span class='ocrx_word' id='word_1_135' title='bbox 723 1832 781 1870; x_wconf 82' lang='lat' dir='ltr'>vel</span> 
     </span>
     <span class='ocr_line' id='line_1_31' title="bbox 113 1890 780 1941; baseline -0.001 -14"><span class='ocrx_word' id='word_1_136' title='bbox 113 1892 321 1941; x_wconf 82' lang='lat' dir='ltr'>postposito</span> <span class='ocrx_word' id='word_1_137' title='bbox 353 1891 408 1928; x_wconf 86' lang='lat' dir='ltr'>vel</span> <span class='ocrx_word' id='word_1_138' title='bbox 433 1892 650 1940; x_wconf 83' lang='lat' dir='ltr'>anteposito.</span> <span class='ocrx_word' id='word_1_139' title='bbox 706 1890 780 1926; x_wconf 86' lang='lat' dir='ltr'>lta-</span> 
     </span>
     <span class='ocr_line' id='line_1_32' title="bbox 114 1946 782 1998; baseline -0.003 -14"><span class='ocrx_word' id='word_1_140' title='bbox 114 1960 186 1997; x_wconf 86' lang='lat' dir='ltr'>que</span> <span class='ocrx_word' id='word_1_141' title='bbox 215 1947 284 1984; x_wconf 92' lang='lat' dir='ltr'>hoc</span> <span class='ocrx_word' id='word_1_142' title='bbox 307 1961 454 1998; x_wconf 86' lang='lat' dir='ltr'>quoque</span> <span class='ocrx_word' id='word_1_143' title='bbox 475 1947 555 1984; x_wconf 90' lang='lat' dir='ltr'>loco</span> <span class='ocrx_word' id='word_1_144' title='bbox 578 1946 666 1984; x_wconf 90' lang='lat' dir='ltr'>nihil</span> <span class='ocrx_word' id='word_1_145' title='bbox 688 1947 782 1984; x_wconf 75' lang='lat' dir='ltr'>adii-</span> 
     </span>
     <span class='ocr_line' id='line_1_33' title="bbox 114 2004 782 2051; baseline 0 -11"><span class='ocrx_word' id='word_1_146' title='bbox 114 2004 282 2042; x_wconf 84' lang='lat' dir='ltr'>ciendum</span> <span class='ocrx_word' id='word_1_147' title='bbox 314 2018 394 2043; x_wconf 86' lang='lat' dir='ltr'>esse</span> <span class='ocrx_word' id='word_1_148' title='bbox 414 2010 561 2051; x_wconf 83' lang='lat' dir='ltr'>censet,</span> <span class='ocrx_word' id='word_1_149' title='bbox 592 2017 673 2041; x_wconf 88' lang='lat' dir='ltr'>cum</span> <span class='ocrx_word' id='word_1_150' title='bbox 697 2016 782 2041; x_wconf 85' lang='lat' dir='ltr'>sen-</span> 
     </span>
     <span class='ocr_line' id='line_1_34' title="bbox 113 2061 780 2099; baseline 0 -2"><span class='ocrx_word' id='word_1_151' title='bbox 113 2073 174 2097; x_wconf 90' lang='lat' dir='ltr'>sus</span> <span class='ocrx_word' id='word_1_152' title='bbox 203 2061 300 2098; x_wconf 76' lang='lat' dir='ltr'>idem</span> <span class='ocrx_word' id='word_1_153' title='bbox 325 2062 403 2099; x_wconf 86' lang='lat' dir='ltr'>sere</span> <span class='ocrx_word' id='word_1_154' title='bbox 424 2063 473 2098; x_wconf 89' lang='lat' dir='ltr'>sit</span> <span class='ocrx_word' id='word_1_155' title='bbox 492 2074 535 2098; x_wconf 90' lang='lat' dir='ltr'>ac</span> <span class='ocrx_word' id='word_1_156' title='bbox 555 2062 586 2098; x_wconf 87' lang='lat' dir='ltr'>si</span> <span class='ocrx_word' id='word_1_157' title='bbox 606 2061 780 2098; x_wconf 89' lang='lat' dir='ltr'>Herodo-</span> 
     </span>
     <span class='ocr_line' id='line_1_35' title="bbox 114 2116 781 2169; baseline 0.003 -15"><span class='ocrx_word' id='word_1_158' title='bbox 114 2121 173 2155; x_wconf 87' lang='lat' dir='ltr'>tus</span> <span class='ocrx_word' id='word_1_159' title='bbox 204 2118 374 2156; x_wconf 84' lang='lat' dir='ltr'>dixisset:</span> <span class='ocrx_word' id='word_1_160' title='bbox 418 2116 572 2169; x_wconf 83' lang='grc' dir='ltr'><strong><em>Πέρσαι</em></strong></span> <span class='ocrx_word' id='word_1_161' title='bbox 602 2117 781 2157; x_wconf 83' lang='grc' dir='ltr'><strong><em>οἰκέουσι</em></strong></span> 
     </span>
     <span class='ocr_line' id='line_1_36' title="bbox 113 2169 779 2227; baseline 0 -14"><span class='ocrx_word' id='word_1_162' title='bbox 113 2169 260 2225; x_wconf 79' lang='grc' dir='ltr'><strong><em>ταύτης</em></strong></span> <span class='ocrx_word' id='word_1_163' title='bbox 308 2178 380 2226; x_wconf 79' lang='grc' dir='ltr'><strong><em>τῆς</em></strong></span> <span class='ocrx_word' id='word_1_164' title='bbox 424 2171 593 2227; x_wconf 86' lang='grc' dir='ltr'><strong><em>η’πείρου</em></strong></span> <span class='ocrx_word' id='word_1_165' title='bbox 640 2172 683 2214; x_wconf 81' lang='grc' dir='ltr'>τὸ</span> <span class='ocrx_word' id='word_1_166' title='bbox 718 2189 779 2213; x_wconf 81' lang='grc' dir='ltr'>τε·</span> 
     </span>
     <span class='ocr_line' id='line_1_37' title="bbox 114 2227 778 2286; baseline 0.002 -17"><span class='ocrx_word' id='word_1_167' title='bbox 114 2229 286 2283; x_wconf 89' lang='grc' dir='ltr'><strong><em>ταμένον</em></strong></span> <span class='ocrx_word' id='word_1_168' title='bbox 325 2231 365 2280; x_wconf 82' lang='grc' dir='ltr'>ἐς</span> <span class='ocrx_word' id='word_1_169' title='bbox 402 2229 479 2286; x_wconf 81' lang='grc' dir='ltr'>τήν</span> <span class='ocrx_word' id='word_1_170' title='bbox 514 2231 655 2283; x_wconf 77' lang='grc' dir='ltr'><strong><em>νοτίην</em></strong></span> <span class='ocrx_word' id='word_1_171' title='bbox 695 2227 778 2270; x_wconf 74' lang='grc' dir='ltr'>θοὶ-</span> 
     </span>
     <span class='ocr_line' id='line_1_38' title="bbox 117 2291 276 2328; baseline 0.006 -1"><span class='ocrx_word' id='word_1_172' title='bbox 117 2291 276 2328; x_wconf 85' lang='grc' dir='ltr'><strong><em>λασσαν.</em></strong></span> 
     </span>
    </p>

    <p class='ocr_par' dir='ltr' id='par_1_15' title="bbox 118 2341 782 2851">
     <span class='ocr_line' id='line_1_39' title="bbox 173 2341 780 2397; baseline 0 -13"><span class='ocrx_word' id='word_1_173' title='bbox 173 2343 238 2385; x_wconf 79' lang='grc' dir='ltr'>ἐπὶ</span> <span class='ocrx_word' id='word_1_174' title='bbox 272 2342 347 2397; x_wconf 80' lang='grc' dir='ltr'>τήν</span> <span class='ocrx_word' id='word_1_175' title='bbox 380 2346 519 2397; x_wconf 83' lang='grc' dir='ltr'><strong><em>νοτίην</em></strong></span> <span class='ocrx_word' id='word_1_176' title='bbox 552 2341 780 2392; x_wconf 70' lang='grc' dir='ltr'><strong><em>θάλασσαν,</em></strong></span> 
     </span>
     <span class='ocr_line' id='line_1_40' title="bbox 118 2397 779 2454; baseline 0.005 -15"><span class='ocrx_word' id='word_1_177' title='bbox 118 2397 191 2451; x_wconf 80' lang='grc' dir='ltr'>τήν</span> <span class='ocrx_word' id='word_1_178' title='bbox 240 2397 446 2454; x_wconf 75' lang='grc' dir='ltr'><strong><em>Ἐρυθρὴν</em></strong></span> <span class='ocrx_word' id='word_1_179' title='bbox 510 2401 779 2454; x_wconf 78' lang='grc' dir='ltr'><strong><em>καλεομένην]</em></strong></span> 
     </span>
     <span class='ocr_line' id='line_1_41' title="bbox 118 2457 778 2509; baseline 0.003 -15"><span class='ocrx_word' id='word_1_180' title='bbox 118 2457 177 2495; x_wconf 81' lang='lat' dir='ltr'>De</span> <span class='ocrx_word' id='word_1_181' title='bbox 198 2457 337 2496; x_wconf 77' lang='lat' dir='ltr'>Persico</span> <span class='ocrx_word' id='word_1_182' title='bbox 359 2462 441 2497; x_wconf 75' lang='lat' dir='ltr'>sinu</span> <span class='ocrx_word' id='word_1_183' title='bbox 457 2462 592 2509; x_wconf 83' lang='lat' dir='ltr'>cogitat</span> <span class='ocrx_word' id='word_1_184' title='bbox 613 2461 778 2508; x_wconf 78' lang='lat' dir='ltr'>Breiger.</span> 
     </span>
     <span class='ocr_line' id='line_1_42' title="bbox 119 2513 782 2565; baseline 0.005 -15"><span class='ocrx_word' id='word_1_185' title='bbox 119 2513 140 2550; x_wconf 90' lang='lat' dir='ltr'><strong>I.</strong></span> <span class='ocrx_word' id='word_1_186' title='bbox 157 2513 181 2550; x_wconf 90' lang='lat' dir='ltr'><strong>I.</strong></span> <span class='ocrx_word' id='word_1_187' title='bbox 199 2528 286 2565; x_wconf 82' lang='lat' dir='ltr'>pag.</span> <span class='ocrx_word' id='word_1_188' title='bbox 305 2519 371 2558; x_wconf 78' lang='lat'><strong>72.</strong></span> <span class='ocrx_word' id='word_1_189' title='bbox 423 2518 541 2562; x_wconf 84' lang='lat' dir='ltr'><strong>Quem</strong></span> <span class='ocrx_word' id='word_1_190' title='bbox 568 2519 683 2555; x_wconf 85' lang='lat' dir='ltr'>sinum</span> <span class='ocrx_word' id='word_1_191' title='bbox 702 2517 782 2555; x_wconf 87' lang='lat' dir='ltr'>No-</span> 
     </span>
     <span class='ocr_line' id='line_1_43' title="bbox 119 2574 781 2621; baseline 0.003 -13"><span class='ocrx_word' id='word_1_192' title='bbox 119 2574 197 2608; x_wconf 84' lang='lat' dir='ltr'>ster</span> <span class='ocrx_word' id='word_1_193' title='bbox 217 2599 225 2615; x_wconf 93' lang='lat'>,</span> <span class='ocrx_word' id='word_1_194' title='bbox 263 2585 343 2610; x_wconf 90' lang='lat' dir='ltr'>cum</span> <span class='ocrx_word' id='word_1_195' title='bbox 374 2574 432 2610; x_wconf 82' lang='lat' dir='ltr'>vix</span> <span class='ocrx_word' id='word_1_196' title='bbox 463 2575 623 2621; x_wconf 80' lang='lat' dir='ltr'>noverit,</span> <span class='ocrx_word' id='word_1_197' title='bbox 662 2574 781 2612; x_wconf 83' lang='lat' dir='ltr'>latiori</span> 
     </span>
     <span class='ocr_line' id='line_1_44' title="bbox 121 2627 781 2681; baseline 0.008 -17"><span class='ocrx_word' id='word_1_198' title='bbox 121 2627 364 2665; x_wconf 79' lang='lat' dir='ltr'>meridionalis</span> <span class='ocrx_word' id='word_1_199' title='bbox 400 2631 509 2667; x_wconf 85' lang='lat' dir='ltr'>maris</span> <span class='ocrx_word' id='word_1_200' title='bbox 535 2631 781 2681; x_wconf 74' lang='lat' dir='ltr'>appellatione</span> 
     </span>
     <span class='ocr_line' id='line_1_45' title="bbox 121 2683 781 2738; baseline 0.006 -18"><span class='ocrx_word' id='word_1_201' title='bbox 121 2683 393 2734; x_wconf 82' lang='lat' dir='ltr'>complectitur,</span> <span class='ocrx_word' id='word_1_202' title='bbox 439 2688 487 2723; x_wconf 82' lang='lat' dir='ltr'>ad</span> <span class='ocrx_word' id='word_1_203' title='bbox 527 2688 628 2735; x_wconf 87' lang='lat' dir='ltr'>quod</span> <span class='ocrx_word' id='word_1_204' title='bbox 662 2688 781 2738; x_wconf 81' lang='lat' dir='ltr'>ipsum</span> 
     </span>
     <span class='ocr_line' id='line_1_46' title="bbox 122 2740 780 2793; baseline 0.011 -17"><span class='ocrx_word' id='word_1_205' title='bbox 122 2740 178 2777; x_wconf 88' lang='lat' dir='ltr'>hic</span> <span class='ocrx_word' id='word_1_206' title='bbox 202 2741 302 2777; x_wconf 82' lang='lat' dir='ltr'>sinus</span> <span class='ocrx_word' id='word_1_207' title='bbox 321 2743 489 2790; x_wconf 82' lang='lat' dir='ltr'>pertinet.</span> <span class='ocrx_word' id='word_1_208' title='bbox 520 2744 780 2793; x_wconf 80' lang='lat' dir='ltr'>Vid.Breiger.</span> 
     </span>
     <span class='ocr_line' id='line_1_47' title="bbox 123 2796 782 2851; baseline 0.006 -17"><span class='ocrx_word' id='word_1_209' title='bbox 123 2796 146 2834; x_wconf 84' lang='lat' dir='ltr'>l.</span> <span class='ocrx_word' id='word_1_210' title='bbox 166 2798 189 2834; x_wconf 92' lang='lat' dir='ltr'><strong>I.</strong></span> <span class='ocrx_word' id='word_1_211' title='bbox 211 2809 286 2846; x_wconf 78' lang='lat' dir='ltr'>pag</span> <span class='ocrx_word' id='word_1_212' title='bbox 306 2800 353 2838; x_wconf 84' lang='lat'>11</span> <span class='ocrx_word' id='word_1_213' title='bbox 368 2825 380 2844; x_wconf 92' lang='lat'>,</span> <span class='ocrx_word' id='word_1_214' title='bbox 402 2799 557 2837; x_wconf 88' lang='lat' dir='ltr'>Rennel.</span> <span class='ocrx_word' id='word_1_215' title='bbox 579 2813 666 2851; x_wconf 84' lang='lat' dir='ltr'>pag.</span> <span class='ocrx_word' id='word_1_216' title='bbox 687 2799 782 2842; x_wconf 83' lang='lat'><strong>455.</strong></span> 
     </span>
    </p>

    <p class='ocr_par' dir='ltr' id='par_1_16' title="bbox 173 2853 463 2894">
     <span class='ocr_line' id='line_1_48' title="bbox 173 2853 463 2894; baseline 0.01 -4"><span class='ocrx_word' id='word_1_217' title='bbox 173 2853 387 2893; x_wconf 67' lang='lat' dir='ltr'>meonor.</span> <span class='ocrx_word' id='word_1_218' title='bbox 416 2855 463 2894; x_wconf 88' lang='grc' dir='ltr'>ΙΙ.</span> 
     </span>
    </p>
   </div>
   <div class='ocr_carea' id='block_1_14' title="bbox 835 982 1505 2846">
    <p class='ocr_par' dir='ltr' id='par_1_17' title="bbox 836 982 1503 1133">
     <span class='ocr_line' id='line_1_49' title="bbox 836 982 1503 1030; baseline -0.003 -7"><span class='ocrx_word' id='word_1_219' title='bbox 836 985 934 1030; x_wconf 75' lang='grc'>463,</span> <span class='ocrx_word' id='word_1_220' title='bbox 954 982 1169 1021; x_wconf 87' lang='lat' dir='ltr'>Tzschucke</span> <span class='ocrx_word' id='word_1_221' title='bbox 1190 983 1238 1019; x_wconf 87' lang='lat' dir='ltr'>ad</span> <span class='ocrx_word' id='word_1_222' title='bbox 1262 982 1350 1020; x_wconf 86' lang='lat' dir='ltr'>Mel.</span> <span class='ocrx_word' id='word_1_223' title='bbox 1373 982 1446 1029; x_wconf 91' lang='lat' dir='ltr'>III,</span> <span class='ocrx_word' id='word_1_224' title='bbox 1478 984 1503 1021; x_wconf 85' lang='grc'>8</span> 
     </span>
     <span class='ocr_line' id='line_1_50' title="bbox 836 1039 1503 1089; baseline 0.001 -14"><span class='ocrx_word' id='word_1_225' title='bbox 836 1039 914 1075; x_wconf 87' lang='lat' dir='ltr'>init.</span> <span class='ocrx_word' id='word_1_226' title='bbox 936 1053 1022 1089; x_wconf 82' lang='lat' dir='ltr'>pag.</span> <span class='ocrx_word' id='word_1_227' title='bbox 1034 1042 1115 1079; x_wconf 80' lang='lat'>278</span> <span class='ocrx_word' id='word_1_228' title='bbox 1134 1052 1239 1089; x_wconf 87' lang='lat' dir='ltr'>seqq.</span> <span class='ocrx_word' id='word_1_229' title='bbox 1261 1043 1354 1075; x_wconf 88' lang='lat' dir='ltr'>nott.</span> <span class='ocrx_word' id='word_1_230' title='bbox 1374 1052 1503 1088; x_wconf 80' lang='lat' dir='ltr'>exegg.</span> 
     </span>
     <span class='ocr_line' id='line_1_51' title="bbox 838 1095 1137 1133; baseline -0.003 -1"><span class='ocrx_word' id='word_1_231' title='bbox 838 1095 918 1133; x_wconf 89' lang='lat' dir='ltr'>Vol.</span> <span class='ocrx_word' id='word_1_232' title='bbox 946 1096 993 1133; x_wconf 90' lang='lat' dir='ltr'>III</span> <span class='ocrx_word' id='word_1_233' title='bbox 1014 1096 1054 1133; x_wconf 79' lang='lat' dir='ltr'><strong>P.</strong></span> <span class='ocrx_word' id='word_1_234' title='bbox 1077 1095 1137 1132; x_wconf 88' lang='grc' dir='ltr'><strong>ΙΙΙ.</strong></span> 
     </span>
    </p>

    <p class='ocr_par' dir='ltr' id='par_1_18' title="bbox 835 1147 1505 2269">
     <span class='ocr_line' id='line_1_52' title="bbox 893 1147 1505 1202; baseline -0.002 -12"><span class='ocrx_word' id='word_1_235' title='bbox 893 1148 1046 1190; x_wconf 79' lang='grc' dir='ltr'><strong><em>τούτων</em></strong></span> <span class='ocrx_word' id='word_1_236' title='bbox 1064 1147 1096 1190; x_wconf 83' lang='grc' dir='ltr'>ὁ’</span> <span class='ocrx_word' id='word_1_237' title='bbox 1107 1149 1390 1202; x_wconf 67' lang='grc' dir='ltr'><strong><em>ὑπεροικέουσι</em></strong></span> <span class='ocrx_word' id='word_1_238' title='bbox 1403 1149 1505 1202; x_wconf 75' lang='grc' dir='ltr'><strong><em>πρὸς</em></strong></span> 
     </span>
     <span class='ocr_line' id='line_1_53' title="bbox 837 1204 1502 1259; baseline -0.002 -12"><span class='ocrx_word' id='word_1_239' title='bbox 837 1207 965 1259; x_wconf 85' lang='grc' dir='ltr'><strong><em>βορέω</em></strong></span> <span class='ocrx_word' id='word_1_240' title='bbox 986 1204 1149 1258; x_wconf 75' lang='grc' dir='ltr'><strong><em>οἷνέμου,</em></strong></span> <span class='ocrx_word' id='word_1_241' title='bbox 1168 1209 1327 1259; x_wconf 72' lang='grc' dir='ltr'>Μῆδοι]</span> <span class='ocrx_word' id='word_1_242' title='bbox 1349 1205 1502 1247; x_wconf 67' lang='grc' dir='ltr'><strong><em>τούτων</em></strong></span> 
     </span>
     <span class='ocr_line' id='line_1_54' title="bbox 835 1265 1503 1315; baseline -0.003 -12"><span class='ocrx_word' id='word_1_243' title='bbox 835 1278 918 1303; x_wconf 91' lang='lat' dir='ltr'>cum</span> <span class='ocrx_word' id='word_1_244' title='bbox 945 1265 1063 1302; x_wconf 63' lang='lat' dir='ltr'>Gaisf‘.</span> <span class='ocrx_word' id='word_1_245' title='bbox 1092 1270 1130 1303; x_wconf 91' lang='lat' dir='ltr'>et</span> <span class='ocrx_word' id='word_1_246' title='bbox 1159 1265 1290 1302; x_wconf 79' lang='lat' dir='ltr'>Matth.</span> <span class='ocrx_word' id='word_1_247' title='bbox 1320 1266 1405 1302; x_wconf 84' lang='lat' dir='ltr'>dedi</span> <span class='ocrx_word' id='word_1_248' title='bbox 1435 1278 1503 1315; x_wconf 88' lang='lat' dir='ltr'>pro</span> 
     </span>
     <span class='ocr_line' id='line_1_55' title="bbox 835 1320 1503 1372; baseline -0.004 -11"><span class='ocrx_word' id='word_1_249' title='bbox 835 1320 1020 1361; x_wconf 83' lang='grc' dir='ltr'><strong><em>τουτέων.</em></strong></span> <span class='ocrx_word' id='word_1_250' title='bbox 1047 1343 1102 1349; x_wconf 90' lang='lat'>—</span> <span class='ocrx_word' id='word_1_251' title='bbox 1144 1322 1232 1359; x_wconf 83' lang='lat' dir='ltr'>Mox</span> <span class='ocrx_word' id='word_1_252' title='bbox 1259 1321 1400 1372; x_wconf 81' lang='lat' dir='ltr'>aliquot</span> <span class='ocrx_word' id='word_1_253' title='bbox 1420 1321 1503 1359; x_wconf 87' lang='lat' dir='ltr'>libri</span> 
     </span>
     <span class='ocr_line' id='line_1_56' title="bbox 835 1375 1505 1431; baseline -0.004 -13"><span class='ocrx_word' id='word_1_254' title='bbox 835 1375 933 1431; x_wconf 82' lang='grc' dir='ltr'><strong><em>πρὸς</em></strong></span> <span class='ocrx_word' id='word_1_255' title='bbox 954 1379 1101 1431; x_wconf 79' lang='grc' dir='ltr'><strong><em>βορέην</em></strong></span> <span class='ocrx_word' id='word_1_256' title='bbox 1123 1376 1288 1429; x_wconf 74' lang='grc' dir='ltr'><strong><em>ἄνεμον,</em></strong></span> <span class='ocrx_word' id='word_1_257' title='bbox 1314 1379 1416 1428; x_wconf 88' lang='lat' dir='ltr'>quod</span> <span class='ocrx_word' id='word_1_258' title='bbox 1438 1391 1505 1416; x_wconf 92' lang='lat' dir='ltr'>nec</span> 
     </span>
     <span class='ocr_line' id='line_1_57' title="bbox 837 1435 1505 1487; baseline -0.001 -14"><span class='ocrx_word' id='word_1_259' title='bbox 837 1437 955 1487; x_wconf 88' lang='lat' dir='ltr'>ipsum</span> <span class='ocrx_word' id='word_1_260' title='bbox 985 1438 1032 1473; x_wconf 87' lang='lat' dir='ltr'>ab</span> <span class='ocrx_word' id='word_1_261' title='bbox 1068 1449 1136 1473; x_wconf 90' lang='lat' dir='ltr'>usu</span> <span class='ocrx_word' id='word_1_262' title='bbox 1161 1437 1348 1487; x_wconf 86' lang='lat' dir='ltr'>scriptoris</span> <span class='ocrx_word' id='word_1_263' title='bbox 1369 1435 1505 1472; x_wconf 80' lang='lat' dir='ltr'>abhor-</span> 
     </span>
     <span class='ocr_line' id='line_1_58' title="bbox 836 1491 1504 1544; baseline 0.001 -13"><span class='ocrx_word' id='word_1_264' title='bbox 836 1499 901 1531; x_wconf 87' lang='lat' dir='ltr'>ret.</span> <span class='ocrx_word' id='word_1_265' title='bbox 944 1494 1003 1531; x_wconf 88' lang='lat' dir='ltr'>Cf.</span> <span class='ocrx_word' id='word_1_266' title='bbox 1032 1492 1165 1530; x_wconf 79' lang='lat' dir='ltr'>Matth.</span> <span class='ocrx_word' id='word_1_267' title='bbox 1190 1493 1255 1530; x_wconf 90' lang='lat' dir='ltr'>Gr.</span> <span class='ocrx_word' id='word_1_268' title='bbox 1277 1493 1340 1530; x_wconf 91' lang='lat' dir='ltr'>Gr.</span> <span class='ocrx_word' id='word_1_269' title='bbox 1362 1491 1398 1544; x_wconf 62' lang='grc' dir='ltr'>ἓ.</span> <span class='ocrx_word' id='word_1_270' title='bbox 1422 1492 1504 1534; x_wconf 86' lang='grc'>590</span> 
     </span>
     <span class='ocr_line' id='line_1_59' title="bbox 836 1549 1504 1602; baseline -0.001 -15"><span class='ocrx_word' id='word_1_271' title='bbox 836 1565 871 1602; x_wconf 78' lang='lat' dir='ltr'><strong>y.</strong></span> <span class='ocrx_word' id='word_1_272' title='bbox 893 1563 978 1600; x_wconf 81' lang='lat' dir='ltr'>pag.</span> <span class='ocrx_word' id='word_1_273' title='bbox 1002 1552 1122 1591; x_wconf 83' lang='lat'><strong>1179.</strong></span> <span class='ocrx_word' id='word_1_274' title='bbox 1158 1550 1296 1587; x_wconf 86' lang='lat' dir='ltr'>Herod.</span> <span class='ocrx_word' id='word_1_275' title='bbox 1319 1549 1376 1596; x_wconf 89' lang='lat' dir='ltr'>II,</span> <span class='ocrx_word' id='word_1_276' title='bbox 1410 1551 1504 1590; x_wconf 77' lang='lat'><strong>121.</strong></span> 
     </span>
     <span class='ocr_line' id='line_1_60' title="bbox 836 1602 1503 1656; baseline -0.003 -12"><span class='ocrx_word' id='word_1_277' title='bbox 836 1608 962 1656; x_wconf 89' lang='lat' dir='ltr'>ibique</span> <span class='ocrx_word' id='word_1_278' title='bbox 983 1611 1075 1643; x_wconf 87' lang='lat' dir='ltr'>nott.</span> <span class='ocrx_word' id='word_1_279' title='bbox 1098 1606 1170 1653; x_wconf 92' lang='lat' dir='ltr'>lV‚</span> <span class='ocrx_word' id='word_1_280' title='bbox 1198 1608 1262 1647; x_wconf 78' lang='lat'><strong>38.</strong></span> <span class='ocrx_word' id='word_1_281' title='bbox 1296 1607 1350 1643; x_wconf 91' lang='lat' dir='ltr'>De</span> <span class='ocrx_word' id='word_1_282' title='bbox 1376 1602 1503 1655; x_wconf 59' lang='lat' dir='ltr'>Sci-&#39;cpi-</span> 
     </span>
     <span class='ocr_line' id='line_1_61' title="bbox 836 1660 1500 1710; baseline -0.003 -10"><span class='ocrx_word' id='word_1_283' title='bbox 836 1665 934 1700; x_wconf 73' lang='lat' dir='ltr'>rz&#39;bus</span> <span class='ocrx_word' id='word_1_284' title='bbox 954 1665 1110 1701; x_wconf 81' lang='lat' dir='ltr'>diximus</span> <span class='ocrx_word' id='word_1_285' title='bbox 1130 1664 1220 1710; x_wconf 82' lang='lat' dir='ltr'>adl,</span> <span class='ocrx_word' id='word_1_286' title='bbox 1245 1662 1413 1710; x_wconf 61' lang='lat'>104111,</span> <span class='ocrx_word' id='word_1_287' title='bbox 1434 1660 1500 1702; x_wconf 78' lang='grc'>94.</span> 
     </span>
     <span class='ocr_line' id='line_1_62' title="bbox 837 1720 1501 1769; baseline -0.003 -11"><span class='ocrx_word' id='word_1_288' title='bbox 837 1722 948 1758; x_wconf 85' lang='lat' dir='ltr'>Cuius</span> <span class='ocrx_word' id='word_1_289' title='bbox 979 1721 1101 1769; x_wconf 64' lang='lat' dir='ltr'>gentis</span> <span class='ocrx_word' id='word_1_290' title='bbox 1127 1733 1259 1757; x_wconf 85' lang='lat' dir='ltr'>nomen</span> <span class='ocrx_word' id='word_1_291' title='bbox 1292 1720 1389 1756; x_wconf 83' lang='lat' dir='ltr'>idem</span> <span class='ocrx_word' id='word_1_292' title='bbox 1417 1732 1501 1757; x_wconf 85' lang='lat' dir='ltr'>esse</span> 
     </span>
     <span class='ocr_line' id='line_1_63' title="bbox 837 1775 1500 1828; baseline -0.002 -15"><span class='ocrx_word' id='word_1_293' title='bbox 837 1778 1025 1815; x_wconf 82' lang='lat' dir='ltr'>contendit</span> <span class='ocrx_word' id='word_1_294' title='bbox 1038 1778 1172 1814; x_wconf 87' lang='lat' dir='ltr'>Ritter.</span> <span class='ocrx_word' id='word_1_295' title='bbox 1206 1775 1393 1828; x_wconf 77' lang='lat' dir='ltr'>(Vorlialle</span> <span class='ocrx_word' id='word_1_296' title='bbox 1417 1788 1500 1826; x_wconf 82' lang='lat' dir='ltr'>pag.</span> 
     </span>
     <span class='ocr_line' id='line_1_64' title="bbox 842 1831 1501 1885; baseline -0.011 -10"><span class='ocrx_word' id='word_1_297' title='bbox 842 1836 993 1875; x_wconf 75' lang='lat'>129-—</span> <span class='ocrx_word' id='word_1_298' title='bbox 1031 1835 1116 1874; x_wconf 82' lang='lat'><strong>131.</strong></span> <span class='ocrx_word' id='word_1_299' title='bbox 1152 1831 1248 1885; x_wconf 78' lang='lat'>140)</span> <span class='ocrx_word' id='word_1_300' title='bbox 1280 1840 1391 1883; x_wconf 80' lang='lat' dir='ltr'>atque</span> <span class='ocrx_word' id='word_1_301' title='bbox 1411 1833 1501 1883; x_wconf 86' lang='lat' dir='ltr'>Iapi-</span> 
     </span>
     <span class='ocr_line' id='line_1_65' title="bbox 838 1890 1503 1940; baseline -0.002 -12"><span class='ocrx_word' id='word_1_302' title='bbox 838 1892 894 1928; x_wconf 84' lang='lat' dir='ltr'>dis</span> <span class='ocrx_word' id='word_1_303' title='bbox 921 1890 1051 1928; x_wconf 82' lang='lat' dir='ltr'>Lazuli</span> <span class='ocrx_word' id='word_1_304' title='bbox 1081 1903 1110 1927; x_wconf 91' lang='lat' dir='ltr'>s.</span> <span class='ocrx_word' id='word_1_305' title='bbox 1137 1891 1332 1940; x_wconf 85' lang='lat' dir='ltr'>Sapphiri,</span> <span class='ocrx_word' id='word_1_306' title='bbox 1365 1891 1503 1940; x_wconf 85' lang='lat' dir='ltr'>quippe</span> 
     </span>
     <span class='ocr_line' id='line_1_66' title="bbox 839 1948 1504 1998; baseline 0 -14"><span class='ocrx_word' id='word_1_307' title='bbox 839 1949 901 1998; x_wconf 89' lang='lat' dir='ltr'>qui</span> <span class='ocrx_word' id='word_1_308' title='bbox 933 1949 969 1984; x_wconf 87' lang='lat' dir='ltr'>in</span> <span class='ocrx_word' id='word_1_309' title='bbox 994 1948 1097 1984; x_wconf 88' lang='lat' dir='ltr'>huius</span> <span class='ocrx_word' id='word_1_310' title='bbox 1124 1948 1245 1997; x_wconf 85' lang='lat' dir='ltr'>gentis</span> <span class='ocrx_word' id='word_1_311' title='bbox 1265 1948 1412 1984; x_wconf 87' lang='lat' dir='ltr'>sedibus</span> <span class='ocrx_word' id='word_1_312' title='bbox 1436 1960 1504 1997; x_wconf 82' lang='lat' dir='ltr'>pa-</span> 
     </span>
     <span class='ocr_line' id='line_1_67' title="bbox 838 2004 1504 2054; baseline -0.005 -12"><span class='ocrx_word' id='word_1_313' title='bbox 838 2005 918 2042; x_wconf 89' lang='lat' dir='ltr'>triis</span> <span class='ocrx_word' id='word_1_314' title='bbox 947 2005 1049 2042; x_wconf 88' lang='lat' dir='ltr'>unice</span> <span class='ocrx_word' id='word_1_315' title='bbox 1083 2005 1308 2054; x_wconf 83' lang='lat' dir='ltr'>reperiatur,</span> <span class='ocrx_word' id='word_1_316' title='bbox 1337 2004 1373 2040; x_wconf 87' lang='lat' dir='ltr'>in</span> <span class='ocrx_word' id='word_1_317' title='bbox 1400 2004 1504 2040; x_wconf 83' lang='lat' dir='ltr'>India</span> 
     </span>
     <span class='ocr_line' id='line_1_68' title="bbox 838 2060 1504 2112; baseline 0 -14"><span class='ocrx_word' id='word_1_318' title='bbox 838 2062 1036 2112; x_wconf 87' lang='lat' dir='ltr'>superiori,</span> <span class='ocrx_word' id='word_1_319' title='bbox 1085 2061 1265 2107; x_wconf 83' lang='lat' dir='ltr'>Seriuda,</span> <span class='ocrx_word' id='word_1_320' title='bbox 1322 2060 1504 2098; x_wconf 83' lang='lat' dir='ltr'>Buddhae</span> 
     </span>
     <span class='ocr_line' id='line_1_69' title="bbox 836 2117 1503 2168; baseline -0.003 -13"><span class='ocrx_word' id='word_1_321' title='bbox 836 2118 935 2156; x_wconf 84' lang='lat' dir='ltr'>cultu</span> <span class='ocrx_word' id='word_1_322' title='bbox 961 2118 1119 2168; x_wconf 79' lang='lat' dir='ltr'>insigni,</span> <span class='ocrx_word' id='word_1_323' title='bbox 1150 2118 1249 2154; x_wconf 87' lang='lat' dir='ltr'>unde</span> <span class='ocrx_word' id='word_1_324' title='bbox 1265 2117 1420 2167; x_wconf 86' lang='lat' dir='ltr'>profecti</span> <span class='ocrx_word' id='word_1_325' title='bbox 1440 2130 1503 2154; x_wconf 87' lang='lat' dir='ltr'>co—</span> 
     </span>
     <span class='ocr_line' id='line_1_70' title="bbox 837 2174 1503 2225; baseline -0.002 -13"><span class='ocrx_word' id='word_1_326' title='bbox 837 2175 912 2213; x_wconf 89' lang='lat' dir='ltr'>loni</span> <span class='ocrx_word' id='word_1_327' title='bbox 958 2176 1006 2213; x_wconf 88' lang='lat' dir='ltr'>ad</span> <span class='ocrx_word' id='word_1_328' title='bbox 1043 2175 1191 2212; x_wconf 84' lang='lat' dir='ltr'>fluvium</span> <span class='ocrx_word' id='word_1_329' title='bbox 1226 2174 1351 2211; x_wconf 83' lang='lat' dir='ltr'>Koros</span> <span class='ocrx_word' id='word_1_330' title='bbox 1386 2187 1503 2225; x_wconf 87' lang='lat' dir='ltr'>prope</span> 
     </span>
     <span class='ocr_line' id='line_1_71' title="bbox 838 2231 1264 2269; baseline -0.005 0"><span class='ocrx_word' id='word_1_331' title='bbox 838 2231 997 2269; x_wconf 90' lang='lat' dir='ltr'>Colchos</span> <span class='ocrx_word' id='word_1_332' title='bbox 1018 2231 1264 2269; x_wconf 88' lang='lat' dir='ltr'>consederint.</span> 
     </span>
    </p>

    <p class='ocr_par' dir='ltr' id='par_1_19' title="bbox 835 2282 1502 2562">
     <span class='ocr_line' id='line_1_72' title="bbox 896 2282 1500 2340; baseline -0.005 -13"><span class='ocrx_word' id='word_1_333' title='bbox 896 2287 960 2327; x_wconf 79' lang='grc' dir='ltr'>ἐπὶ</span> <span class='ocrx_word' id='word_1_334' title='bbox 985 2285 1062 2340; x_wconf 83' lang='grc' dir='ltr'>τήν</span> <span class='ocrx_word' id='word_1_335' title='bbox 1081 2288 1254 2339; x_wconf 75' lang='grc' dir='ltr'><strong><em>βορηίην</em></strong></span> <span class='ocrx_word' id='word_1_336' title='bbox 1273 2282 1500 2336; x_wconf 76' lang='grc' dir='ltr'><strong><em>θάλασσαν]</em></strong></span> 
     </span>
     <span class='ocr_line' id='line_1_73' title="bbox 835 2345 1500 2394; baseline -0.006 -11"><span class='ocrx_word' id='word_1_337' title='bbox 835 2345 1166 2392; x_wconf 74' lang='lat' dir='ltr'>Mediterraneum,</span> <span class='ocrx_word' id='word_1_338' title='bbox 1215 2345 1318 2394; x_wconf 93' lang='lat' dir='ltr'>quod</span> <span class='ocrx_word' id='word_1_339' title='bbox 1355 2348 1500 2389; x_wconf 82' lang='lat' dir='ltr'>vocant,</span> 
     </span>
     <span class='ocr_line' id='line_1_74' title="bbox 836 2400 1500 2452; baseline -0.005 -13"><span class='ocrx_word' id='word_1_340' title='bbox 836 2416 934 2440; x_wconf 81' lang='lat' dir='ltr'>mare</span> <span class='ocrx_word' id='word_1_341' title='bbox 950 2403 1240 2452; x_wconf 84' lang='lat' dir='ltr'>intelligendum.</span> <span class='ocrx_word' id='word_1_342' title='bbox 1267 2401 1350 2438; x_wconf 88' lang='lat' dir='ltr'>Vid.</span> <span class='ocrx_word' id='word_1_343' title='bbox 1368 2400 1413 2445; x_wconf 84' lang='lat'>11,</span> <span class='ocrx_word' id='word_1_344' title='bbox 1437 2402 1500 2439; x_wconf 87' lang='lat'>11.</span> 
     </span>
     <span class='ocr_line' id='line_1_75' title="bbox 839 2456 1502 2510; baseline -0.012 -9"><span class='ocrx_word' id='word_1_345' title='bbox 839 2460 920 2502; x_wconf 89' lang='grc'>158</span> <span class='ocrx_word' id='word_1_346' title='bbox 967 2460 1056 2510; x_wconf 87' lang='lat' dir='ltr'>ibiq.</span> <span class='ocrx_word' id='word_1_347' title='bbox 1106 2463 1200 2496; x_wconf 83' lang='lat' dir='ltr'>nott.</span> <span class='ocrx_word' id='word_1_348' title='bbox 1265 2457 1324 2496; x_wconf 91' lang='lat' dir='ltr'>De</span> <span class='ocrx_word' id='word_1_349' title='bbox 1373 2456 1502 2503; x_wconf 66' lang='lat' dir='ltr'>Phasi,</span> 
     </span>
     <span class='ocr_line' id='line_1_76' title="bbox 835 2513 1461 2562; baseline -0.006 -7"><span class='ocrx_word' id='word_1_350' title='bbox 835 2517 947 2555; x_wconf 84' lang='lat' dir='ltr'>Asiae</span> <span class='ocrx_word' id='word_1_351' title='bbox 971 2518 1148 2562; x_wconf 88' lang='lat' dir='ltr'>termino,</span> <span class='ocrx_word' id='word_1_352' title='bbox 1179 2516 1274 2552; x_wconf 88' lang='lat' dir='ltr'>conf.</span> <span class='ocrx_word' id='word_1_353' title='bbox 1292 2513 1363 2562; x_wconf 91' lang='lat' dir='ltr'>IV,</span> <span class='ocrx_word' id='word_1_354' title='bbox 1395 2514 1461 2555; x_wconf 83' lang='lat'><strong>45.</strong></span> 
     </span>
    </p>

    <p class='ocr_par' dir='ltr' id='par_1_20' title="bbox 989 2571 1343 2625">
     <span class='ocr_line' id='line_1_77' title="bbox 989 2571 1343 2625; baseline -0.008 -14"><span class='ocrx_word' id='word_1_355' title='bbox 989 2574 1102 2625; x_wconf 87' lang='lat' dir='ltr'>Cap.</span> <span class='ocrx_word' id='word_1_356' title='bbox 1134 2571 1343 2609; x_wconf 88' lang='lat' dir='ltr'><strong>XXXVIII.</strong></span> 
     </span>
    </p>

    <p class='ocr_par' dir='ltr' id='par_1_21' title="bbox 838 2626 1504 2846">
     <span class='ocr_line' id='line_1_78' title="bbox 895 2626 1504 2682; baseline -0.013 -12"><span class='ocrx_word' id='word_1_357' title='bbox 895 2627 940 2670; x_wconf 76' lang='grc' dir='ltr'>τό</span> <span class='ocrx_word' id='word_1_358' title='bbox 962 2626 1065 2682; x_wconf 80' lang='grc' dir='ltr'><strong><em>πρός</em></strong></span> <span class='ocrx_word' id='word_1_359' title='bbox 1085 2627 1273 2681; x_wconf 73' lang='grc' dir='ltr'><strong><em>ἑσπέρης]</em></strong></span> <span class='ocrx_word' id='word_1_360' title='bbox 1297 2629 1354 2665; x_wconf 85' lang='lat' dir='ltr'>Ita</span> <span class='ocrx_word' id='word_1_361' title='bbox 1376 2627 1504 2665; x_wconf 85' lang='lat' dir='ltr'>melio-</span> 
     </span>
     <span class='ocr_line' id='line_1_79' title="bbox 838 2688 1502 2736; baseline -0.011 -10"><span class='ocrx_word' id='word_1_362' title='bbox 838 2701 897 2726; x_wconf 89' lang='lat' dir='ltr'>res</span> <span class='ocrx_word' id='word_1_363' title='bbox 940 2688 1039 2735; x_wconf 87' lang='lat' dir='ltr'>libri,</span> <span class='ocrx_word' id='word_1_364' title='bbox 1089 2700 1182 2736; x_wconf 88' lang='lat' dir='ltr'>quos</span> <span class='ocrx_word' id='word_1_365' title='bbox 1227 2689 1371 2722; x_wconf 85' lang='lat' dir='ltr'>secutus</span> <span class='ocrx_word' id='word_1_366' title='bbox 1413 2695 1502 2719; x_wconf 88' lang='lat' dir='ltr'>sum.</span> 
     </span>
     <span class='ocr_line' id='line_1_80' title="bbox 841 2738 1504 2794; baseline -0.011 -13"><span class='ocrx_word' id='word_1_367' title='bbox 841 2744 939 2782; x_wconf 91' lang='lat' dir='ltr'>Olim</span> <span class='ocrx_word' id='word_1_368' title='bbox 960 2741 1005 2783; x_wconf 67' lang='grc' dir='ltr'><strong><em>το“</em></strong></span> <span class='ocrx_word' id='word_1_369' title='bbox 1022 2741 1124 2794; x_wconf 86' lang='grc' dir='ltr'><strong><em>πρὸς</em></strong></span> <span class='ocrx_word' id='word_1_370' title='bbox 1149 2740 1331 2790; x_wconf 76' lang='grc' dir='ltr'><strong><em>ἕσπέρην.</em></strong></span> <span class='ocrx_word' id='word_1_371' title='bbox 1364 2740 1421 2777; x_wconf 89' lang='lat' dir='ltr'>Cf.</span> <span class='ocrx_word' id='word_1_372' title='bbox 1441 2738 1504 2785; x_wconf 86' lang='lat' dir='ltr'>IV,</span> 
     </span>
     <span class='ocr_line' id='line_1_81' title="bbox 841 2796 1504 2846; baseline -0.012 -6"><span class='ocrx_word' id='word_1_373' title='bbox 841 2803 906 2842; x_wconf 82' lang='lat'><strong>37.</strong></span> <span class='ocrx_word' id='word_1_374' title='bbox 977 2801 1086 2845; x_wconf 83' lang='lat' dir='ltr'>Quae</span> <span class='ocrx_word' id='word_1_375' title='bbox 1130 2801 1335 2846; x_wconf 86' lang='lat' dir='ltr'>sequuntur</span> <span class='ocrx_word' id='word_1_376' title='bbox 1380 2796 1504 2841; x_wconf 85' lang='lat' dir='ltr'>verba,</span> 
     </span>
    </p>
   </div>
   <div class='ocr_carea' id='block_1_15' title="bbox 1177 2855 1231 2895">
    <p class='ocr_par' dir='ltr' id='par_1_22' title="bbox 1177 2855 1231 2895">
     <span class='ocr_line' id='line_1_82' title="bbox 1177 2855 1231 2895; baseline -0.037 0"><span class='ocrx_word' id='word_1_377' title='bbox 1177 2855 1231 2895; x_wconf 82' lang='lat'>23</span> 
     </span>
    </p>
   </div>
   <div class='ocr_carea' id='block_1_16' title="bbox 1500 398 1777 495">
    <p class='ocr_par' dir='ltr' id='par_1_23' title="bbox 1500 398 1777 495">
     <span class='ocr_line' id='line_1_83' title="bbox 1502 398 1777 435; baseline 0.004 -8"><span class='ocrx_word' id='word_1_378' title='bbox 1502 398 1547 424; x_wconf 74' lang='lat' dir='ltr'>G(-</span> <span class='ocrx_word' id='word_1_379' title='bbox 1551 408 1606 433; x_wconf 79' lang='lat' dir='ltr'>org</span> <span class='ocrx_word' id='word_1_380' title='bbox 1609 401 1698 435; x_wconf 80' lang='lat' dir='ltr'>aphia</span> <span class='ocrx_word' id='word_1_381' title='bbox 1717 402 1777 428; x_wconf 79' lang='lat' dir='ltr'>Ile-</span> 
     </span>
     <span class='ocr_line' id='line_1_84' title="bbox 1501 420 1777 461; baseline 0.013 -3.479"><span class='ocrx_word' id='word_1_382' title='bbox 1501 420 1618 459; x_wconf 63' lang='lat' dir='ltr'>rodum</span> <span class='ocrx_word' id='word_1_383' title='bbox 1653 443 1670 460; x_wconf 79' lang='lat' dir='ltr'>a</span> <span class='ocrx_word' id='word_1_384' title='bbox 1704 444 1728 461; x_wconf 89' lang='grc' dir='ltr'>ιιι</span> <span class='ocrx_word' id='word_1_385' title='bbox 1733 436 1777 461; x_wconf 76' lang='lat' dir='ltr'>ari</span> 
     </span>
     <span class='ocr_line' id='line_1_85' title="bbox 1500 467 1763 495; baseline 0.015 -4"><span class='ocrx_word' id='word_1_386' title='bbox 1500 473 1538 491; x_wconf 80' lang='lat' dir='ltr'>au</span> <span class='ocrx_word' id='word_1_387' title='bbox 1543 471 1594 492; x_wconf 71' lang='lat' dir='ltr'>sr&#39;t</span> <span class='ocrx_word' id='word_1_388' title='bbox 1588 467 1626 493; x_wconf 66' lang='lat' dir='ltr'>ali</span> <span class='ocrx_word' id='word_1_389' title='bbox 1658 477 1709 494; x_wconf 71' lang='grc' dir='ltr'>»ιι-ιι</span> <span class='ocrx_word' id='word_1_390' title='bbox 1731 478 1763 495; x_wconf 83' lang='lat' dir='ltr'>ru</span> 
     </span>
    </p>
   </div>
   <div class='ocr_carea' id='block_1_17' title="bbox 1500 541 1669 626">
    <p class='ocr_par' dir='ltr' id='par_1_24' title="bbox 1520 541 1649 593">
     <span class='ocr_line' id='line_1_86' title="bbox 1527 541 1630 559; baseline 0.01 -1"><span class='ocrx_word' id='word_1_391' title='bbox 1527 541 1577 558; x_wconf 74' lang='lat' dir='ltr'>ffl&#39;l</span> <span class='ocrx_word' id='word_1_392' title='bbox 1596 542 1630 559; x_wconf 85' lang='lat' dir='ltr'>en</span> 
     </span>
     <span class='ocr_line' id='line_1_87' title="bbox 1500 568 1669 626; baseline 0 -33"><span class='ocrx_word' id='word_1_393' title='bbox 1500 574 1556 626; x_wconf 62' lang='grc' dir='ltr'>ι-ειιι</span> <span class='ocrx_word' id='word_1_394' title='bbox 1549 568 1615 593; x_wconf 86' lang='lat' dir='ltr'><strong>1I&#39;0</strong></span> <span class='ocrx_word' id='word_1_395' title='bbox 1620 572 1669 593; x_wconf 86' lang='grc' dir='ltr'>ιιι</span> 
     </span>
    </p>
   </div>
   <div class='ocr_carea' id='block_1_18' title="bbox 167 602 1781 695">
    <p class='ocr_par' dir='ltr' id='par_1_25' title="bbox 167 602 1781 695">
     <span class='ocr_line' id='line_1_88' title="bbox 167 602 1781 694; baseline 0 -32"><span class='ocrx_word' id='word_1_396' title='bbox 167 618 237 670; x_wconf 82' lang='grc' dir='ltr'>δὲ,</span> <span class='ocrx_word' id='word_1_397' title='bbox 267 617 528 670; x_wconf 81' lang='grc' dir='ltr'><strong><em>Σάσπειρες·</em></strong></span> <span class='ocrx_word' id='word_1_398' title='bbox 570 616 835 669; x_wconf 85' lang='grc' dir='ltr'><strong><em>Σασπείρων</em></strong></span> <span class='ocrx_word' id='word_1_399' title='bbox 864 614 931 665; x_wconf 78' lang='grc' dir='ltr'>δὲ,</span> <span class='ocrx_word' id='word_1_400' title='bbox 961 614 1148 668; x_wconf 83' lang='grc' dir='ltr'><strong><em>Κόλχοι,</em></strong></span> <span class='ocrx_word' id='word_1_401' title='bbox 1184 614 1445 671; x_wconf 82' lang='grc' dir='ltr'><strong><em>κατήκοντες</em></strong></span> <span class='ocrx_word' id='word_1_402' title='bbox 1500 609 1550 694; x_wconf 51' lang='lat' dir='ltr'>&#39;‘Mg</span> <span class='ocrx_word' id='word_1_403' title='bbox 1541 609 1609 694; x_wconf 44' lang='lat' dir='ltr'>lili?</span> <span class='ocrx_word' id='word_1_404' title='bbox 1611 602 1724 669; x_wconf 43' lang='lat' dir='ltr'>’Suilli&#39;</span> <span class='ocrx_word' id='word_1_405' title='bbox 1711 610 1781 668; x_wconf 67' lang='lat' dir='ltr'>nes}</span> 
     </span>
     <span class='ocr_line' id='line_1_89' title="bbox 1532 676 1620 695; baseline 0 0"><span class='ocrx_word' id='word_1_406' title='bbox 1532 676 1576 695; x_wconf 70' lang='lat'>01.</span> <span class='ocrx_word' id='word_1_407' title='bbox 1602 677 1620 695; x_wconf 92' lang='grc' dir='ltr'>Ι-</span> 
     </span>
    </p>
   </div>
   <div class='ocr_carea' id='block_1_19' title="bbox 1502 823 1781 891">
    <p class='ocr_par' dir='ltr' id='par_1_26' title="bbox 1502 823 1781 891">
     <span class='ocr_line' id='line_1_90' title="bbox 1502 823 1780 859; baseline -0.011 -7"><span class='ocrx_word' id='word_1_408' title='bbox 1502 824 1616 859; x_wconf 79' lang='lat' dir='ltr'>Duplex</span> <span class='ocrx_word' id='word_1_409' title='bbox 1601 824 1685 850; x_wconf 70' lang='grc' dir='ltr'>ιιειΑ</span> <span class='ocrx_word' id='word_1_410' title='bbox 1678 832 1725 850; x_wconf 78' lang='lat' dir='ltr'>iae</span> <span class='ocrx_word' id='word_1_411' title='bbox 1743 823 1780 849; x_wconf 86' lang='lat' dir='ltr'>ad</span> 
     </span>
     <span class='ocr_line' id='line_1_91' title="bbox 1504 858 1781 891; baseline -0.007 -5"><span class='ocrx_word' id='word_1_412' title='bbox 1504 858 1617 887; x_wconf 77' lang='lat' dir='ltr'>ochdei</span> <span class='ocrx_word' id='word_1_413' title='bbox 1620 864 1659 885; x_wconf 96' lang='grc' dir='ltr'>ιι</span> <span class='ocrx_word' id='word_1_414' title='bbox 1664 866 1690 884; x_wconf 85' lang='grc' dir='ltr'>ιιι</span> <span class='ocrx_word' id='word_1_415' title='bbox 1717 865 1781 891; x_wconf 84' lang='lat' dir='ltr'>ora,</span> 
     </span>
    </p>
   </div>
  </div>
 </body>
</html>
