1863 3256
535 204 883 248 THALIA.
941 205 1006 244 111.
1328 211 1411 250 185

138 332 281 377 ρουσι,
301 320 399 365 οὔτε
421 319 559 368 οἰκίας
577 318 808 374 νομίζουσι
825 315 1045 372 ἐκτῆσθαι·
1077 315 1399 370 ποιηφαγέουσι
1411 327 1454 359 60
1466 320 1567 345 '¹¹⁰'b0
1582 320 1684 347 ffiffli
1697 328 1744 347 ⁹⁰-

1469 353 1578 380 cedunt
1599 354 1628 381 iu
1647 355 1745 382 locum

139 395 207 447 δὲ,
246 394 318 438 καὶ
339 390 508 435 αὐτοῖσί
534 390 622 432 ἐστι
644 388 754 432 ὅσον
783 388 961 443 κέγχρος
989 386 1038 429 τὸ
1058 386 1252 441 μέγαθος
1274 385 1321 428 ἐν
1339 387 1412 428 κά·
1470 386 1573 414 ⁸⁰¹⁰¹¹¹·

137 470 258 516 λυκι,
291 460 539 517 αὐτόματον
556 460 602 503 ἐκ
623 464 698 516 τῆς
723 463 802 516 γῆς
822 457 1075 514 γινόμενον·
1113 456 1163 500 τό
1185 457 1413 512 συλλέγον-

109 543 229 587 Ξτες,
261 533 372 589 αὐτῇ
392 531 549 575 κάλυκι
568 531 726 583 ἕψουσί
745 547 789 574 τε
811 530 883 574 καὶ
903 528 1131 573 σιτέονται.
1165 525 1212 580 ὃς
1234 526 1275 572 δ’
1298 526 1353 571 ἂν
1375 527 1417 579 ἐς

137 611 301 651 νοῦσον
338 600 486 646 αὐτῶν
522 601 654 658 πέσῃ,
696 601 841 646 ἐλθών
871 602 914 652 ἐς
943 601 1021 656 τὴν
1053 601 1214 657 ἔρημον
1252 597 1415 642 κέεται·

139 676 356 733 φροντίζει
395 673 441 716 δὲ
483 672 629 724 οὐδεὶς
674 672 770 717 οὔτ’
811 672 1136 723 ἀποθανόντος,
1197 670 1296 715 οὔτε
1337 669 1468 714 xci-65

15 744 89 792 ²01
135 762 336 804 μνοντος.
395 745 525 796 Μίξις
555 744 600 788 δὲ
631 744 800 788 τούτων
822 749 911 787 τῶν
936 743 1086 787 Ἰνδῶν
1104 746 1193 786 τῶν
1211 743 1412 794 κατέλεξα
1471 743 1583 769 ⁰¹⁰⁰ssss
1601 741 1655 770 ¹¹³⁸
1673 751 1747 778 gen-

1470 781 1515 804 tes
1535 777 1564 802 ἰιι
1588 778 1747 811 propatulo

135 817 313 863 πάντων
342 815 540 873 ἐμφανής
565 815 675 867 ἐστι,
707 816 900 869 κατάπερ
932 820 1020 858 τῶν
1049 814 1308 871 προβάτων·
1339 814 1413 857 καὶ
1471 811 1571 837 ⁶⁰³¹⁰²
1591 815 1690 837 ‘mum
1712 811 1748 837 ⁵5⁸

1472 844 1622 883 colorem,
1652 849 1748 872 atram

1471 882 1641 912 genituram
1660 886 1726 904 esse
1740 887 1747 905 :

136 889 185 934 τὸ
214 892 366 945 χρῶμα
398 887 612 944 φορέουσι
643 887 796 932 ὁκοῖον
824 887 981 938 πάντες
1010 887 1082 931 καὶ
1107 885 1415 943 παραπλήσιον
1470 913 1591 946 „mgmg
1612 919 1631 939 a
1648 911 1750 939 Persis

80 1052 139 1084 tus
160 1046 320 1084 tenuisse
339 1048 476 1091 monet,
496 1057 632 1095 eosque
650 1045 748 1094 ipsos

82 1116 157 1141 non
181 1103 284 1139 aliter
302 1106 414 1151 atque
434 1102 543 1138 Indos
558 1115 587 1139 s.
603 1102 748 1138 Hindus

82 1172 229 1197 carnem
245 1159 458 1209 plerumque
472 1160 647 1204 aversari,
666 1157 746 1194 bel-

82 1217 213 1254 licosos
233 1215 443 1263 caeteroqui
462 1219 498 1252 et
511 1215 618 1252 valde
638 1215 747 1250 rudes

82 1272 140 1310 vel
170 1276 297 1308 nostra
329 1275 461 1308 aetate.
529 1272 634 1314 Quae
666 1284 746 1308 cum

81 1329 264 1367 Herodoti
283 1328 402 1365 verbis
422 1328 663 1374 conveniunt3
684 1340 752 1364 nec

83 1387 329 1434 refragantur,
353 1397 447 1434 quae
464 1385 511 1422 de
533 1385 639 1433 nigro
661 1385 752 1421 isto-

84 1455 162 1479 rum
192 1442 362 1478 lndorum
392 1441 512 1478 colore
536 1442 638 1478 Idem
668 1454 752 1491 per-

85 1498 253 1549 scripsit,
283 1510 362 1536 cum
392 1498 428 1535 in
454 1498 749 1535 meridionalibus

84 1555 212 1592 Indiae
244 1555 416 1592 tractibus
446 1555 612 1592 homines
643 1567 751 1605 repe-

83 1612 223 1648 riantur
263 1611 321 1649 vel
359 1624 509 1661 prorsus
553 1612 648 1660 nigri
692 1610 750 1648 vel

85 1681 238 1718 quorum
263 1667 361 1705 color
382 1669 431 1705 ad
454 1669 638 1718 nigritiam
664 1680 752 1720 pro-

85 1725 179 1762 xime
203 1725 364 1762 accedat.

147 1780 215 1820 καὶ
248 1776 405 1820 αὐτοῖσί
431 1780 510 1820 ἔστι
537 1776 634 1821 ὅσον
665 1778 751 1832 κε’γ-

85 1853 178 1890 χρος
218 1834 262 1877 τὸ
293 1835 470 1890 μέγαθος
511 1837 552 1877 ἐν
591 1834 747 1887 κάλυκι]

85 1895 206 1944 Vulgo
226 1894 318 1932 haec
338 1895 384 1932 de
403 1908 514 1945 oryza
531 1895 749 1944 intelligunt,

86 1964 158 2002 qua
186 1952 314 1989 Indiae
339 1957 469 2001 gentes
493 1953 589 1989 vesci
620 1953 750 1988 vitam-

86 2021 159 2058 que
192 2009 418 2059 potissimum
449 2013 654 2046 sustentare
693 2009 751 2045 di-

87 2069 225 2102 cuntur.
264 2066 372 2102 Conf.
400 2066 561 2103 Heeren.
585 2066 697 2103 Ideen
721 2065 749 2112 I,

91 2124 110 2161 1
133 2135 219 2171 pag.
240 2123 321 2162 366
355 2122 452 2169 (coll.
480 2126 571 2159 nott.
602 2123 650 2158 ad
671 2122 751 2160 He-

85 2179 164 2215 rod.
189 2178 253 2225 lll‚
275 2180 350 2227 97)
378 2183 414 2216 et
431 2179 565 2229 Heyne
592 2179 748 2229 Opuscc.

85 2234 230 2272 Acadd.
255 2235 301 2272 T.
329 2235 342 2271 Ι
373 2249 458 2286 pag.
487 2236 568 2277 345
592 2236 628 2272 in
656 2240 749 2273 nott.

88 2291 183 2328 Cum
203 2304 289 2328 vero
315 2292 350 2329 h.
376 2292 398 2329 l.
418 2305 544 2330 semen
563 2305 753 2342 compare—

86 2351 144 2384 tur
165 2361 246 2385 cum
268 2348 365 2386 milio
390 2361 517 2399 parvo,
547 2349 644 2386 unde
669 2362 754 2399 ory-

88 2417 154 2442 zae
185 2405 322 2443 semine
352 2406 471 2443 minus
498 2406 607 2443 fuisse
634 2405 754 2455 colligi

87 2466 229 2510 potest,
259 2475 413 2512 cumque
433 2476 557 2500 semen
579 2475 652 2499 una
671 2476 754 2500 cum

89 2516 198 2554 calice
217 2518 324 2555 fuerit
349 2523 504 2567 coctum,
534 2520 571 2555 id
591 2520 694 2569 quod
717 2520 754 2556 in

90 2585 236 2622 oryzam
270 2576 415 2614 minime
448 2577 581 2614 cadere
613 2580 751 2626 potest,

89 2627 197 2665 Link.
218 2629 308 2676 (Die
330 2632 470 2670 Urwelt
494 2646 530 2683 p.
548 2634 649 2680 218)
674 2633 753 2670 He-

91 2686 260 2722 rodotum
281 2687 336 2724 hic
355 2688 454 2738 loqui
476 2690 604 2726 statuit
623 2690 669 2727 de
681 2689 753 2726 Hi-

93 2742 184 2778 hisco
203 2744 376 2791 quodam,
404 2746 504 2782 cuius
522 2746 643 2796 plures
669 2759 754 2797 spe-

91 2798 163 2835 cies
183 2811 249 2847 per
276 2799 414 2837 Indiam
434 2803 494 2839 edi
516 2802 671 2850 soleant,
703 2803 754 2839 ita

92 2858 133 2891 ut
166 2854 303 2892 fructus
329 2868 403 2894 non
432 2859 586 2909 maturi,
615 2872 753 2907 semen,

806 1056 891 1082 arca
917 1046 954 1081 et
981 1042 1069 1079 calix
1089 1042 1194 1079 simul
1213 1056 1285 1080 una
1308 1054 1471 1092 coquan-

806 1105 875 1137 tur.
936 1100 1069 1136 Semen
1101 1104 1278 1136 maturum
1312 1112 1472 1148 aequare

806 1169 979 1205 magnum
1018 1156 1153 1193 milium
1202 1156 1470 1204 magnitudine,

805 1214 1034 1250 immaturum
1064 1225 1188 1250 semen
1225 1226 1306 1250 csse
1342 1213 1470 1249 minus.

808 1270 866 1307 De
903 1283 1013 1320 oryza
1045 1270 1276 1306 dubitaverat
1323 1281 1472 1318 quoque

809 1327 919 1373 Miot,
949 1326 1011 1375 qui
1035 1326 1187 1363 indicari
1213 1326 1349 1363 iudicat
1372 1325 1472 1361 Dou-

809 1383 877 1420 ‘salz
907 1396 934 1420 s.
973 1383 1109 1419 lwlcum
1147 1383 1313 1431 sorgleum
1349 1381 1473 1428 Linn.,

810 1454 890 1477 cum
913 1440 948 1476 in
970 1440 1072 1476 India
1088 1452 1204 1489 aeque
1225 1445 1337 1489 atque
1350 1439 1385 1475 in
1402 1439 1474 1476 Ae-

810 1501 927 1547 gypto
949 1497 1136 1543 (ef.11‚36
1156 1497 1244 1545 ibiq.
1262 1494 1377 1546 nott.)
1393 1495 1476 1532 hol-

807 1567 869 1590 cus
897 1554 1124 1599 inveniatur,
1146 1553 1330 1602 sigillatim
1350 1553 1385 1589 in
1416 1565 1474 1590 re-

807 1611 979 1660 gionibus
1018 1611 1307 1660 septentrionem
1348 1622 1473 1647 versus

807 1680 830 1705 a
858 1672 954 1704 terra
979 1668 1119 1704 Paniab
1153 1667 1251 1713 sitis,
1281 1670 1320 1703 ut
1350 1669 1477 1704 monet

807 1724 1029 1761 Maltebrun.
1051 1723 1072 1759 l.
1092 1724 1114 1760 l.
1138 1737 1223 1774 pag.
1245 1724 1340 1763 323.
1362 1745 1416 1751 ——
1433 1722 1477 1759 In

808 1793 913 1830 seqq.
945 1781 1070 1830 scripsi
1098 1794 1175 1818 cum
1208 1779 1357 1818 recentt.
1388 1779 1475 1817 edd.

809 1833 912 1892 αὐτῇ
954 1833 1096 1876 κάλυκι
1148 1850 1216 1889 pro
1272 1831 1377 1891 αὐτῇ
1422 1837 1475 1890 τῇ

807 1891 961 1933 κάλυκα

1040 1973 1103 2010 Ca
1116 1987 1152 2024 p.
1181 1973 1243 2010 CI.

863 2062 932 2103 καὶ
958 2060 1002 2103 τό
1030 2066 1169 2114 χρῶμα
1197 2061 1390 2115 φορέουσι
1418 2084 1474 2091 —

807 2119 1015 2171 Αἰθίοψι]
1055 2121 1159 2158 Haec
1187 2121 1374 2158 verissime
1402 2121 1475 2157 dici

809 2192 852 2216 ex
865 2178 1051 2216 Heerenio
1073 2178 1182 2214 modo
1204 2178 1340 2217 notavi.
1380 2177 1474 2214 Cum

808 2236 1005 2272 Herodoto
1051 2235 1286 2271 consentiunt
1332 2233 1475 2271 Arrian.

809 2292 904 2342 Exp.
932 2291 1032 2328 Alex.
1061 2291 1107 2338 V,
1129 2289 1168 2337 4,
1194 2294 1231 2332 8.
1271 2292 1371 2328 Ctes.
1395 2290 1474 2327 lnd.

811 2347 848 2400 §-
873 2351 898 2390 9
923 2348 1002 2386 coll.
1025 2350 1091 2388 20.
1113 2348 1190 2402 24.
1239 2349 1362 2392 Quam
1389 2360 1476 2385 vero

811 2406 1030 2443 sententiam
1060 2405 1108 2442 de
1139 2403 1216 2442 sole
1243 2405 1384 2442 Indiam
1416 2417 1477 2441 re-

812 2462 1016 2511 gionesque
1073 2462 1252 2499 australes
1320 2461 1477 2498 maxime

811 2523 940 2557 urente
960 2518 1092 2555 Graeci
1113 2519 1288 2555 tenebant
1311 2517 1403 2568 (vid.
1422 2518 1476 2553 in-

808 2575 865 2613 fra
887 2575 951 2623 111,
973 2576 1085 2623 104),
1115 2588 1157 2613 ex
1179 2588 1223 2612 ea
1244 2587 1474 2623 consequens

810 2636 912 2679 erat,
949 2633 1083 2678 Indos,
1115 2633 1178 2681 qui
1205 2632 1359 2683 proximi
1388 2629 1473 2667 solis

809 2689 920 2727 radiis
942 2689 1099 2740 expositi
1120 2694 1257 2735 essent,
1278 2688 1393 2736 magis
1419 2687 1474 2722 in-

811 2747 859 2783 de
880 2745 983 2782 aduri
1002 2749 1040 2783 et
1061 2747 1205 2794 nigrum
1223 2746 1316 2782 cutis
1334 2743 1474 2791 recipe-

811 2816 850 2840 re
866 2801 1033 2839 colorem.
1069 2802 1179 2839 Conf.
1198 2798 1472 2839 Bredowflra·

812 2857 936 2909 nolog.
959 2872 998 2910 p.
1018 2858 1117 2896 VIII.
