1863 3256
402 254 960 298 MELPOMENE.

1018 255 1080 292 IV·
1289 261 1369 299 561

114 371 274 426 πνίγει·
312 371 510 424 Λέαρχον
539 366 584 410 δὲ
611 365 637 424 ἡ
664 366 774 422 γυνὴ
803 363 829 422 ἡ
852 362 1099 417 Ἀρκεσίλεω
1130 362 1243 420 δόλῳ
1267 368 1370 408 κτεί-
1385 374 1429 409 85

2 444 64 490 61
116 458 194 494 νει,
215 444 268 498 τῇ
289 439 455 496 οὕνομα
475 435 529 496 ἦν
544 437 714 493 Ἐρυξώ.
743 436 973 487 Διεδέξατο
995 434 1040 477 δὲ
1056 432 1371 490 τήνβασιληῖῖην

114 515 195 555 τοῦ
221 510 469 565 Ἀρκεσίλεω
500 508 523 553 ὁ
555 509 655 560 πάϊς
685 508 866 557 Βάττος,
910 503 1046 561 χωλός
1074 520 1118 547 τε
1148 504 1258 557 ἐών,
1299 507 1373 549 καὶ

531 582 574 624 οῖ
611 580 655 624 δὲ
697 582 938 634 Κυρηναῖοι
975 575 1083 632 πρὸς
1121 576 1201 632 τὴν
1240 592 1368 619 κατα-

114 655 340 707 λαβοῦσαν
374 650 609 706 συμφορὴν
649 650 838 703 ἔπεμπον
869 649 911 698 ἐς
941 646 1166 702 Δελφούς,
1206 647 1373 703 ἐπειρη-

117 722 353 776 σομένους,
395 721 447 763 ὅν
485 737 581 763 τινα
618 719 784 774 τρόπον
822 718 1191 772 καταστησάμενοι
1229 719 1372 762 κάλλι-

583 788 610 846 ἡ
649 790 696 834 δὲ
734 790 886 846 Πυθίη
924 788 1088 832 ἐκέλευε
1127 789 1174 832 ἐκ
1207 792 1374 833 Μαντι-

86 588 109 622 2
123 579 204 624 οὐκ
244 579 465 635 ἀρτίπους.

83 798 195 835 δστοι
235 790 289 834 ἂν
328 791 524 835 οἰκέοιεν.

57 977 182 1011 narrat
236 977 490 1023 aegrotantem
539 973 719 1011 medicina

56 1035 237 1068 venenata
272 1035 390 1068 sumta
419 1032 507 1075 (hoc
539 1031 634 1068 enim
656 1043 720 1067 va-

58 1087 134 1124 lere
151 1088 294 1125 videtur
319 1083 553 1138 φάρμακον)
566 1099 587 1124 a
604 1086 719 1125 Lear-

58 1143 125 1181 cho
145 1144 323 1182 sublatum
345 1157 434 1183 esse.

247 1201 362 1251 Cap.
401 1199 530 1237 CLXI.

116 1251 280 1306 Βάττος]
321 1257 388 1294 Est
418 1255 554 1293 Battus
579 1257 717 1302 sertim,

60 1326 168 1363 quem
189 1325 361 1361 regnasse
384 1313 488 1363 ponit
509 1313 614 1350 Reiz.
636 1312 718 1353 550

59 1369 207 1410 -530
228 1381 260 1405 a.
283 1369 368 1406 Chr.
388 1382 444 1416 n.‚
475 1368 554 1415 alii,
585 1369 621 1404 in
640 1367 718 1416 qui-

58 1425 125 1463 bus
164 1424 368 1462 Larcherus
384 1454 395 1472 ,
441 1424 523 1465 544
544 1445 600 1452 —
624 1425 717 1465 529.

59 1481 140 1520 Nec
169 1493 258 1519 sane
290 1485 374 1531 post
402 1493 536 1518 annum
556 1481 636 1521 529
659 1480 718 1518 ille

58 1538 191 1575 obiisse
210 1538 365 1583 videtur,
395 1550 504 1586 quem
526 1550 718 1587 perperam

58 1594 244 1640 nonnulli,
292 1595 355 1643 qui
389 1594 539 1631 Battum
576 1593 718 1630 felicem

59 1651 165 1688 huius
207 1651 363 1687 nominis
399 1651 533 1687 faciunt
564 1651 718 1696 tertium,

60 1710 225 1758 quartum
238 1710 379 1757 ponunt
398 1719 552 1756 eumque
568 1708 720 1743 consun-

60 1765 153 1801 dunt
171 1776 251 1800 cum
271 1776 314 1801 eo
332 1764 454 1809 Batto,
486 1764 548 1812 qui
570 1767 719 1800 vocatur

61 1817 86 1858 ὅ
109 1815 240 1866 Καλός
267 1832 309 1857 ac
327 1832 366 1857 re
385 1832 470 1856 vera
494 1823 642 1868 quartus
661 1823 720 1856 est

61 1875 129 1913 hac
155 1876 192 1913 in
221 1876 324 1914 serie.
382 1876 465 1913 vid.
488 1876 523 1913 T
525 1876 629 1926 brige
650 1875 672 1913 l.
694 1875 717 1912 l.

59 1945 98 1984 p.
118 1934 210 1972 167.
231 1934 310 1973 196
329 1945 432 1981 seqq.

118 1987 187 2027 καὶ
207 1984 282 2027 οὔκ
300 1985 507 2039 ἀρτίπους]
550 1988 573 2023 i.
598 2000 630 2024 e.
657 2001 719 2024 nec

57 2044 207 2095 pedibus
226 2047 360 2094 integer
373 2074 383 2091 ,
416 2047 478 2095 qui
492 2044 642 2094 pedibus
663 2046 719 2081 in-

62 2101 177 2138 cedere
197 2101 294 2138 haud
314 2102 416 2138 valet.
458 2101 541 2144 Quo
561 2101 640 2150 ipso
658 2114 719 2138 ex-

60 2156 215 2208 plicatur
237 2158 455 2195 antecedens
474 2152 608 2206 χωλός.
658 2158 718 2195 Cf.

60 2213 126 2262 ΙΙΙ,
141 2216 232 2254 130.
262 2214 384 2252 Verba
401 2210 495 2265 πρὸς
510 2210 585 2264 τήν
604 2229 719 2252 κατα-

63 2271 268 2321 λαβοῦσαν
325 2265 562 2320 συμφορήν,
625 2282 720 2318 quae

62 2327 265 2376 Schweigh.
290 2327 341 2364 sic
364 2327 542 2363 reddidit:
594 2327 632 2362 ob
655 2328 721 2362 tn·-

64 2386 147 2420 stem
163 2396 277 2420 rerum
298 2396 443 2420 suarum
463 2386 606 2428 statmn,
635 2395 722 2433 pro-

63 2440 143 2489 prie
164 2439 301 2477 valent:
343 2440 391 2476 ad
412 2452 440 2475 s.
461 2440 631 2475 adversus
662 2452 723 2475 ca-

65 2495 282 2543 lamitatem,
322 2498 360 2533 in
390 2509 493 2545 quam
512 2496 721 2533 inciderant.

65 2551 124 2589 De
179 2553 291 2589 verbo
343 2553 579 2603 καταλαβεῖν
626 2553 722 2589 conf.

66 2607 139 2652 IV,
170 2608 260 2648 105.

123 2659 170 2702 ὅν
189 2678 276 2701 τινα
296 2661 445 2716 τρόπον
474 2662 724 2715 καταστησά-

68 2733 179 2770 μενοι
192 2715 376 2758 κάλλιστα
389 2718 439 2759 ἂν
453 2721 635 2771 οἰκέοιεν]
655 2723 677 2759 i.
690 2735 722 2760 e,

69 2788 134 2825 quo
147 2776 326 2812 madorem
338 2778 516 2826 publicam
534 2781 726 2816 constitue-

67 2836 162 2879 rent,
201 2836 242 2868 ut
271 2836 395 2882 optime
420 2834 535 2871 urbem
563 2835 724 2871 habitare

65 2892 224 2939 possent,
254 2901 282 2925 s.
305 2893 345 2925 ut
361 2889 563 2940 Schweigh.
584 2891 723 2929 reddit:

119 2945 331 2984 Hnnono'r.
361 2945 408 2983 ΙΙ.

777 973 880 1024 „qast
910 973 1006 1011 inita
1049 976 1186 1010 ratione
1223 974 1345 1023 optime
1379 985 1434 1010 res

776 1045 859 1068 suas
886 1031 1222 1068 adnn'nistmrent.⁸⁴
1271 1031 1378 1067 Conf.
1405 1030 1434 1076 Ι,

778 1090 849 1128 67;
880 1083 1126 1139 ἐπειρώτεον,
1147 1088 1236 1125 τίνα
1255 1082 1305 1124 ἂν
1320 1088 1434 1125 θεῶν

777 1139 1010 1195 ἱλασάμενοι
1041 1166 1090 1171 -—
1119 1143 1322 1194 γενοίατο,
1371 1143 1433 1179 ubi

777 1201 903 1237 similis
935 1200 1089 1251 optativi
1122 1201 1238 1245 ratio,
1292 1200 1435 1236 adiecta

774 1256 952 1306 particula
988 1253 1051 1294 ἄν.
1115 1255 1177 1292 Ad
1206 1256 1321 1305 ipsam
1347 1268 1434 1292 vero

774 1325 851 1349 rem
877 1313 945 1349 hoc
964 1313 1070 1349 velim
1094 1312 1233 1357 teneri,
1269 1313 1434 1359 Cyrenes

773 1368 1032 1418 rempublicam
1054 1368 1250 1415 antiquitus
1277 1369 1434 1405 eandem

774 1426 888 1462 ferme
909 1425 1021 1462 fuisse
1044 1425 1175 1470 videri,
1208 1436 1301 1472 quae
1322 1425 1437 1473 Spar-

775 1485 836 1519 tae
854 1482 974 1527 fuerit,
1004 1493 1183 1530 regesque
1201 1480 1285 1517 olim
1304 1480 1436 1517 iisdem

774 1539 874 1585 fere,
904 1538 1033 1587 quibus
1056 1539 1232 1588 Spartae,
1265 1550 1348 1574 usos
1369 1537 1437 1573 ho-

775 1595 923 1631 noribus
951 1594 1182 1643 iuribusque,
1223 1606 1306 1631 mox
1328 1597 1436 1643 pote-

776 1652 860 1687 stati
879 1651 1070 1699 augendae
1087 1650 1292 1696 studuisse,
1321 1655 1359 1686 ut
1376 1653 1434 1697 ty-

774 1707 878 1744 ranni
911 1708 1032 1757 potius
1067 1708 1287 1752 existerent,
1334 1706 1433 1742 nulla

775 1776 843 1801 nec
863 1762 1006 1812 legum,
1038 1776 1106 1801 nec
1122 1763 1281 1812 ipsorum
1305 1763 1436 1799 civium

775 1820 899 1857 habita
919 1821 1072 1857 ratione.
1122 1819 1216 1856 Hinc
1236 1819 1434 1856 seditiones

776 1889 819 1914 ac
842 1876 1069 1921 discordiae3
1098 1876 1179 1912 hinc
1199 1876 1249 1913 rei
1271 1875 1436 1925 publicae

775 1936 892 1969 status
947 1932 1184 1970 labefactatus
1244 1933 1434 1980 omnisque

776 1990 866 2026 ordo
883 1990 1060 2026 turbatus.
1092 1989 1232 2033 Quibus
1253 1988 1354 2025 malis
1372 2001 1433 2024 sa-

775 2046 909 2083 nandis
931 2046 1117 2094 veterique
1140 2045 1269 2082 civium
1299 2057 1434 2093 aequa-

776 2102 907 2139 bilitati
938 2101 1076 2150 (quam
1106 2103 1142 2139 in
1171 2102 1328 2138 omnium
1356 2101 1435 2138 Do-

775 2172 854 2196 rum
880 2159 1087 2195 civitatibus
1106 2158 1257 2195 multum
1278 2157 1434 2195 valuisse

776 2216 961 2262 novimus)
991 2215 1237 2252 restituendae
1256 2214 1437 2262 Cyrenaei

777 2271 911 2308 oraculi
928 2272 1026 2307 iussu
1046 2271 1308 2308 arcessiverunt
1321 2271 1436 2308 virum

777 2327 1089 2372 Mantineensem,
1120 2328 1182 2376 qui
1204 2328 1339 2363 civibus
1358 2328 1437 2363 iura

778 2397 799 2420 a
818 2385 966 2431 regibus
984 2397 1051 2434 per
1067 2384 1138 2420 vim
1160 2388 1285 2434 erepta
1303 2384 1436 2420 redde-

778 2444 833 2477 ret
869 2453 1090 2489 omnemque
1129 2453 1204 2476 rem
1242 2439 1438 2490 publicam,

779 2509 905 2545 regum
935 2497 1085 2547 imperio
1109 2496 1239 2533 finibus
1270 2497 1343 2533 suis
1368 2497 1438 2533 cir-

779 2553 1018 2603 cumscripto,
1060 2554 1279 2592 restitueret.
1340 2552 1438 2590 Nam

780 2610 1057 2647 Mantineenses
1081 2610 1174 2646 inter
1192 2609 1346 2659 populos
1372 2604 1436 2646 εὕ-

780 2662 1035 2715 νομωτάτους
1052 2670 1286 2703 recensentur
1304 2665 1350 2701 ab
1366 2663 1438 2700 Ae-

780 2723 862 2760 lian.
885 2722 929 2759 V.
958 2723 1005 2759 H.
1028 2722 1081 2768 ll,
1116 2724 1169 2762 22
1211 2721 1437 2769 imperioque

779 2780 952 2816 videntur
974 2779 1028 2815 usi
1051 2790 1131 2815 esse
1150 2776 1335 2825 populari,
1375 2775 1437 2811 ubi

780 2848 921 2872 summa
938 2847 1050 2884 penes
1069 2832 1240 2882 populum
1264 2835 1438 2880 potestas.

781 2890 842 2929 Tu
871 2892 942 2928 vid.
972 2887 1223 2984 muner-“gor-
1245 2887 1276 2924 11
1300 2900 1334 2938 p.
1360 2888 1439 2927 173

1114 2958 1137 2983 ο

1427 436 1565 466 Succedit
1582 442 1702 468 circiter

1427 478 1444 496 a
1471 472 1519 498 5:¹11!
1536 474 1637 499 Battus<
1650 475 1702 502 ΙΙΙ.

1430 503 1534 531 debilis
1561 508 1701 540 pedibus:

1431 536 1577 575 Cyrenaei
1599 550 1702 568 oracu-

1427 568 1456 594 lo
1477 573 1546 598 iussi
1565 580 1667 607 petunt
1685 585 1704 603 a

1447 603 1685 635 Mantinemibus

1427 642 1704 675 ceri-ectoremsuae

1429 672 1578 698 civitatis:

1385 726 1403 746 O
1433 702 1595 733 Demonax:
1634 716 1702 741 quo-

1385 728 1516 763 ..Omodo
1534 739 1559 764 is
1569 748 1632 768 eam
1642 750 1705 768 cor-

1431 776 1553 799 rexerit.

1617 674 1705 702 datus
