1863 3256
419 181 504 221 204

390 293 412 328 2>
425 299 499 339 σος
527 288 705 346 ἐτράφη.

835 183 1299 223 HERODOTI

767 290 952 346 ὄρνιθας
991 293 1037 336 δὲ
1076 294 1250 348 λέγουσι
1287 292 1474 349 μεγάλας
1511 296 1719 350 φορέεινὸ

417 364 554 403 ταῦτα
584 361 636 403 τοὶ
667 360 864 416 κάρφεα,
912 362 965 406 τὰ
1002 363 1124 418 ἡμεῖς
1163 363 1246 407 ἀπὸ
1280 366 1500 407 Φοινίκων
1529 366 1693 421 μαθόν·

418 446 484 481 τες
514 429 798 487 κιννάμωμον
827 433 1057 487 καλέομεν·

1117 434 1294 488 φορέειν
1326 435 1370 478 ὁὲ
1401 435 1476 486 τὰς
1506 435 1693 491 ὄρνιθας

417 501 461 552 ἐς
489 502 710 552 νεοσσιάς,
753 503 1165 559 προσπεπλασμένας
1196 505 1242 548 ἐκ
1272 510 1414 560 πηλοῦ
1443 507 1554 560 πρός
1585 506 1694 552 ἄπο-

418 571 654 628 κρήμνοισι
685 572 860 627 οὔρεσι,
903 574 1012 616 ἔνθα
1042 574 1289 630 πρόσβασιν
1321 575 1543 635 ἀνθρώπῳ
1572 578 1693 623 οὐδε-

332 645 335 647 ’
390 644 527 698 3μίαν
556 640 679 686 εἶναι.
736 642 847 698 πρὸς
881 637 944 686 ὦν
973 644 1026 700 δὴ
1054 649 1191 688 ταῦτα
1220 647 1323 698 τούς
1359 646 1587 704 Ἀραβίους
1622 662 1694 693 σο-

420 715 619 769 φίζεσθαι
648 713 750 756 τάδε
768 730 778 740 ·
829 715 950 769 βοῶν
988 704 1031 759 τε
1068 716 1141 760 καὶ
1172 714 1288 760 ὄνων
1317 722 1406 762 τῶν
1435 717 1689 777 ἅπογινομέ-
1704 729 1748 761 10

364 911 512 948 quoque
532 897 575 934 F.
594 898 644 935 H.
664 896 806 935 Miiller.
835 896 894 935 De
922 898 1026 935 rebb.

363 955 508 992 Semitt.
547 953 725 1004 (Berolin.
752 954 875 1002 1831)
898 967 934 1004 p.
959 956 1025 995 57.

362 1012 426 1051 58.
486 1010 599 1048 Paulo
632 1014 716 1047 ante
752 1023 832 1047 cum
873 1014 1024 1048 recentt.

362 1067 449 1104 edd.
485 1067 613 1116 scripsi
649 1061 795 1105 οἰκότι
825 1079 893 1116 pro
925 1066 1023 1115 vulg.

362 1118 519 1162 εἰκότι.
562 1123 623 1160 Ad
643 1124 772 1161 verba:
819 1119 946 1162 ὅκου
969 1144 1024 1152 -

359 1179 509 1232 γίνεται
529 1177 596 1217 καὶ
618 1175 733 1229 ’ἥτις
753 1180 847 1216 conf.
872 1179 935 1227 111,
958 1182 1022 1221 22.

418 1233 589 1287 ὄρνιθας
622 1233 665 1274 δὲ
699 1234 879 1287 λέγουσι]
920 1236 1024 1273 citat

359 1292 450 1330 haec
473 1291 630 1341 Etymol.
652 1306 688 1342 p.
709 1293 805 1340 514,
824 1295 850 1332 2
881 1296 917 1329 et
943 1292 1023 1329 Eu-

360 1349 470 1388 stath.
503 1350 551 1386 ad
574 1349 726 1398 Dionys.
756 1349 899 1397 Perieg.
929 1350 1023 1390 939.

358 1406 462 1445 Suid.
492 1418 520 1444 s.
556 1418 588 1442 v.
618 1400 777 1455 κιννάμ.
841 1405 889 1442 Et
926 1406 1022 1442 conf.

360 1474 509 1512 quoque
531 1462 623 1499 Plin.
645 1462 694 1499 H.
717 1461 764 1499 N.
782 1461 866 1509 ΧΠ,
893 1463 957 1502 19.

414 1514 463 1556 τοὶ
483 1513 657 1568 κάρφεα]
679 1518 701 1554 i.
724 1531 755 1556 e.
775 1518 928 1568 paleam,
943 1531 1023 1554 con-

358 1574 514 1611 volutam
528 1578 664 1612 tenuem
675 1577 843 1622 corticem,
859 1588 887 1612 s.
900 1577 1023 1611 tenuia

359 1630 457 1680 ligni
490 1630 628 1681 frusta.
720 1631 823 1669 Nos:
881 1631 1021 1677 ἀὶὶηηε,

361 1688 467 1725 diirre
493 1688 630 1733 Reiser,
661 1691 701 1725 ut
723 1692 824 1725 recte
845 1687 1025 1738 interpre-

357 1748 456 1782 tatur
486 1744 701 1783 Schneider.
739 1745 777 1781 in
805 1743 895 1782 Lex.
925 1757 953 1781 s.
989 1757 1023 1781 v.

356 1796 518 1851 κιννάμ.
538 1821 594 1828 --
635 1801 832 1838 Caeterum
854 1801 946 1838 hanc
965 1801 1021 1837 fa-

358 1857 482 1895 bulam
516 1858 563 1894 de
594 1857 721 1894 avibus
755 1858 1020 1895 cinnamomum

357 1913 597 1951 afferentibus
608 1927 673 1963 per
685 1914 939 1962 antiquitatem
953 1914 1021 1950 ad-

359 1970 508 2008 modum
538 1969 723 2018 vulgatam
752 1971 864 2008 fuisse
892 1974 1020 2007 osten-

357 2027 470 2072 dunt,
500 2038 596 2075 quae
623 2025 769 2075 collegit
793 2027 1017 2064 Beckmann.

355 2083 405 2119 ad
425 2083 599 2131 Antigon.
625 2083 768 2131 Caryst.
796 2083 842 2121 de
861 2082 1019 2120 Mirabb.

356 2152 440 2189 pag.
459 2137 524 2180 84.
564 2138 686 2187 Atque
705 2139 900 2176 etiamnum
918 2138 1018 2189 apud

356 2195 493 2232 incolas
518 2194 760 2245 Taprobanes
789 2195 882 2233 hanc
912 2208 1019 2245 repe-

355 2251 436 2298 riri,
465 2255 646 2288 testantur
668 2252 886 2290 recentiores
911 2264 1016 2302 pere-

357 2308 584 2356 grinatores,
615 2313 786 2345 monente
808 2309 967 2346 Heeren.
992 2308 1013 2344 l.

358 2363 381 2400 l.
401 2375 485 2413 pag.
507 2365 600 2405 252.
626 2367 715 2404 101.
761 2363 941 2414 Equidem
963 2364 1017 2400 sa-

357 2419 478 2456 bulam
505 2420 552 2456 ad
579 2432 620 2457 ea
648 2421 832 2469 pertinere
857 2422 1015 2467 credam,

355 2488 450 2525 quae
464 2475 660 2512 Phoenices
672 2478 910 2525 excogitarint
931 2489 1016 2513 con-

357 2531 521 2580 sultoque
533 2531 751 2581 divulgarint
770 2535 815 2570 de
837 2533 1014 2570 mercibus

356 2588 652 2640 pretiosioribus,
711 2602 802 2638 quas
836 2590 904 2639 ipsi
949 2589 1016 2624 soli

360 2644 613 2691 advehebant,
653 2657 699 2681 ne
741 2645 874 2682 scilicet
913 2645 1017 2681 huius

357 2701 602 2739 fructuosioris
622 2705 845 2739 mercaturae
863 2701 1016 2738 faculta-

358 2762 396 2795 te
413 2757 648 2808 privarentur.

417 2808 690 2866 κιννάμωμον]
724 2813 822 2853 Vera
840 2812 1016 2852 Nostrum

1084 899 1294 946 tradidisse,
1315 901 1394 950 ipsa
1412 904 1570 938 testatur
1590 915 1659 939 vox
1669 902 1747 939 He-

1082 954 1204 992 braiea
1234 961 1364 1009 Γιτοξρ,
1396 958 1542 995 nomine
1571 971 1593 994 a
1616 959 1746 995 fistulis

1083 1010 1190 1047 huius
1242 1013 1390 1061 plantae
1436 1013 1605 1051 deducto.
1661 1014 1745 1050 vid.

1080 1066 1199 1103 Exod.
1216 1067 1335 1115 XXX,
1353 1070 1406 1108 23
1427 1073 1463 1106 et
1483 1069 1657 1107 Proverb.
1677 1070 1747 1106 Sa-

1080 1122 1164 1160 lom.
1189 1123 1266 1170 Vll,
1290 1127 1352 1164 17.
1411 1125 1530 1169 Quam
1552 1138 1674 1163 vocem
1695 1126 1747 1163 sic

1080 1179 1237 1230 explieat
1256 1180 1305 1217 H.
1321 1179 1453 1230 Apetz‚
1475 1182 1510 1218 in
1530 1186 1619 1219 nota
1639 1183 1685 1219 ad
1708 1181 1745 1220 h.

1079 1235 1117 1283 l.‚
1147 1240 1188 1272 ut
1218 1237 1303 1274 inde
1325 1238 1440 1274 omnis
1461 1237 1605 1276 fabulae
1632 1239 1746 1275 ratio-

1080 1304 1163 1329 nem
1200 1293 1357 1343 perspici
1404 1307 1514 1344 posse
1562 1295 1743 1345 opinetur.

1078 1347 1175 1385 Nam
1196 1350 1355 1399 priorem
1377 1351 1474 1387 vocis
1485 1355 1626 1400 partem
1645 1350 1744 1388 Keen

1080 1405 1166 1454 (qu)
1199 1405 1405 1454 significare
1433 1406 1506 1443 vult
1532 1407 1673 1452 nidum,
1705 1411 1745 1444 et

1079 1461 1229 1498 verbum
1255 1462 1339 1499 inde
1366 1463 1500 1500 factum
1527 1472 1590 1513 1qu
1619 1463 1743 1500 nidum

1071 1517 1206 1568 facere.
1268 1517 1374 1561 Quae
1407 1518 1485 1555 aliis
1511 1520 1743 1557 diiudicanda

1079 1574 1257 1622 relinquo.
1308 1574 1449 1619 Attulit,
1475 1587 1571 1624 quae
1594 1576 1640 1613 de
1664 1581 1743 1624 ety-

1080 1643 1139 1668 mo
1164 1629 1268 1666 huius
1298 1631 1395 1667 vocis
1415 1632 1482 1667 viri
1504 1631 1602 1668 docti
1624 1635 1743 1669 statu-

1080 1690 1168 1732 unt,
1208 1686 1347 1724 W'iner.
1379 1687 1414 1723 in
1445 1688 1585 1724 Simon.
1617 1687 1741 1726 Lexic.

1079 1742 1234 1780 manual.
1253 1756 1339 1792 pag.
1359 1744 1453 1784 861.
1483 1744 1658 1782 Radicem
1676 1758 1743 1781 vo·-

1079 1798 1195 1837 cabuli
1219 1811 1299 1836 esse
1323 1807 1398 1847 mi:
1416 1800 1557 1849 Hitzig.
1577 1800 1669 1845 vult3
1691 1801 1741 1839 ita

1077 1860 1118 1892 ut
1139 1856 1187 1893 de
1207 1856 1409 1892 substantia
1428 1857 1474 1892 sit
1493 1857 1740 1905 cogitandum.

1075 1911 1252 1949 Eiusdem
1290 1912 1440 1960 originis
1480 1912 1623 1950 videtur
1656 1926 1739 1950 esse

1075 1981 1147 2005 vox
1189 1967 1309 2006 κασία
1329 1982 1339 2015 ;
1396 1979 1555 2017 namque
1594 1968 1738 2006 Laurus

1076 2024 1192 2061 cassia
1210 2024 1341 2060 dicitur
1373 2032 1507 2076 nxgwqp
1539 2025 1575 2060 in
1606 2025 1738 2063 Psalm.

1075 2079 1192 2127 XLV,
1213 2081 1250 2124 9,
1281 2093 1303 2117 a
1326 2080 1448 2118 radice
1467 2073 1551 2135 Diffi
1570 2081 1738 2128 (Incidere,

1075 2140 1266 2186 amputare.
1326 2135 1459 2185 Neque
1484 2149 1528 2173 eo
1557 2150 1630 2174 non
1651 2151 1737 2188 per-

1073 2195 1164 2230 tinet
1179 2202 1257 2244 ηῑῃ
1270 2192 1510 2240 Exod.XXX‚
1522 2195 1588 2234 24.
1601 2194 1735 2232 Ezech.

1072 2249 1225 2296 XXVH,
1256 2251 1318 2290 19.

1129 2307 1206 2344 τῶν
1230 2300 1547 2356 ἀπογινομένων]
1568 2305 1626 2343 De
1645 2319 1732 2343 mor-

1073 2364 1146 2398 tuis
1175 2363 1225 2398 ita
1251 2362 1319 2398 uici
1347 2363 1433 2398 satis
1458 2367 1594 2398 notum.
1626 2364 1733 2400 Conf.

1072 2419 1212 2455 Herod.
1236 2418 1279 2463 ll,
1294 2418 1358 2458 85.
1385 2419 1475 2457 136.
1499 2418 1542 2463 V,
1563 2417 1599 2456 4.
1620 2440 1675 2446 -—
1695 2419 1735 2456 ln

1072 2487 1173 2524 seqq.
1193 2473 1293 2522 reliq.
1316 2487 1396 2510 cum
1411 2474 1543 2510 Matth.
1563 2489 1734 2514 καταπε-

1071 2530 1259 2581 τομένας,
1290 2530 1388 2566 cuius
1408 2529 1485 2566 loco
1508 2543 1527 2567 e
1551 2531 1735 2569 Florenti-

1073 2601 1120 2624 no
1141 2586 1345 2634 Schweigh.
1375 2591 1410 2624 et
1433 2585 1548 2623 Gaisf.
1570 2602 1735 2627 καταπε-

1072 2641 1290 2691 τεωμὲνας,
1321 2655 1430 2691 quain
1468 2642 1625 2681 lonicam
1659 2646 1735 2681 sor-

1073 2712 1168 2738 mam
1196 2699 1297 2736 verbi
1324 2695 1619 2750 καταπετάομαι
1644 2701 1734 2738 dicit

1354 2754 1444 2791 Mihi
1491 2758 1571 2793 talis
1616 2758 1734 2794 sorma

1493 2813 1594 2858 Quin
1613 2813 1732 2864 ipsum

1072 2755 1277 2803 Schweigh.

1072 2812 1217 2851 aliunde
1237 2824 1310 2849 non
1331 2817 1431 2850 nota.
