1946 3272
483 185 567 227 156

880 188 1348 228 HERODOTI

485 295 509 340 ὁ
541 300 751 351 Δαρεῖος,
783 296 938 350 Κύρου
967 297 1047 352 μὲν
1077 297 1156 341 δύο
1179 297 1446 353 θυγατέρας,
1469 295 1683 340 ’Ἄτοσσάν
1712 315 1756 342 τε

483 367 555 411 καὶ
587 367 901 423 Ἀρτυστώνην·

961 368 1040 424 τήν
1081 368 1418 422 μὲνἍτοσσαν,
1463 369 1753 426 προσυνοική-

483 450 623 482 σασαν
652 437 873 495 Καμβύσῃ
902 455 946 481 τε
984 443 1044 495 τῷ
1074 438 1271 497 οἷδελφεῷ
1301 440 1375 482 καὶ
1405 437 1528 490 αὖτις
1557 444 1617 495 τῷ
1648 439 1752 484 Μά-

454 511 564 565 4γῳ·
621 510 702 566 τήν
745 510 790 553 δὲ
838 507 1156 564 Ἀρτυστώνην,

1220 511 1453 564 παρθένον.
1523 511 1672 566 ἑτέρην
1708 512 1755 554 δὲ

481 581 700 636 Σμέρδιος
730 584 810 622 τοῦ
841 581 996 632 Κύρου
1025 580 1267 634 θυγατέρα,
1306 582 1455 638 ἔγημε,
1497 586 1549 639 τῇ
1582 581 1755 637 οὔνομα

479 653 536 706 ἠν
569 652 762 705 Πάρμυς.

480 739 555 776 ρα,
586 721 614 777 ἢ
643 721 720 763 τὸυ
752 719 913 776 Μάγον
943 721 1190 778 κατάδηλον
1220 722 1403 780 ἐποίησε.

423 896 507 931 dem
538 895 631 931 hanc
659 907 783 930 vocem
812 892 970 940 (Persis,
1000 893 1022 929 i.
1053 907 1085 931 e.

422 951 616 988 Persarum
645 951 751 999 quasi
780 950 816 986 in
849 951 1025 996 gratiam,
1055 962 1084 986 s.

422 1007 665 1053 commodum,
690 1006 789 1056 apud
814 1005 965 1057 Persas)
984 1006 1086 1043 adie-

421 1068 515 1099 ctam
528 1067 650 1112 putem
672 1063 719 1099 ob
742 1075 972 1111 praegressa,
990 1075 1085 1111 quae

420 1120 468 1157 de
505 1119 686 1155 Arabibus
726 1118 866 1155 Noster
896 1118 1082 1166 retulerat,

419 1177 482 1225 qui
506 1176 576 1211 iam
598 1176 646 1212 ad
660 1176 792 1213 Persas
814 1176 916 1224 quasi
936 1188 1081 1224 regres-

418 1244 522 1269 surus
545 1237 580 1268 et
608 1232 809 1268 orationem
843 1232 1083 1280 quodammo-

418 1289 467 1325 do
493 1289 734 1338 interruptam
770 1294 986 1337 excepturus
1015 1293 1081 1326 est.

417 1344 552 1395 Neque
588 1345 777 1382 abundare
810 1345 954 1381 videtur
992 1345 1082 1382 haec

418 1415 488 1438 vox
517 1402 584 1439 hoc
611 1401 704 1448 loco,
735 1401 796 1437 ubi
822 1414 951 1438 uxores
978 1402 1080 1438 iustis

416 1459 551 1509 nuptiis
583 1471 624 1494 ac
659 1458 821 1506 legitimo
850 1459 1081 1495 matrimonio

415 1514 557 1552 iunctae
574 1514 685 1551 Dario
704 1518 954 1560 recensentur3
975 1515 1080 1565 quip-

392 1566 462 1622 =pe
490 1584 582 1621 quas
612 1584 632 1616 e
663 1570 748 1607 solis
782 1571 902 1608 Persis
932 1576 970 1608 et
999 1573 1080 1621 qui-

414 1628 499 1666 dem
551 1640 594 1665 ex
638 1640 712 1664 una
758 1627 843 1676 Cyri
880 1627 1081 1666 Achaeme-

412 1684 513 1722 nisve
543 1685 654 1734 stirpe
686 1685 765 1732 regi
792 1697 935 1721 sumere
962 1684 1078 1731 licuit3

412 1754 522 1778 unam
560 1745 700 1777 tantum
740 1741 906 1777 novimus
944 1741 1077 1779 Esthe—

413 1809 514 1845 ram‚
554 1798 666 1835 modo
694 1797 762 1834 huc
793 1796 853 1833 illa
881 1798 1076 1847 pertineat,

412 1866 507 1903 quae
527 1868 547 1892 e
566 1853 717 1903 simplici
746 1853 873 1902 pellice
897 1854 934 1889 in
956 1854 1077 1902 legiti-

410 1923 492 1948 mae
517 1910 766 1947 uxorislocum
786 1914 910 1946 evecta
922 1923 1002 1948 esse
1019 1911 1074 1947 vi·-

411 1967 528 2004 (letur.
558 1966 643 2002 vid.
670 1966 830 2002 Heeren.
862 1966 975 2003 ldeen
996 1966 1071 2015 1,)1

409 2035 494 2072 pag.
526 2022 623 2063 468.
678 2022 930 2059 Memorantur
952 2028 1073 2060 autem

409 2079 445 2115 h.
479 2079 502 2117 Ι.
536 2079 581 2116 ab
621 2078 815 2115 Herodoto
856 2091 921 2116 eae
956 2079 1073 2116 solum

409 2148 554 2181 uxores,
584 2135 795 2183 quibuscum
814 2134 946 2172 Darius
963 2136 1008 2172 ab
1027 2148 1071 2173 eo

408 2192 494 2229 inde
516 2196 684 2240 tempore
712 2196 790 2228 erat
814 2192 968 2239 iunctus,
999 2205 1071 2241 quo

407 2260 558 2296 regnum
581 2248 735 2297 adeptus
756 2251 825 2284 est.
856 2248 958 2291 Quas
982 2261 1072 2297 qua-

408 2307 490 2340 tuor
511 2305 635 2349 fuisse,
659 2317 702 2341 eo
722 2304 837 2352 magis
860 2305 1071 2351 tenendum,

407 2372 488 2396 cum
513 2373 532 2396 e
556 2360 766 2396 Mohamedi
787 2361 950 2396 instituto
978 2374 1069 2409 qua-

407 2419 489 2452 tuor
519 2428 649 2452 uxores
679 2416 837 2464 legitime
869 2417 1001 2453 (lucere
1027 2417 1069 2453 li-

406 2476 500 2517 ceat,
517 2472 754 2520 eiusdemque
774 2485 794 2509 e
815 2473 964 2509 decreto
980 2486 1071 2521 qua-

405 2533 487 2565 tuor
527 2529 672 2564 omnino
714 2529 873 2564 omnium
909 2530 1069 2577 optimae

405 2583 598 2622 habendae
618 2585 690 2620 sint
715 2597 855 2621 uxores.
915 2586 1024 2627 Quod
1047 2598 1067 2622 e

405 2643 596 2678 sanctitate
657 2642 796 2677 numeri
849 2642 1067 2689 quaternarii

404 2697 504 2747 apud
539 2696 732 2735 orientales
766 2697 929 2734 homines
960 2710 1065 2746 repe-

404 2754 564 2791 tendum.
622 2753 703 2789 vid.
744 2753 770 2789 Ι.
802 2753 848 2790 de
878 2753 1065 2790 Hanuner.

403 2809 544 2848 Histor.
567 2811 716 2848 Osmau.
736 2809 751 2846 Ι
768 2823 805 2860 p.
828 2808 920 2850 565.
951 2809 1066 2847 Filiae

827 650 917 704 ἔσχε
949 650 994 693 δὲ
1024 651 1096 693 καὶ
1126 650 1203 706 τὴν
1233 656 1313 694 τοῦ
1351 651 1538 696 Ὀτάνεω
1569 653 1751 707 θυγατέ-
1764 660 1810 693 90

1465 722 1676 779 δυνάμιός
1706 739 1750 767 τε

1146 893 1344 943 Gobryae,
1385 908 1492 943 quam
1523 896 1623 946 prius
1652 896 1805 933 duxerat

1142 949 1288 996 Darius,
1319 949 1417 987 nulla
1445 951 1478 988 h.
1510 953 1532 987 Ι.
1565 953 1713 989 mentio.
1745 952 1803 989 Cf.

1142 1005 1222 1052 Vll,
1234 1009 1271 1045 7.
1302 1006 1400 1051 „Hic
1410 1007 1478 1043 iam
1498 1008 1675 1057 principio
1688 1008 1804 1057 regni,

1142 1062 1265 1098 scribit
1294 1063 1419 1099 lustin.
1442 1063 1477 1109 l,
1503 1066 1566 1109 10,
1598 1064 1686 1114 Cyri
1707 1065 1804 1113 regis

1142 1118 1252 1154 filiam
1280 1119 1317 1155 in
1348 1120 1615 1156 matrimonium
1653 1122 1803 1170 recepit,

1140 1174 1325 1222 regalibus
1346 1178 1482 1225 nuptiis
1510 1190 1662 1224 regnum
1682 1176 1804 1214 firma·-

1139 1234 1255 1277 turus,
1278 1237 1317 1268 ut
1336 1244 1408 1268 non
1435 1237 1507 1269 tam
1531 1233 1567 1268 in
1591 1237 1802 1270 extraneum

1139 1287 1350 1324 translatum
1364 1301 1471 1337 quam
1485 1289 1521 1325 iu
1540 1289 1710 1326 familiam
1727 1289 1802 1338 Cy-

1139 1344 1167 1379 ri
1192 1356 1375 1381 reversum
1395 1345 1618 1382 videretur.“
1675 1346 1732 1383 De
1753 1347 1801 1382 si-

1138 1399 1211 1436 mili
1238 1400 1325 1449 Cyri
1349 1401 1498 1437 consilio
1527 1402 1729 1439 monuimus
1751 1404 1800 1440 ad

1138 1455 1167 1502 I,
1185 1455 1250 1496 95.
1292 1457 1388 1493 Inter
1407 1457 1509 1495 Darii
1528 1471 1658 1495 uxores
1678 1463 1799 1497 autem

1137 1513 1330 1562 plurimum
1353 1513 1465 1550 valuit
1483 1518 1633 1560 Atussa,
1661 1516 1708 1552 de
1727 1528 1800 1564 qua

1136 1568 1273 1606 Noster
1294 1569 1373 1615 Vll,
1400 1571 1447 1610 3:
1478 1569 1505 1620 ἦ
1522 1568 1692 1610 ’Ἄτοσσα
1721 1568 1799 1622 εἶχε

1135 1621 1180 1663 τό
1204 1627 1287 1664 πᾶν
1308 1622 1462 1677 κράτος,
1473 1626 1626 1674 coll.11{,
1643 1629 1734 1669 133.
1765 1628 1798 1665 Ε

1138 1682 1314 1731 Gobryae
1342 1682 1415 1719 filia
1437 1690 1645 1734 susceperat
1665 1684 1797 1721 Darius

1134 1737 1225 1774 filios
1246 1745 1333 1786 tres,
1358 1752 1513 1787 quorum
1541 1753 1633 1777 unus
1665 1735 1795 1792 Ἀρτα-

1134 1790 1308 1845 βαζοῖνης
1336 1795 1434 1841 (Vll,
1454 1795 1511 1846 2),
1543 1797 1634 1833 alter
1663 1792 1794 1848 Ἀρια-

1134 1851 1273 1900 βίγνης
1298 1851 1398 1901 (VH,
1415 1853 1503 1900 97),
1533 1854 1674 1899 tertius,
1698 1866 1794 1902 quae

1131 1906 1306 1944 Valcken.
1336 1912 1390 1945 est
1411 1909 1579 1959 suspici0‚
1608 1905 1794 1960 Ἀρσαμέ-

1132 1978 1204 2012 νης
1223 1965 1433 2001 vocabatur.
1480 1965 1536 2001 Ex
1552 1966 1679 2002 Affossa
1698 1967 1794 2004 idem

1132 2019 1258 2056 Valck.
1295 2021 1383 2057 dicit
1409 2020 1524 2058 Dario
1551 2028 1655 2059 natos
1683 2023 1794 2061 fuisse

1130 2074 1332 2121 Masisten,
1361 2077 1608 2114 Achaemenem
1642 2083 1678 2116 et
1710 2079 1795 2130 Hy-

1130 2136 1279 2182 staspem
1310 2133 1406 2181 (Vll,
1437 2136 1502 2174 82-
1533 2137 1597 2175 97.
1623 2135 1718 2182 64);
1748 2149 1793 2173 ex

1128 2189 1317 2239 Artystone
1346 2191 1518 2227 ,ziz-samen
1547 2196 1585 2228 et
1614 2191 1792 2241 Gobryam

1129 2246 1228 2293 (Ut,
1249 2248 1313 2287 69.
1334 2248 1429 2294 7Q);
1459 2260 1478 2284 e
1505 2246 1658 2297 Parmye
1681 2260 1789 2286 uuum

1128 2302 1377 2339 Ariomardum
1407 2303 1523 2350 (VH,
1553 2307 1654 2351 78).
1733 2304 1790 2342 Ex

1130 2357 1380 2408 Pleratagyne,
1412 2359 1483 2395 filia
1502 2359 1620 2396 fratris
1642 2361 1789 2397 Artanis

1128 2415 1203 2451 nati
1232 2416 1432 2450 Abrae-omes
1468 2420 1502 2451 et
1533 2415 1786 2465 Hyperantlees

1127 2471 1357 2517 (vn,224)‚
1381 2471 1479 2519 quod
1503 2476 1696 2521 utrumque
1719 2487 1786 2510 no-

1126 2539 1210 2563 men
1240 2538 1357 2575 aeque
1386 2540 1427 2563 ac
1459 2526 1678 2578 Pleaedymes
1698 2530 1782 2577 (ΙΙΙ,

1127 2584 1200 2629 (38)
1227 2595 1359 2620 nomen
1382 2596 1460 2619 curn
1494 2586 1636 2623 Graece
1664 2591 1782 2633 sonet,

1125 2639 1163 2674 in
1193 2638 1311 2675 Persis
1347 2640 1473 2687 utique
1503 2641 1673 2678 miramur
1702 2655 1783 2680 cum

1124 2694 1300 2731 Valcken.
1323 2695 1539 2733 Hammerus
1573 2697 1594 2734 Ι.
1614 2698 1635 2735 l.
1663 2699 1783 2737 adfert

1124 2764 1256 2788 nomen
1283 2750 1432 2788 Fute'me.

1180 2802 1377 2859 δυνάμιός
1406 2823 1445 2848 τε
1472 2805 1603 2850 πάντα
1631 2810 1673 2851 οἷ
1693 2810 1780 2852 ἔπι-
