1863 3256
446 130 531 170 31ss
838 130 1303 168 HERODOTI

112 250 204 276 supra
221 241 324 268 imead
341 242 392 269 bo·
446 243 500 282 θε
519 238 629 294 πρὸς
650 242 810 296 βορῆν,
843 240 931 282 ἔστι
948 237 1096 295 πρώτη
1113 239 1192 294 μὲν
1213 238 1394 294 ἐρῆμος,
1426 236 1492 279 ἔπ’
1516 235 1710 293 ἡμερέων

112 283 196 302 ream
207 295 215 306 .,
261 276 390 302 solitudo

111 308 389 377 ἓῑέξξῑξξῃῗξξῆῗξὲῇιξ
448 308 555 352 ἑπτὰ
587 307 714 354 ὁδὸν·
756 309 861 365 μετὰ
892 310 938 353 δὲ
968 309 1048 365 τήν
1072 309 1257 366 ἐρῆμον,
1299 308 1578 351 ἀποκλίνοντι
1608 313 1710 364 μᾶλ-

111 374 391 445 ῗξηυζῗὺῖἒὲζζξέἷ
448 384 528 424 λον
555 380 665 435 πρὸς
694 381 944 438 ἀπηλιώτην
973 380 1153 435 ἄνεμον,
1197 379 1402 436 νέμονται
1427 378 1709 434 Θυσσαγέται,

0 3176 9 3210 l
23 3190 26 3210 i

390 515 500 552 mitus
528 514 710 552 habitasse
733 515 769 550 in
789 515 947 551 Russiae
972 527 1047 551 me·

390 569 574 607 ridionalis
587 571 762 607 tractibus
778 570 951 607 finitimos
961 571 1048 607 Sar-

390 627 524 664 matiae
560 624 764 672 Asiaticae,
821 639 917 676 qnae
954 627 1049 664 intra

388 682 543 730 Volgam
573 694 617 717 ac
651 682 797 719 Tanain
824 684 892 719 sita
925 683 1050 729 fertur,

389 743 595 787 temporum
633 738 809 785 decursu,
846 738 924 775 aliis
958 751 1050 787 gen-

388 795 486 831 tibus
507 805 552 830 ex
565 793 652 829 Asia
673 795 835 831 interiori
854 795 1053 831 advenien-

387 851 507 895 tibus,
538 849 763 888 occidentem
782 863 907 888 versus
932 851 1052 899 magis

389 907 580 954 magisque
594 907 837 955 processisse3
866 919 948 944 esse
965 920 1052 944 vero

388 963 554 1000 Bndinos
578 962 728 1000 eosdem
751 969 861 1011 atque
881 962 1051 999 Wmlinos

388 1031 431 1055 ac
456 1017 623 1054 Weneclos
654 1022 736 1066 (nos
766 1018 921 1056 Wemlen
941 1033 1050 1057 voca-

388 1079 499 1121 mus),
519 1075 665 1113 nomine
685 1076 844 1113 deducto
860 1089 881 1113 a
900 1074 1049 1123 Wenda‚

390 1146 419 1168 s.
444 1130 612 1177 Wanda,
642 1133 742 1181 quod
763 1145 893 1181 aquam
916 1129 1048 1184 (unda,

389 1185 510 1237 wuda)
531 1188 705 1236 denotet,
747 1202 828 1226 cum
850 1190 971 1238 gentis
992 1202 1050 1226 se-

389 1246 456 1282 des
476 1244 680 1294 primitivae
701 1246 826 1294 aquis,
849 1246 989 1295 stagnis
1007 1258 1049 1282 ac

388 1300 582 1351 paludibus
606 1300 735 1351 plenae
760 1302 905 1339 fuerint.
950 1302 1049 1345 Quin

389 1357 538 1395 Gelonos
556 1357 625 1394 illic
642 1357 793 1406 legimus
805 1359 954 1396 eosdem
967 1371 1050 1395 esse

389 1418 500 1463 atque
522 1413 795 1464 Hyperboreoe,
816 1427 969 1464 qnorum
983 1415 1050 1450 do-

389 1483 438 1507 na
463 1471 657 1519 quotannis
677 1470 810 1507 Delum
834 1471 943 1508 missa
970 1472 1051 1508 sue-

389 1527 473 1563 rint.
503 1526 605 1563 Idem
629 1525 697 1563 Cr.
718 1528 873 1564 conferri
895 1526 968 1563 vult
990 1528 1050 1563 In-

374 1582 555 1631 'terpreth
599 1583 647 1619 ad
675 1580 854 1620 Ammian.
889 1583 1050 1620 Marcell.

389 1639 525 1684 XXXI,
542 1642 578 1679 2.
593 1641 642 1679 13
657 1638 703 1676 Τ.
718 1639 1049 1689 111p.358Wagn.

390 1697 591 1734 -πᾶσαν
612 1693 757 1746 δασὲην
778 1692 853 1750 ὕλῃ
867 1696 1049 1749 παντοίῃ.

389 1751 462 1788 Pro
480 1746 556 1804 ὕλῃ
576 1752 695 1789 Koen.
727 1753 777 1789 ad
798 1752 955 1800 Gregor.
976 1753 1051 1789 Co-

388 1807 496 1844 rinth.
522 1821 608 1858 pag.
636 1808 718 1849 474
745 1809 950 1858 suspicatur
971 1808 1047 1863 ἴδῃ.

390 1864 451 1902 Tu
469 1865 552 1903 vide
568 1864 630 1910 lV,
653 1867 732 1906 109
755 1866 878 1914 ibique
898 1870 992 1902 nott.

596 1921 705 1971 Cap.
737 1921 854 1958 XXll.

446 1976 527 2017 ἔστι
544 1972 680 2029 πρώτη
707 1975 779 2028 μὲν
800 1976 959 2028 ἔρῆμος,
980 1973 1046 2016 ἐπ’

387 2032 566 2085 ἡμερέων
605 2030 702 2072 ἔτι-,τοὶ
733 2029 845 2084 ὁδόν]
905 2034 1047 2071 Eadem

387 2092 478 2127 infra
502 2092 567 2137 IV,
592 2092 682 2131 123.
723 2091 907 2128 Observat
927 2096 1046 2127 antem

388 2147 446 2184 De
465 2148 630 2195 Gnignes
654 2146 798 2192 (Mem.
830 2148 877 2184 de
908 2147 1046 2184 l’Acad.

388 2203 424 2240 d.
447 2203 628 2254 lnscriptt.
655 2204 797 2240 XXXV
824 2216 908 2253 pag.
933 2200 1047 2254 546),

390 2259 488 2295 intra
509 2260 654 2296 Tanain
680 2265 716 2297 et
737 2260 892 2309 Volgam
915 2264 951 2297 et
969 2260 1049 2307 qui-

393 2316 476 2352 dem
497 2316 662 2352 orientali
682 2317 717 2352 in
736 2322 859 2365 parte,
890 2317 936 2353 ab
959 2316 1048 2353 urbe

394 2369 570 2408 Astracan
609 2373 637 2408 si
678 2373 777 2408 recta
823 2373 1048 2408 occidentem

393 2440 516 2465 versus
533 2428 675 2473 tendas,
706 2428 825 2465 adhuc
846 2428 948 2477 plura
969 2440 1048 2464 esse

394 2485 562 2529 deserta3
593 2496 742 2533 quarum
754 2497 863 2520 unum
886 2485 951 2521 hoc
970 2484 1048 2519 loco

394 2541 440 2577 ab
461 2540 652 2577 Herodoto
681 2540 918 2591 probabiliter
944 2540 1048 2576 intol-

392 2597 535 2645 ligatnr.
595 2597 706 2640 Quod
731 2598 938 2643 desertum,
981 2609 1047 2632 au-

392 2657 491 2691 ctore
511 2654 690 2691 Gatterer.
713 2653 734 2689 l.
753 2652 772 2689 l.
795 2666 881 2704 pag.
906 2655 960 2695 33
983 2653 1048 2689 ho-

392 2710 452 2748 die
476 2714 626 2748 vocatur
650 2708 860 2757 ladanum,
898 2723 924 2747 s.
951 2709 1047 2746 Ura-

393 2766 479 2804 Iz'um
519 2767 728 2813 desertum,
783 2779 805 2805 a
843 2766 1046 2804 Calmuccis

1106 511 1262 564 Nar-yn,
1317 526 1338 549 a
1371 513 1499 550 Russis
1542 511 1765 563 Ityn-peskz'.

1105 570 1288 608 Mannert.
1310 570 1356 606 lv
1376 582 1460 620 pag.
1475 573 1553 610 109
1572 571 1620 606 de
1643 570 1765 617 regio-

1105 639 1150 664 ne
1172 627 1341 664 sabulosa
1374 631 1473 662 trans
1498 625 1652 674 Volgam
1674 626 1768 662 circa

1106 682 1220 720 lacum
1239 682 1372 720 salsum
1386 711 1394 726 ‚
1425 682 1534 718 Elton
1548 711 1557 728 ,
1588 682 1646 718 hic
1666 682 1767 729 cogi-

1106 740 1257 776 tandum
1288 751 1368 775 esse
1397 739 1614 788 suspicatur.
1674 738 1768 775 Utut

1109 799 1189 842 est,
1229 795 1277 831 ad
1308 794 1518 831 orientalem
1549 793 1692 843 Volgae
1720 794 1769 830 ri-

1108 862 1193 900 pam
1212 850 1302 887 haec
1321 850 1466 887 deserta
1484 851 1694 899 quaerenda
1707 863 1766 887 es-

1109 919 1169 953 se,
1206 906 1264 943 hic
1283 905 1352 942 illic
1375 919 1470 942 nunc
1499 906 1547 942 ad
1569 905 1768 954 agricultu-

1107 976 1182 999 ram
1203 962 1366 999 adhiberi
1384 965 1535 1012 coepta,
1556 963 1769 1012 pronuntiat

1106 1019 1300 1057 Reichard.
1323 1018 1345 1054 l.
1368 1018 1390 1055 l.
1412 1030 1497 1068 pag.
1521 1020 1586 1058 33.
1607 1038 1658 1047 —
1677 1018 1767 1056 Mox

1106 1088 1185 1113 cum
1211 1078 1362 1112 recentt.
1387 1074 1471 1112 edd.
1498 1074 1644 1111 exhibui
1665 1067 1767 1113 ἄπο-

1106 1133 1279 1171 κλίνοντι
1306 1144 1373 1182 pro
1397 1126 1668 1170 α’ποκλίναντι.
1705 1131 1765 1170 Cf.

1106 1188 1171 1236 Ill,
1198 1186 1288 1228 114.
1319 1187 1442 1225 Verba
1460 1184 1562 1238 πρὸς
1588 1182 1766 1238 ἀπηλιώ-

1106 1260 1178 1295 την
1201 1241 1351 1294 ἅνεμον
1385 1242 1437 1295 (in
1457 1245 1586 1293 quibus
1613 1240 1764 1296 ἄνεμον

1107 1301 1212 1338 simili
1240 1301 1464 1338 abundantia
1489 1301 1670 1338 adiectum
1697 1314 1766 1351 pu-

1107 1364 1248 1404 tamus,
1304 1358 1376 1406 qua
1413 1358 1448 1393 in
1484 1356 1664 1395 locutione
1692 1357 1764 1405 illa,

1106 1411 1203 1464 πρὸς
1222 1414 1350 1464 βορῆν
1374 1410 1522 1463 ἄνεμον
1544 1413 1611 1461 lV,
1637 1417 1686 1462 7,
1716 1415 1766 1450 si-

1107 1470 1274 1517 milibus)
1296 1469 1434 1507 valent:
1475 1468 1637 1516 Eurum,
1670 1469 1766 1507 Sub-

1107 1527 1266 1563 solanum
1285 1538 1418 1571 versus,
1447 1530 1488 1562 ut
1508 1525 1570 1572 lv,
1591 1529 1656 1568 99.
1674 1526 1766 1568 152.

1107 1583 1190 1630 Vll,
1220 1584 1312 1623 188.
1362 1582 1458 1620 Nam
1489 1580 1509 1621 ὁ
1537 1577 1767 1633 ἀπηλιώτης

1107 1639 1316 1676 subsolanus
1350 1643 1406 1677 est
1434 1642 1587 1685 ventus,
1631 1640 1692 1689 qui
1718 1641 1765 1677 ab

1105 1702 1188 1733 ortu
1204 1695 1457 1745 aequinoctiali
1467 1697 1645 1745 procedit.
1667 1696 1765 1733 Nos:
1800 1726 1809 1735 .

1109 1752 1287 1790 Ostwe'nd.
1335 1753 1393 1789 Cf.
1421 1751 1574 1788 Salmas.
1594 1752 1763 1789 Exercitt.

1107 1810 1223 1846 Plinn.
1257 1821 1344 1859 pag.
1368 1809 1451 1849 879
1470 1808 1538 1854 F.,
1573 1821 1646 1858 quo
1667 1813 1764 1847 recte

1106 1867 1217 1902 utitur
1235 1864 1415 1915 Leopold.
1437 1865 1485 1901 ad
1507 1864 1604 1902 Plnt.
1623 1866 1762 1902 Sertor.

1105 1924 1141 1963 8.
1182 1922 1320 1959 Coraes
1360 1922 1408 1958 ad
1453 1921 1668 1971 Hippocrat.
1704 1921 1764 1958 De

1104 1992 1178 2015 aer.
1201 1991 1258 2027 aq.
1291 1982 1329 2015 et
1358 1978 1444 2015 locc.
1462 1977 1508 2014 T.
1531 1978 1546 2013 l
1572 1992 1608 2029 p.
1628 1977 1762 2016 LXIX.

1103 2034 1306 2072 LXXXlll.

1163 2089 1420 2141 Θυσσαγέται]
1461 2091 1546 2130 Vid.
1578 2091 1671 2137 infra
1699 2089 1763 2136 IV,

1109 2150 1188 2189 123
1212 2152 1249 2184 et
1267 2148 1396 2198 steph.
1419 2148 1507 2196 ssyz.
1526 2161 1554 2184 s.
1573 2160 1605 2184 v,
1628 2160 1665 2197 p.
1679 2145 1763 2186 405

1105 2204 1214 2241 Berk.
1255 2203 1363 2254 Apud
1391 2204 1542 2241 Plinium
1564 2203 1612 2239 H.
1630 2201 1677 2240 N.
1698 2201 1763 2248 lV,

1110 2264 1160 2301 12
1186 2259 1287 2311 (26).
1320 2260 1383 2306 Vl,
1401 2263 1425 2300 7
1447 2264 1624 2296 vocantur
1643 2258 1761 2295 Thus-

1106 2321 1262 2364 sagetae.
1306 2317 1402 2353 Add.
1424 2316 1602 2365 Pompon.
1624 2315 1711 2351 Mel.
1734 2315 1762 2361 l,

1109 2376 1173 2418 19,
1202 2372 1299 2413 141:
1346 2373 1485 2419 „luxta
1505 2371 1761 2420 Thyssagetae

1105 2429 1141 2466 T
1144 2442 1322 2477 nrcaeqne
1349 2434 1467 2465 vastas
1501 2427 1620 2475 sni-as
1655 2441 1760 2464 occu-

1105 2490 1195 2535 pant
1215 2485 1432 2534 alunturque
1452 2484 1676 2529 venando;“
1699 2485 1761 2521 ubi

1105 2542 1199 2577 conf.
1218 2542 1264 2577 ‹le
1287 2542 1383 2578 vocis
1405 2542 1582 2589 scriptura
1598 2540 1760 2577 Tzschu-

1104 2599 1171 2634 cke
1191 2598 1228 2633 in
1248 2602 1337 2634 nott.
1355 2600 1446 2634 critt.
1471 2596 1551 2633 vol.
1576 2596 1606 2632 ll
1628 2596 1669 2633 P.
1691 2597 1757 2646 lp.

1104 2653 1198 2694 648.
1253 2654 1342 2690 l’ost
1370 2653 1428 2690 De
1460 2653 1645 2701 Gnignes‚
1697 2652 1759 2702 .ὶυί

1104 2709 1125 2746 Ι.
1145 2709 1165 2746 l.
1186 2722 1271 2760 pag.
1297 2710 1389 2751 546.
1407 2710 1489 2750 550
1515 2709 1758 2760 Thyssagetas

1101 2767 1149 2804 ad
1170 2772 1358 2818 utramque
1370 2766 1510 2816 Volgae
1524 2768 1638 2818 ripam
1652 2767 1689 2804 in
1701 2778 1759 2803 re-
