1863 3256
108 576 243 611 mom-rus
262 576 385 604 Darium

110 618 163 644 per
189 610 264 636 duan

282 616 384 644 portas

111 643 217 679 recipit
235 652 264 673 a.
281 645 341 672 5115.

444 190 529 230 270

840 191 1311 232 HERODOTI

446 297 729 353 συγκειμένας
763 300 948 355 ἡμέρας,
986 302 1163 358 ἐξήγαγε
1201 304 1244 354 ές
1273 303 1322 347 τὸ
1364 303 1742 359 προειρημένου·6

444 369 518 412 καὶ
564 370 900 427 κυκλωσάμενος
949 374 1242 430 κατεφόνευσε
1296 375 1399 426 τοὺς
1451 387 1711 431 τετρακισχι-

416 442 584 492 6λίους.
643 440 701 492 ὥς
732 441 777 486 δὲ
807 445 876 486 καὶ
909 449 1038 488 τοῦτο
1068 446 1353 501 κατέργαστο,
1392 446 1535 490 πάντα
1567 447 1620 502 δὴ
1657 442 1714 503 ἦν

285 510 384 557 158
442 511 490 555 ἐν
533 518 647 556 τοῖσι
684 516 1008 570 Βαβυλωνίοισι
1046 516 1287 570 Ζώπυρος,
1328 517 1402 560 καὶ
1446 518 1715 575 στρατάρχης

442 598 486 625 τε
517 577 646 634 οὗτός
674 595 754 638 σφι
783 584 856 627 καὶ
885 587 1144 643 τειχοφύλαξ
1181 586 1453 633 ἀπεδέδεκτο.
1513 593 1708 645 Προσβο-
1727 597 1771 630 10

442 654 524 710 λήν
571 655 617 698 δὲ
657 656 854 708 Δαρείου
893 657 1004 701 κατὰ
1041 658 1094 702 τά
1142 661 1399 715 συγκείμενα
1445 661 1712 713 ποιευμένου

442 725 565 779 πέριξ
609 725 658 769 τὸ
700 731 862 781 τεῖχος,
903 729 1096 774 ἐνθαῦτα
1136 731 1189 787 δὴ
1219 730 1362 774 πάντα
1401 731 1479 775 τὸν
1519 731 1654 775 δόλον
1688 730 1712 775 ὁ

417 803 439 836 2
451 795 665 849 Ζώπυρος
704 797 913 854 ἐξέφαινε.

973 803 1016 844 οἱ
1056 802 1135 856 μὲν
1171 802 1254 856 γὰρ
1290 802 1569 859 Βαβυλώνιοι
1607 801 1711 846 ἀνα-

445 867 600 923 βάντες
629 867 700 911 έπὶ
729 869 777 912 τὸ
808 876 964 927 τεῖχος,
999 871 1222 928 ἠμύνοντο
1251 872 1332 928 τὴν
1360 875 1554 928 Δαρείου
1584 886 1712 928 στρα-

442 937 540 994 τιὴν
569 940 960 996 προσβάλλουσαν·
992 940 1015 986 ὁ
1047 943 1092 986 δὲ
1116 942 1331 998 Ζώπυρος
1359 943 1436 995 τάς
1465 960 1509 987 τε
1529 947 1714 996 Κισσίας
1729 952 1770 985 15

433 1079 567 1122 πάντα
589 1081 640 1134 δή
667 1078 721 1135 ἦν
750 1100 785 1124 κ.
815 1101 845 1124 τ.
868 1087 924 1137 λ.]
963 1087 986 1124 i.
1017 1101 1048 1125 e.

385 1143 538 1177 vinnium
561 1143 674 1190 primo
705 1142 776 1179 Ioco
800 1144 899 1193 apud
923 1143 1049 1194 Baby-

386 1198 496 1234 lonios
517 1198 719 1234 censebatur
733 1203 764 1235 et
779 1199 962 1237 dicebatur
975 1201 1048 1237 Ζο-

381 1267 506 1304 pyrus.
566 1254 606 1291 In
628 1268 700 1304 qua
722 1256 924 1303 locutione,
947 1259 1048 1307 quod

385 1310 427 1349 ἐν
448 1315 532 1348 ante
552 1315 655 1349 τοῖσι
675 1312 802 1349 melius
821 1314 939 1350 omitti
959 1328 1048 1352 cen-

384 1372 442 1405 set
463 1367 590 1405 Valck.
613 1369 682 1415 (ad
704 1369 793 1416 Vll,
821 1370 934 1418 156),
957 1371 1046 1407 satis

386 1424 517 1461 iustam
547 1425 717 1473 equidem
757 1439 831 1463 non
866 1428 1046 1478 perspicio

385 1494 543 1517 causam.
568 1480 616 1517 At
630 1494 713 1518 vero
727 1483 848 1519 omisit
860 1484 1050 1534 praeposi-

374 1538 522 1586 tionem
546 1538 737 1575 Matthiae.
766 1538 827 1576 Tu
841 1541 884 1576 cf.
902 1544 1050 1589 praeter

384 1594 473 1640 VII,
508 1594 586 1634 156
611 1594 727 1632 *etiam
759 1608 869 1646 supra
898 1597 937 1643 l,
969 1600 1049 1639 122

386 1651 473 1698 ibiq.
493 1649 616 1688 laudd.
678 1650 759 1688 Alia
778 1651 900 1689 attulit
917 1653 965 1690 ad
983 1667 1049 1690 no-

385 1711 499 1743 strum
520 1707 636 1744 locum
657 1707 876 1758 iVesseling.

445 1759 789 1815 στρατάρχης]
863 1766 919 1803 Ita
967 1780 1047 1803 cum

388 1819 593 1868 Schweigh.
612 1826 649 1858 et
661 1821 776 1858 Gaisf.
791 1821 947 1870 exhibui,
968 1836 1048 1860 cum

388 1876 510 1925 plures
536 1877 615 1914 libri
639 1875 907 1928 στρατιάρχης.
947 1879 1050 1916 Lau-

389 1933 477 1968 dant
513 1933 734 1984 interpretes
773 1936 911 1972 Herod.
950 1936 1048 1984 VIII,

389 1988 453 2028 44.
492 1988 624 2027 Athen.
647 1990 659 2026 I
689 2004 724 2040 p.
750 1994 811 2030 11.
836 1991 940 2029 Philo
970 1992 1047 2029 Iud.

387 2058 416 2081 c.
440 2044 556 2082 Flacc.
578 2061 614 2098 p.
636 2049 729 2087 981.
760 2047 1046 2086 Pindar.Isthm.

386 2100 431 2148 v,
452 2104 516 2143 30.

565 2159 673 2209 Cap.
705 2159 869 2197 CLVIII.

443 2211 541 2252 κατά
584 2212 631 2253 τά
671 2216 933 2267 συγκείμενα]
965 2218 986 2254 i.
1017 2231 1049 2255 e.

387 2271 575 2307 secundum
606 2285 658 2319 ea,
683 2286 772 2322 quae
803 2287 879 2311 cum
907 2275 1049 2324 Zopyro

387 2333 627 2365 couvenerant.
676 2330 867 2379 Expressit
898 2330 1050 2368 locutio-

389 2395 471 2418 nem
496 2384 652 2422 Pausan.
676 2385 775 2432 vlu,
798 2390 846 2427 10
869 2385 904 2437 ἓ,
921 2386 960 2433 4,
988 2388 1048 2423 nbi

388 2439 459 2475 vid.
483 2440 617 2477 Siebel.
648 2441 705 2478 De
730 2456 816 2479 voce
836 2442 947 2493 πέριξ
974 2444 1046 2480 vid.

388 2499 481 2531 nott.
512 2497 558 2532 ad
587 2497 655 2544 lv,
690 2498 752 2538 15.
784 2522 835 2528 -—
872 2500 914 2535 ln
944 2512 1046 2548 seqq.

388 2551 513 2601 scripsi
531 2566 609 2589 cum
632 2554 799 2603 Schwgh.
814 2558 852 2591 et
871 2556 986 2592 Gaiss.
1010 2554 1051 2594 οἱ

391 2605 463 2657 μὲν
500 2605 572 2660 γάρ
602 2611 718 2660 13«ss„
755 2611 901 2656 delens,
938 2624 1047 2660 quam

391 2664 501 2712 vulgo
528 2666 714 2712 inserunt,
745 2667 959 2716 particulam
997 2664 1046 2717 δή

390 2726 478 2770 post
494 2718 579 2772 γάρ.
601 2742 656 2749 ·-
677 2722 734 2759 De
756 2723 846 2759 lovis
858 2723 935 2760 Beli
957 2728 1047 2760 tem-

392 2777 452 2827 plo
469 2779 540 2815 vid.
561 2782 654 2815 nott.
677 2779 725 2815 ad
746 2779 772 2826 l,
791 2782 880 2821 181.
904 2801 959 2807 —-
989 2779 1047 2817 Ad

391 2846 514 2872 vocem
546 2833 708 2881 ἕκαστος
736 2837 781 2873 cf.
812 2836 944 2873 Matth.
978 2836 1045 2873 Gr.

1107 1087 1173 1125 Gr.
1199 1101 1236 1137 p.
1263 1089 1346 1128 602
1379 1091 1416 1125 et
1443 1100 1553 1138 supra
1583 1088 1645 1134 III,
1676 1082 1766 1130 150.

1106 1145 1256 1181 Ctesiae
1281 1145 1311 1181 si
1337 1145 1567 1191 confidimus,
1596 1157 1653 1182 res
1680 1158 1769 1182 con-

1104 1201 1199 1238 fecta
1232 1205 1288 1238 est
1319 1213 1390 1238 non
1413 1201 1567 1250 Zopyri,
1599 1202 1664 1238 sed
1686 1202 1768 1238 Me-

1104 1258 1236 1306 gabyzi
1263 1258 1385 1307 opera.
1419 1257 1528 1295 Conf.
1549 1256 1671 1295 Pei-ss.
1695 1258 1769 1295 Ex-

1105 1319 1232 1364 cerptt.
1253 1312 1289 1364 §.
1314 1316 1379 1354 22.

1161 1365 1234 1416 τάς
1251 1385 1291 1409 τε
1312 1369 1479 1416 Κισσίας
1499 1367 1566 1408 καὶ
1599 1369 1768 1420 Βηλίδας

1104 1426 1345 1477 καλεομένας
1373 1423 1526 1476 πύλας]
1564 1426 1768 1476 Utramque

1105 1489 1250 1534 portam
1276 1483 1312 1519 in
1341 1483 1506 1519 orientali
1538 1483 1635 1519 urbis
1663 1487 1767 1533 parte

1105 1541 1217 1577 fuisse
1252 1540 1336 1577 inde
1372 1540 1512 1588 colligit
1538 1539 1692 1577 Rennel.
1727 1552 1765 1590 p.

1106 1596 1202 1642 543,
1233 1600 1332 1645 quod
1361 1596 1476 1633 Cissia
1504 1599 1612 1646 porta
1640 1595 1767 1646 procul

1106 1653 1217 1689 dubio
1237 1654 1332 1689 Susa
1351 1654 1527 1690 orientem
1548 1665 1673 1690 xersus
1699 1654 1767 1689 du-

1104 1710 1218 1755 xerit3
1248 1709 1333 1746 Beli
1357 1713 1521 1759 portam,
1551 1722 1571 1746 e
1597 1722 1671 1758 qua
1690 1709 1766 1745 Ba-

1105 1765 1241 1814 bylonii
1270 1767 1305 1803 in
1328 1766 1408 1803 Beli
1441 1765 1635 1816 templum,
1666 1766 1767 1815 quod

1106 1822 1242 1860 scilicet
1271 1824 1473 1873 proximum
1495 1822 1608 1859 fuisse
1632 1822 1767 1872 proba-

1106 1878 1178 1916 bile
1202 1883 1272 1925 est,
1304 1880 1545 1927 confugerint,
1577 1879 1613 1914 in
1637 1879 1765 1915 eadem

1106 1939 1212 1985 parte
1248 1937 1357 1973 fuisse
1396 1937 1492 1972 idem
1523 1939 1670 1982 censet,
1710 1935 1767 1971 in-

1107 1992 1227 2040 deque
1263 1993 1371 2029 etiam
1404 1996 1660 2040 argumentum
1698 2004 1765 2041 pe-

1105 2048 1161 2094 tit,
1191 2062 1264 2097 quo
1287 2049 1404 2099 ipsum
1424 2048 1501 2085 Beli
1528 2047 1702 2098 templum
1730 2048 1766 2083 in

1106 2105 1273 2142 orientali
1299 2105 1397 2141 urbis
1425 2109 1529 2154 parte
1552 2105 1658 2141 situm
1680 2104 1768 2140 suis-

1106 2173 1146 2198 se
1171 2166 1441 2199 commonstret.
1511 2160 1628 2197 Nobis
1661 2160 1709 2197 ad
1736 2159 1766 2207 Ι,

1108 2219 1184 2258 181
1204 2218 1426 2268 probabilior
1445 2219 1523 2254 visa
1543 2222 1599 2254 est
1618 2230 1661 2254 ea
1682 2229 1767 2252 sen-

1105 2275 1233 2321 tentia,
1258 2275 1329 2323 qua
1350 2275 1385 2310 in
1406 2273 1623 2322 occidentali
1642 2272 1767 2321 Baby-

1103 2331 1195 2367 lonis
1219 2336 1324 2380 parte
1355 2331 1423 2367 hoc
1452 2328 1628 2378 templum
1658 2328 1768 2365 collo-

1107 2388 1180 2424 cari
1208 2387 1352 2423 debeat.
1391 2407 1446 2413 —-
1487 2384 1584 2423 Nini
1611 2388 1763 2434 portam,

1104 2443 1297 2479 Herodoto
1321 2446 1653 2487 commemoratam,
1685 2454 1766 2478 cum

1106 2499 1264 2535 Niniven
1283 2499 1449 2543 (luxerit,
1478 2499 1524 2535 ad
1549 2498 1768 2548 septentrio-

1105 2568 1188 2591 nem
1218 2559 1404 2604 spectasse.
1433 2554 1587 2592 ]tenuel.
1625 2554 1766 2600 statuit,

1107 2611 1340 2647 Chaldaicam
1372 2615 1532 2660 portum,
1578 2611 1766 2648 meridiem

1105 2680 1240 2712 versus,
1264 2667 1508 2704 Sc›1111'1·‹1111e‘‹le's
1534 2671 1687 2718 portam,
1709 2679 1766 2704 se-

1103 2726 1346 2773 ptentrionem
1367 2730 1403 2761 et
1426 2726 1604 2762 orientem
1626 2736 1763 2761 versus.

1105 2780 1229 2829 Atque
1257 2782 1401 2817 omnino
1425 2795 1446 2818 a
1470 2786 1575 2831 parte
1597 2782 1766 2817 occiden-

1105 2836 1166 2873 tali
1196 2837 1291 2873 nulla
1313 2837 1510 2886 Babylonis
1539 2837 1653 2875 videri
1677 2837 1766 2874 suis-
