1863 3256
387 173 471 214 372

786 169 1258 211 HERODOTI

388 285 565 327 πολλῶν
597 280 819 338 Ἑλλήνων
859 281 970 336 ἔχειν
1009 280 1059 324 τό
1090 279 1263 334 οὔνομα
1292 275 1504 333 γυναικὸς
1533 276 1660 322 αὐτό-

390 359 574 410 χθονος·
625 350 652 407 ἡ
697 351 744 394 δὲ
776 349 896 405 Ἀσίη
935 350 1002 394 ἐπὶ
1040 354 1116 406 τῆς
1152 348 1415 406 Προμηθέος
1452 348 1662 404 γυναικός

361 424 475 481 4τήν
505 423 769 476 ἐπωνυμίην.
827 420 900 463 καὶ
937 418 1099 463 τούτου
1140 421 1219 476 μὲν
1255 419 1660 476 μεταλαμβάνονται

389 499 470 538 τοῦ
495 492 740 548 ου’νόματος
762 490 926 539 Λυδοὶ,
958 489 1148 546 φάμενοι
1172 490 1239 534 ἐπὶ
1255 488 1426 542 Ἀσίεω,
1455 495 1538 534 τοῦ
1569 490 1661 534 Κό-

389 582 511 616 τυος,
541 566 620 606 τοῦ
651 559 840 612 Μάνεω,
869 566 1104 618 κεκλῆσθαι
1134 562 1215 618 τήν
1239 560 1404 619 Ἀσίην,
1444 559 1541 605 ἀλλ’
1571 561 1657 606 οὐκ
1726 556 1815 602 3οΓ

392 636 460 679 ἐπὶ
501 638 577 689 τῆς
619 630 883 688 Προμηθέος
921 632 1080 690 Ἀσίης·
1132 631 1208 676 ἀπ’
1250 632 1348 676 ὅτευ
1387 633 1460 678 καὶ
1496 632 1577 690 τήν
1615 633 1718 677 ἐν61

397 776 425 828 ἦ
454 775 496 816 δὲ
513 771 622 825 Ἀσίη
649 773 715 814 ἐπὶ
738 777 811 826 τῆς
834 778 1004 827 Προμη-

340 833 439 880 θέος
460 827 669 884 γυναικός]
701 832 793 869 Cum
811 833 1003 870 Herodoto

339 891 428 929 facit
447 889 624 939 Stephan.
643 888 734 938 Byz.
765 901 793 925 s.
820 902 853 925 v.
881 884 1002 928 Ἀσία.

340 946 411 986 ΑΙὶί
448 945 572 983 Asiam
608 944 819 982 Promethei
859 950 1004 982 matrem

341 1002 549 1054 appellant,
580 1008 621 1038 ut
646 1001 814 1038 Eustath.
842 1002 889 1039 ad
913 1002 1004 1040 Dio-

342 1073 424 1109 nys.
445 1059 589 1107 Perieg.
610 1059 711 1104 270,
741 1057 820 1094 coll.
842 1059 891 1095 ad
909 1060 1003 1104 620,

343 1116 405 1166 qui
435 1115 652 1153 Herodotea
684 1114 820 1161 citans,
859 1115 1006 1152 exhibet

345 1167 493 1224 μητρός
523 1171 608 1221 (pro
631 1166 862 1222 γυναικός),
892 1170 1008 1222 Apol-

342 1229 460 1266 lodor.
480 1227 517 1275 l,
547 1229 584 1267 2.
615 1229 641 1268 3
671 1227 752 1274 (ubi
771 1227 1007 1277 conf.,Heyn.

344 1286 520 1323 Observv.
543 1297 580 1334 p.
605 1286 654 1324 10
678 1288 713 1321 et
732 1284 816 1321 add.
836 1284 1007 1321 Volcker.

342 1339 551 1390 Mytholog.
599 1340 635 1376 d.
679 1340 796 1390 lapet.
837 1354 872 1391 p.
925 1340 1006 1381 375

344 1397 469 1448 seqq.)
507 1396 578 1433 alii.
638 1394 697 1434 De
725 1396 833 1433 Asiae
868 1410 955 1434 voce
985 1409 1007 1433 a

342 1455 495 1502 regione
514 1452 656 1501 Lydiae
672 1466 789 1504 prope
812 1453 1007 1502 Caystrum

345 1511 396 1548 ad
441 1509 644 1546 universam
683 1510 781 1545 orbis
832 1513 1007 1546 terrarum

342 1570 487 1618 partem
506 1565 673 1602 traducta
692 1565 765 1601 vid.
784 1565 918 1615 Heyne
930 1566 1009 1603 Ob-

326 1634 462 1660 *servv.
485 1622 533 1657 ad
555 1620 706 1659 Homer.
725 1620 827 1658 Iliad.
850 1622 900 1658 lv
920 1634 1005 1672 pag.

346 1680 442 1720 278.
488 1676 569 1715 Alia
595 1676 642 1714 de
658 1677 768 1715 Asiae
795 1678 942 1716 nomine
961 1678 1009 1715 ad

345 1734 490 1785 Lydiae
506 1737 639 1772 certam
654 1734 837 1784 quandam
849 1735 1010 1785 particu-

347 1791 420 1828 lam
445 1790 593 1841 proprie
611 1792 816 1841 pertinente
835 1797 871 1828 et
884 1791 1010 1841 paula-

347 1848 414 1885 tim
435 1847 570 1884 deinde
586 1848 635 1884 ad
654 1852 807 1884 tractum
826 1848 924 1885 orbis
935 1853 1012 1885 ter-

350 1916 470 1941 rarum
495 1904 700 1941 universum
718 1904 887 1941 traducto
905 1904 1011 1941 dabit

350 1960 567 2009 Bernhardy
605 1961 653 1997 ad
683 1960 836 2010 Dionys,
865 1960 1011 2010 Perieg,

353 2018 434 2057 836
470 2030 507 2067 p.
547 2014 629 2055 754
666 2030 708 2053 ac
737 2029 826 2067 prae
859 2018 1012 2054 caeteris

351 2072 387 2110 T
391 2072 570 2110 zschucke
599 2073 647 2109 ad
667 2072 846 2123 Pompon.
871 2073 958 2111 Mel.
984 2073 1014 2120 I,

352 2132 378 2169 2
399 2129 475 2166 init.
499 2132 594 2165 nott.
611 2141 741 2178 exegg.
765 2128 844 2165 Vol.
864 2130 915 2166 111
934 2129 974 2166 Ρ.
998 2130 1013 2166 Ι

353 2198 439 2236 pag.
462 2188 516 2225 52
547 2185 593 2221 de
613 2185 681 2222 hoc
699 2186 845 2223 nomine
865 2187 1015 2236 eiusque

354 2242 455 2278 varia
498 2241 767 2289 significatione
807 2243 1016 2293 copiosissi-

355 2310 413 2334 me
426 2298 626 2347 disputaus.
649 2299 782 2336 Ritter.
795 2299 968 2337 Vorhalle
978 2313 1014 2350 p.

356 2354 450 2393 300.
491 2353 584 2393 457.
625 2353 707 2395 467
745 2356 852 2392 Asiae
883 2368 1018 2393 nomen

355 2408 559 2456 significare
579 2412 768 2448 contendit
788 2425 926 2449 sacram
947 2416 1018 2448 ter-

355 2476 454 2511 ram,
494 2465 682 2515 Odiuique
722 2480 744 2504 a
784 2469 912 2514 sociis,
953 2469 1015 2517 qui

355 2521 450 2557 Asen
487 2519 594 2569 vu!go
629 2529 828 2569 vocantur,
868 2525 1017 2575 repetit.

357 2577 467 2621 Quod
491 2577 674 2615 monuisse
695 2579 783 2615 satis
804 2580 882 2616 erit.

415 2629 589 2683 φάμενοι
634 2633 699 2673 ἐπὶ
740 2630 905 2682 Ἀσίεω,
945 2637 1018 2674 τοῦ

360 2684 534 2736 Κότυος,
560 2691 631 2728 τοῦ
654 2685 833 2741 Μάνεω]
866 2692 924 2729 Cf.
942 2692 1018 2728 Eu-

354 2745 465 2782 stath.
488 2746 536 2782 ad
548 2745 697 2795 Dionys.
711 2749 804 2789 620.
835 2748 888 2785 Ae
906 2761 1019 2798 supra

356 2802 389 2849 Ι,
421 2804 445 2840 7
468 2802 563 2852 Lydi
593 2815 614 2840 a
634 2802 760 2853 Lydo,
790 2805 895 2854 Atyis
930 2804 1015 2851 filio,

1061 777 1132 813 orti
1163 776 1353 824 dicuntur,
1381 778 1443 826 qui
1460 778 1558 816 idem
1581 776 1671 826 Atys
1693 776 1722 824 l,

1063 832 1116 872 94
1134 832 1263 869 Manis
1284 834 1496 882 perhibetur
1515 834 1629 879 fliius,
1659 834 1722 882 qui

1060 888 1095 925 h.
1116 887 1138 925 l.
1157 894 1309 925 vocatur
1320 889 1446 937 Cotys.
1477 889 1535 927 De
1555 902 1629 938 quo
1647 890 1723 926 dis-

1061 956 1172 982 sensu
1196 945 1268 981 iam
1301 945 1349 981 ad
1378 945 1414 990 1,
1444 946 1499 986 94
1529 957 1614 995 pag.
1639 946 1717 986 241

1060 1000 1264 1038 monuimus
1290 1001 1475 1039 Herodoti
1502 1002 1612 1040 verba
1643 1014 1725 1039 mu-

1060 1057 1176 1094 tanda
1206 1069 1286 1094 esse
1315 1062 1505 1107 negantes.
1551 1057 1726 1107 Namque

1062 1118 1101 1150 ut
1138 1113 1281 1151 codices
1311 1118 1454 1151 taceam
1483 1115 1725 1164 refragantes,

1064 1169 1125 1207 alii
1155 1182 1304 1219 quoque
1323 1175 1464 1207 exstant
1485 1175 1620 1218 testes,
1650 1170 1726 1207 Co-

1063 1231 1161 1275 tyem
1201 1225 1323 1263 Manis
1358 1226 1470 1264 filium
1501 1228 1563 1276 qui
1599 1226 1725 1278 perhi-

1065 1283 1176 1328 bent3
1209 1288 1247 1319 ut
1266 1296 1352 1321 sane
1370 1283 1529 1334 proclive
1547 1285 1593 1321 sit
1617 1283 1727 1333 quid-

1065 1351 1177 1389 quam
1196 1344 1348 1377 mutare.
1388 1340 1470 1376 Alia
1490 1352 1586 1377 nunc
1605 1340 1728 1377 mitta-

1065 1408 1168 1441 mus·,
1219 1408 1328 1433 unum
1369 1397 1558 1434 audiamus
1593 1395 1726 1434 Ritter.

1062 1452 1222 1489 Vorhall.
1248 1466 1284 1501 p.
1311 1453 1392 1494 365
1414 1453 1560 1490 nomina
1581 1451 1726 1499 Manes,

1068 1507 1196 1558 Cotys,
1234 1507 1350 1559 Botys
1384 1509 1433 1545 ad
1461 1510 1642 1546 Graecam
1671 1511 1729 1546 in-

1066 1564 1186 1602 dolem
1217 1564 1340 1602 efficta
1365 1569 1614 1611 statuentem,
1644 1578 1728 1602 eum

1066 1634 1151 1659 vere
1208 1621 1282 1658 sint
1338 1622 1488 1659 asiatica
1538 1634 1560 1660 e
1608 1622 1728 1671 prisco

1066 1677 1247 1715 Buddhae
1277 1683 1470 1728 tempore,
1511 1678 1572 1715 ubi
1603 1676 1730 1715 Menes

1067 1734 1164 1772 idem
1200 1735 1299 1784 quod
1335 1734 1430 1770 homo
1467 1735 1585 1783 (unde
1621 1747 1729 1781 mens,

1066 1790 1207 1836 Minos)
1237 1795 1276 1828 et
1304 1790 1429 1828 Klwdo
1455 1805 1497 1830 ac
1515 1790 1620 1829 Roda
1639 1791 1732 1829 Per-

1068 1860 1190 1885 sarum
1211 1848 1295 1884 sint.

1125 1899 1192 1943 ἄπ’
1224 1900 1336 1954 ὅτευ]
1377 1903 1478 1942 Male
1506 1903 1616 1953 vulgo
1645 1897 1728 1942 οἷπό

1069 1974 1147 1999 τευ.
1187 1960 1244 1998 Cf.
1278 1960 1313 2008 I,
1358 1963 1384 2001 7
1420 1961 1545 2010 ibique
1581 1961 1732 1997 citatum

1069 2017 1222 2063 Struve,
1262 2017 1370 2067 Spec.
1413 2017 1452 2063 Ι,
1491 2017 1555 2066 qui
1594 2016 1731 2054 ibidem

1070 2086 1157 2124 pag.
1194 2072 1219 2114 5
1252 2078 1417 2110 nostrum
1450 2075 1574 2122 attigit
1601 2072 1732 2118 locum,

1071 2132 1108 2167 in
1129 2143 1200 2179 quo
1220 2143 1300 2166 curn
1321 2130 1506 2166 Sancrosti
1524 2129 1616 2167 liber
1632 2128 1734 2166 exhi-

1071 2187 1160 2224 beat
1190 2181 1248 2225 ἐπ’
1270 2182 1360 2224 ὅτευ
1393 2186 1514 2235 (quod
1532 2187 1651 2236 ipsum
1671 2198 1732 2222 re-

1072 2244 1168 2294 cepit
1219 2243 1450 2289 Schaefer.)‚
1497 2247 1618 2279 utrum
1665 2235 1733 2279 ἀπ’

1071 2296 1160 2338 ὅτευ
1208 2311 1255 2336 an
1299 2294 1358 2338 ἐπ’
1393 2295 1482 2338 ὅτευ
1517 2297 1732 2335 Herodotus

1073 2356 1280 2406 scripserit,
1321 2354 1474 2392 definire
1504 2366 1579 2391 non
1603 2353 1731 2399 audet,

1072 2425 1152 2450 cum
1193 2417 1385 2460 utramque
1420 2411 1733 2461 praepositionem

1073 2467 1213 2505 Nostro
1264 2467 1299 2503 in
1348 2479 1415 2504 usu
1455 2467 1568 2504 fuisse
1611 2465 1734 2517 plures

1074 2524 1271 2560 ostendant
1297 2523 1377 2560 loci.
1417 2522 1478 2560 Sic
1508 2522 1577 2560 hoc
1596 2523 1678 2574 ipso
1696 2522 1735 2559 in

1073 2579 1194 2629 capite
1238 2579 1373 2629 pluries
1421 2579 1602 2616 invenitur
1645 2577 1735 2624 ἒπί;

1075 2635 1151 2672 aiiis
1193 2634 1279 2672 locis
1313 2640 1351 2672 ut
1379 2634 1415 2681 1,
1456 2637 1493 2675 7.
1532 2634 1611 2676 145
1646 2629 1736 2674 ἆπὸ.

1074 2692 1171 2736 Quin
1190 2691 1405 2741 plerumque
1422 2691 1502 2728 libri
1521 2691 1648 2741 scripti
1666 2692 1738 2728 flu-

1075 2754 1199 2785 ctuant
1223 2749 1317 2785 inter
1334 2747 1400 2786 ἐπί
1418 2752 1454 2786 et
1465 2742 1554 2786 οἷπό.
1584 2748 1660 2794 Sic,
1680 2748 1735 2785 uti

1074 2804 1142 2841 hoc
1161 2810 1255 2852 utar,
1286 2817 1353 2855 pro
1374 2802 1458 2843 ἐπὶ
1474 2798 1639 2855 Λιβύης
1658 2808 1733 2843 tres
