1946 3272
186 821 264 865 τὸν
293 823 540 878 νεηνίσκον.

186 895 398 948 κυραίους
429 891 693 948 ἐτιμωρέετο.

131 1494 292 1531 Verbum
330 1491 560 1534 στέλλεσθαι
595 1496 642 1533 de
677 1494 798 1546 profe—

132 1552 244 1587 ctione
262 1580 274 1597 ,
334 1553 516 1588 maritima
570 1556 797 1604 praesertim,

130 1607 228 1644 haud
251 1608 473 1657 infrequens.
513 1610 596 1646 Vid.
616 1610 681 1656 111,
706 1610 797 1651 124.

131 1664 177 1711 V,
196 1663 261 1703 43.
284 1665 361 1711 Vll,
386 1669 423 1706 2.
445 1667 539 1705 239.
572 1666 729 1704 Siebelis
749 1667 798 1703 ad

131 1719 290 1758 Pausan.
320 1721 347 1768 l,
369 1724 395 1761 2
433 1720 470 1772 ἓ.
493 1724 530 1762 3.
579 1722 638 1759 Ad
663 1724 796 1760 verba:

132 1774 157 1816 ό
177 1774 219 1815 δὲ
239 1781 333 1823 παῖς
357 1777 406 1816 οἱ
425 1777 462 1824 ἐς
482 1776 555 1829 τήν
571 1774 796 1829 Κόρινθον,

132 1834 194 1870 ubi
215 1834 308 1871 male
325 1834 431 1871 abest
449 1836 576 1872 vocula
597 1835 639 1875 οἵ
656 1837 799 1873 duobus

131 1903 154 1928 a
172 1890 294 1937 libris,
326 1891 423 1928 conf.
442 1891 506 1938 Ill,
529 1890 591 1932 14.
618 1892 679 1933 15.
703 1894 768 1933 55.

187 1947 387 1986 κτείνουσι
442 1944 512 1987 τόν
565 1947 796 2000 νεηνίσκον]

131 2003 239 2041 Hanc
268 2004 315 2041 ob
339 2017 467 2041 necem
497 2005 630 2042 bellum
660 2008 799 2044 confla-

131 2064 211 2097 tum
234 2061 359 2098 scribit
381 2061 505 2099 Schol.
527 2062 737 2113 Thucydid.
768 2062 797 2109 I,

134 2118 184 2157 13
211 2130 449 2167 pugnamque
477 2120 704 2157 commissam
731 2133 797 2156 na-

130 2173 270 2221 valem,
311 2187 420 2224 quam
440 2177 600 2213 omnium
619 2177 798 2225 antiquis-

132 2231 258 2268 simam
300 2244 367 2281 per
398 2232 591 2270 Graeciam
630 2233 797 2283 perhibet

132 2287 211 2337 ipse
229 2287 469 2336 Thucydides
499 2290 663 2328 ducentis
692 2303 797 2327 sexa-

134 2344 237 2392 ginta
266 2345 370 2381 annis
408 2349 493 2383 ante
527 2346 658 2384 bellurn
690 2346 798 2383 Pelo-

133 2401 390 2451 ponnesiacum
403 2402 567 2449 finitum3
595 2404 694 2441 unde
711 2416 798 2440 con-

134 2469 291 2506 sequens
311 2462 386 2505 est,
415 2458 485 2496 hoc
505 2460 681 2498 accidisse
699 2472 797 2496 anno

136 2513 217 2554 664
244 2527 275 2551 a.
305 2515 391 2551 Chr.
422 2528 481 2563 n.‚
530 2530 602 2566 quo
632 2522 799 2567 tempore

137 2569 334 2619 Cypselus,
365 2571 555 2610 Periandri
576 2578 709 2623 pater,
740 2586 799 2610 re-

137 2637 214 2661 rum
248 2628 409 2666 nondum
443 2634 522 2666 erat
554 2631 714 2681 potitus3
761 2630 798 2667 id

139 2682 239 2729 quod
257 2694 351 2720 anno
379 2690 466 2734 post
486 2687 631 2724 demum
650 2687 683 2725 ei
704 2686 799 2723 obti-

139 2737 204 2784 git.
246 2739 352 2776 conf.
370 2739 541 2780 Larcher.
573 2745 619 2781 ad
647 2743 681 2780 h.
710 2743 731 2780 l.
762 2749 799 2780 et

139 2792 235 2831 Tab.
254 2793 411 2832 chronol.
431 2797 477 2834 T.
501 2799 567 2836 VII
595 2813 682 2851 pag.
704 2801 797 2840 603·

138 2849 233 2891 604.
274 2850 379 2894 Quae
399 2858 440 2890 ut
460 2867 581 2895 secum
601 2855 799 2895 concilien-

194 2905 402 2945 Hssnonor·.
420 2908 467 2946 11.

596 210 942 251 THALIA.
1001 210 1065 249 111.

1410 217 1466 256 07

189 324 365 381 πέμπει,
410 320 679 379 βουλόμενος
709 318 845 371 αὐτὸς
873 319 952 376 μὲν
982 319 1025 371 ἐς
1055 317 1295 372 Κέρκυραν
1323 319 1467 375 ἥκειν·

190 396 357 439 ἐκεῖνον
384 393 429 436 δὲ
458 391 624 436 ἐκέλευε
656 390 698 442 ἐς
728 391 958 446 Κόρινθον
987 389 1279 445 ἀπικόμενον,
1320 389 1470 432 διάδο-

161 474 182 508 8
192 484 269 524 χον
288 468 487 523 γίνεσθαι
516 466 590 519 τῆς
607 464 882 517 τυραννίδος.
930 462 1284 510 Καταινέσαντος
1309 457 1353 502 δ’
1397 459 1495 502 ἐπὶ1

188 538 383 582 τούτοισι
412 538 492 578 τοῦ
517 535 695 586 παιδὸς,
727 533 750 577 ὁ
781 534 860 588 μὲν
885 536 1160 589 Περίανδρος
1190 530 1407 575 ἐστέλλετο
1429 530 1472 581 ἐς

188 608 268 665 τήν
306 607 566 661 Κέρκυραν,
619 605 642 649 ὁ
693 606 737 648 ὁὲ
779 609 881 655 παῖς
930 606 975 647 οἱ
1020 605 1063 656 ἐς
1106 603 1188 660 τήν
1227 601 1470 656 Κόρινθον.

159 678 411 735 9μαθόντες
443 677 488 721 ὁὲ
518 679 561 720 οἱ
590 680 861 731 Κερκυραῖοι
890 674 1061 719 τούτων
1100 675 1280 726 ἕκαστα,
1310 675 1383 716 ἵνα
1412 671 1472 729 μή

188 760 268 805 σφι
297 751 571 804 Περίανδρος
613 748 655 799 ἐς
692 747 772 804 τὴν
804 746 951 804 χώρην
981 745 1207 802 ἀπίκηται,
1247 747 1498 788 κτείνουσιὸ

598 819 708 863 ’Λντὶ
738 818 909 863 τούτων
940 818 1018 875 μὲν
1050 818 1328 873 Περίανδρος
1360 819 1470 872 Κερ-

298 965 644 1020 Λακεδαιμόνιοι
683 963 728 1006 δὲ
769 962 908 1018 στόλῳ
946 959 1119 1019 μεγάλῳ
1152 957 1211 1010 ὥς
1241 957 1468 1012 ἀπίκοντο,

186 1035 472 1091 ἐπολιόρκεον
501 1034 669 1091 Σάμον.
729 1031 1053 1089 προσβαλόντες
1092 1032 1138 1075 δὲ
1167 1031 1278 1085 πρὸς
1311 1031 1360 1075 τὸ
1390 1036 1469 1075 τεῖ-

186 1124 282 1163 χος,
320 1111 402 1151 τοῦ
431 1106 510 1163 μὲν
538 1108 650 1161 πρὸς
680 1103 883 1160 θαλάσσῃ
912 1103 1122 1154 ἑστεῶτος
1151 1102 1328 1159 πύργου
1357 1102 1469 1147 zato}
1485 1112 1528 1145 10

186 1178 236 1221 τό
259 1178 524 1232 προάστειον
544 1183 620 1234 τῆς
651 1176 803 1226 πόλιος
833 1173 1132 1232 ὑπερέβησαν·
1165 1173 1271 1231 μετὰ
1292 1173 1364 1226 δὲ,
1398 1172 1469 1217 αὖ·

186 1254 268 1294 τοῦ
298 1248 606 1307 βοηθήσαντος
639 1246 947 1300 Πολυκράτεος
975 1247 1084 1303 χειρὶ
1114 1250 1274 1302 πολλῇ,
1307 1243 1471 1302 ἀπηλά-

157 1327 376 1378 Ξσθησαν.
430 1321 541 1365 κατὰ
578 1320 622 1364 δὲ
663 1319 740 1364 τὸν
771 1318 917 1363 ἐπάνω
948 1317 1143 1375 πύργον,
1187 1317 1266 1362 τὸν
1294 1316 1365 1361 ἐπὶ
1393 1320 1470 1374 τῆς

856 1498 935 1542 tur,
971 1494 1134 1532 Bouhier
1166 1495 1205 1531 in
1242 1493 1343 1532 Diss.
1382 1494 1526 1532 Herod.

855 1565 934 1602 cap.
956 1551 1025 1588 XV
1051 1553 1087 1588 in
1108 1551 1332 1600 Thucydide
1353 1564 1420 1602 pro
1443 1553 1527 1592 260

855 1609 960 1646 annis
978 1609 1106 1659 reponi
1124 1608 1240 1645 voluit
1264 1610 1368 1655 160,
1406 1609 1458 1645 ita
1487 1612 1528 1645 ut

854 1678 972 1702 annus
991 1666 1125 1702 existat
1144 1665 1226 1706 564
1237 1665 1366 1702 a.Chr.
1382 1678 1434 1712 n.‚
1453 1677 1526 1714 quo

854 1722 982 1771 utique
1000 1723 1201 1760 Periander
1225 1722 1418 1771 imperium
1445 1734 1526 1758 sus-

857 1779 964 1828 cepit.
1043 1777 1124 1816 Nos
1162 1792 1240 1815 cum
1276 1778 1525 1827 WVesselingio

857 1834 1098 1872 Scholiastam
1117 1834 1257 1885 lapsum
1272 1848 1351 1872 esse
1363 1840 1524 1872 statuere

855 1891 1043 1928 malumus.
1085 1892 1279 1929 Caeterum
1310 1897 1437 1929 auctor
1466 1897 1524 1928 est

855 1948 1044 1997 Diogenes
1071 1947 1194 1985 Laert.
1219 1949 1254 1995 Ι,
1284 1948 1337 1989 95
1369 1948 1524 1986 Perian-

856 2005 982 2051 drum,
1010 2006 1139 2042 nuntio
1162 2005 1209 2042 de
1232 2005 1522 2053 Corcyraeorum

854 2062 1045 2098 iuvenibus
1064 2062 1166 2098 Sami
1186 2061 1339 2099 servatis
1359 2066 1524 2112 accepto,

853 2131 1020 2156 moerore
1051 2119 1256 2156 consectum
1287 2118 1362 2155 vita
1393 2118 1525 2156 cessis-

854 2188 917 2222 se,
963 2187 1079 2212 annos
1114 2179 1239 2212 natum
1266 2175 1382 2213 ferme
1423 2179 1525 2212 octo-

853 2232 971 2281 ginta.

1064 2288 1173 2338 Cap.
1210 2286 1308 2325 LIV.

922 2342 1250 2396 ὕπερέβησαν]
1316 2343 1401 2381 Duo
1443 2344 1525 2381 libri

856 2399 913 2440 ἐπ
927 2399 945 2439 ε’
957 2401 1100 2451 βησαν,
1122 2402 1222 2451 quod
1234 2401 1332 2438 haud
1353 2400 1525 2451 displicet

855 2457 1114 2508 Wesselingio.
1165 2458 1224 2496 Tu
1241 2458 1339 2495 conf.
1354 2458 1382 2505 l,
1405 2456 1458 2498 84
1485 2464 1524 2495 et

857 2528 954 2564 quae
987 2514 1092 2565 plura
1123 2515 1169 2552 de
1206 2527 1272 2552 usu
1309 2515 1410 2551 verbi
1440 2513 1526 2553 ἐπι-

857 2572 1013 2623 βαίνειν
1045 2585 1124 2608 cum
1157 2571 1321 2620 genitivo
1352 2571 1524 2608 excitavi-

856 2641 936 2666 mus
957 2629 1005 2665 ad
1023 2628 1206 2665 Plutarch.
1230 2627 1359 2676 Pyrrh.
1382 2641 1416 2678 p.
1440 2628 1523 2669 214

856 2697 934 2734 seq.
983 2684 1063 2722 Nos
1094 2685 1141 2721 ob
1164 2684 1384 2734 reliquorum
1414 2684 1523 2720 libro-

855 2755 934 2779 rum
992 2742 1249 2779 auctoritatem
1306 2741 1521 2778 retinuimus

855 2798 1052 2847 vulgatam.

912 2851 982 2895 τόν
1009 2852 1075 2894 ἐπὶ
1096 2855 1168 2905 τῆς
1195 2848 1333 2903 ῥάχιος
1362 2853 1434 2890 τοῦ
1454 2847 1522 2890 οὕ-

1216 2913 1240 2950 7

1546 948 1780 977 Lacedaemonii

1529 983 1651 1011 Samum
1660 982 1806 1011 obsident.
