1946 3272
593 201 952 246 THALIA.

63 329 132 375 90
189 318 252 363 θᾶ
282 330 362 375 σφι
389 315 531 361 πάντα
569 313 883 371 ἐμηχανήσατο.
938 309 1044 356 'And
1085 311 1165 366 μὲν
1204 310 1258 367 δή
1292 310 1468 364 Ἰώνων,

191 391 265 435 καὶ
297 386 546 444 Μαγνήτων
574 389 663 429 τῶν
694 386 741 429 ἐν
770 389 825 443 τῇ
853 383 992 441 Ἀσίῃ,
1040 383 1113 426 καὶ
1143 382 1362 433 Αἰολέων,
1395 385 1468 427 καὶ

191 464 376 516 Καρῶν,
421 457 494 500 καὶ
532 458 732 508 Λυκίων,
774 455 849 500 καὶ
885 453 1117 502 Μιλυέων,
1158 453 1232 496 καὶ
1271 454 1465 509 Παμφύ-

190 536 298 580 λων,
329 527 388 580 εἷς
405 527 488 585 γὰρ
511 523 567 585 ἦν
596 529 640 571 οἱ
665 527 923 584 τεταγμένος
945 525 1088 583 φόρος
1106 520 1259 576 οὗτος,
1286 524 1468 581 προσήϊε
1525 530 1557 554 ²¹¹
1581 535 1608 555 ⁰·

189 599 446 655 τετρακόσια
482 599 673 644 τάλαντα
714 597 944 654 ἀργυρίου.

1012 203 1073 241 ΙΙΙ.
1382 209 1463 248 161

1014 594 1038 640 ὀ
1085 597 1165 652 μὲν
1202 594 1255 652 δὴ
1294 600 1526 652 πρῶτοςΞο

160 667 320 723 Ξοῦτός
358 673 401 715 οἱ
439 670 576 728 νομὸς
616 669 881 728 κατεστήκεε.
939 667 1039 711 Ἀπὸ
1080 668 1125 711 δὲ
1156 671 1350 720 ιΜυσῶν,
1392 668 1468 712 καὶ

187 744 371 792 Λυδῶν,
414 743 486 787 καὶ
517 743 771 796 Λασονίων,
812 740 885 785 καὶ
915 740 1175 796 Καβαλίων,
1219 739 1292 783 καὶ
1317 736 1471 796 Ὑγεν-

131 928 261 966 nullius
282 929 333 967 rei
356 942 477 967 curam
495 929 722 967 rationemve
738 928 805 966 ha-

131 985 210 1032 bet,
220 986 331 1023 durus
351 999 394 1023 ac
414 987 592 1037 superbus
607 991 673 1025 est.
705 986 804 1023 Hinc

132 1042 181 1079 Vl
197 1071 207 1089 ,
249 1044 328 1082 137
366 1044 567 1092 iunguntur
607 1039 727 1095 ὕβρις
767 1047 805 1080 et

134 1093 337 1150 ὄλιγωρίη.

192 1153 215 1195 ὁ
232 1153 274 1194 δὲ
293 1152 355 1194 ὅτι
371 1152 493 1204 ἤπιος
503 1170 536 1193 κ.
547 1171 578 1193 τ.
591 1153 640 1204 λ.]
660 1154 801 1193 Eadem

134 1212 182 1250 de
203 1213 315 1261 Cyre,
337 1213 399 1261 qui
421 1215 540 1262 patris
557 1211 803 1262 appellatione

133 1282 156 1307 a
188 1269 343 1305 subditis
375 1269 624 1314 afficiebatur,
654 1269 801 1318 praedi-

133 1329 219 1363 cant
254 1325 401 1362 Proclus
439 1330 476 1363 et
514 1325 727 1375 Olympiod.
763 1326 801 1361 in

135 1382 357 1419 Commemt.
385 1382 433 1419 ad
465 1381 607 1420 Platon.
639 1380 757 1420 Alcib.
788 1381 803 1418 I

133 1451 221 1489 pag.
245 1439 321 1479 151
343 1451 420 1487 seq.
448 1439 480 1475 ΙΙ
502 1452 587 1489 pag.
606 1441 672 1480 45.
707 1439 803 1476 Add.

133 1496 290 1533 Pausan.
320 1495 428 1542 VIlI,
457 1495 510 1535 43
555 1493 590 1546 ἓ.
622 1497 648 1536 3
680 1496 805 1545 ibique

135 1551 291 1590 Siebelis
321 1565 406 1602 pag.
434 1553 530 1594 335.
561 1552 714 1590 Diodor.
738 1553 805 1600 lv,

137 1610 204 1649 30.
225 1609 343 1648 Cicer.
363 1609 422 1647 De
440 1608 579 1659 republ.
600 1609 629 1656 Ι,
645 1613 697 1651 27
712 1610 799 1658 ibiq.

134 1664 177 1703 A.
200 1664 286 1702 Mai.
316 1665 394 1703 coll.
421 1665 466 1711 ll,
491 1668 556 1707 26.
588 1666 804 1704 Herodotea

135 1722 259 1770 attigit
293 1722 460 1759 Eustath.
492 1723 540 1759 ad
572 1723 612 1760 ΙΙ.
646 1723 703 1770 ΙΙ,
737 1724 802 1763 57.

135 1778 254 1816 Multa
274 1779 320 1816 de
342 1778 396 1815 his
417 1779 596 1816 Gataker.
618 1780 665 1816 ad
687 1779 806 1816 Anto-

135 1836 211 1872 nin.
228 1835 257 1882 l,
277 1838 301 1876 9
323 1849 409 1886 pag.
436 1838 496 1876 11.
556 1836 656 1872 Satis
682 1841 804 1875 autem

135 1896 276 1938 notum,
297 1904 370 1940 quo
391 1905 501 1928 sensu
521 1893 589 1929 sibi
608 1906 806 1943 opponan-

135 1951 194 1985 tur
224 1943 356 2000 πατήρ
387 1962 430 1986 ac
463 1944 677 1999 δεσπότης,
709 1962 805 1998 quae

137 2005 286 2054 quidem
308 2005 505 2055 appellatio
528 2006 662 2043 domini
685 2007 805 2044 Grae-

137 2062 187 2099 cis
202 2074 346 2113 semper
365 2063 546 2100 invidiosa
568 2064 774 2101 videbatur.

360 2120 390 2157 C
403 2132 470 2171 ap.
498 2120 580 2157 XC.

194 2171 432 2229 Μαγνήτων
450 2178 530 2214 τῶν
544 2175 586 2215 ἐν
605 2178 654 2231 τῇ
672 2171 801 2230 Ἀσίῃ]

137 2230 341 2281 ΆῙαςηείεε,
361 2234 423 2282 qui
444 2234 479 2269 in
498 2233 586 2270 Asia
602 2234 733 2270 minori
754 2234 802 2270 ad

137 2288 379 2328 Maeandrum
404 2294 442 2327 et
463 2289 694 2339 Magnesiam
718 2304 804 2340 pro-

137 2358 185 2396 pe
205 2345 370 2396 Sipylum
400 2347 639 2394 habitabant,
669 2347 803 2384 distin-

140 2407 301 2450 guuntur
312 2404 358 2441 ab
371 2404 533 2441 eiusdem
546 2404 700 2441 nominis
712 2417 803 2452 gen-

139 2463 188 2505 te,
219 2461 368 2508 quaein
392 2460 586 2497 Thessalia
606 2460 713 2498 sedes
736 2461 802 2497 ha-

142 2514 226 2551 buit.
256 2515 340 2553 Vid.
359 2517 439 2563 VII,
462 2518 723 2558 173.183.——
744 2517 804 2554 Ad

143 2569 335 2611 Μιλυέων
353 2575 447 2610 conf.
467 2574 495 2620 l,
513 2575 588 2614 173
603 2575 690 2623 ibiq.
710 2578 805 2611 nott.

144 2647 200 2653 —
219 2626 277 2663 Ad
298 2629 390 2667 hanc
410 2632 678 2680 praefecturam
709 2644 804 2680 quae

145 2682 350 2733 adscriptae
385 2693 490 2724 erant
527 2692 680 2737 gentes,
737 2700 804 2725 eae

143 2751 268 2776 omnes
291 2753 389 2778 oram
401 2742 510 2781 Asiae
531 2745 678 2781 minoris
695 2744 804 2781 mari-

143 2795 269 2831 timam
289 2798 546 2837 occidentalem
569 2805 607 2838 et
632 2801 806 2838 meridio-

144 2850 263 2888 nalem
276 2852 351 2889 sere
362 2858 476 2893 totam
487 2856 632 2907 explent
649 2870 671 2895 a
682 2856 805 2896 Troa-

193 2907 404 2949 Hnnono'r.
438 2911 484 2949 ll.

861 929 909 967 de
925 927 1012 965 inde
1033 939 1149 976 usque
1170 926 1218 963 ad
1238 926 1415 964 Ciliciam.
1455 926 1527 964 So—

861 985 914 1022 los
936 985 1135 1033 Milyenses
1158 997 1233 1020 non
1264 984 1310 1020 ad
1335 997 1436 1021 oram
1459 985 1528 1022 sed

861 1043 959 1079 intus
997 1041 1203 1087 habitasse,
1248 1040 1335 1078 inde
1376 1041 1529 1078 forsitan

861 1098 981 1146 colligi
1000 1098 1149 1148 poterit,
1174 1097 1274 1146 quod
1296 1097 1378 1143 Vll,
1399 1100 1452 1139 77
1473 1098 1529 1134 in-

861 1160 918 1193 ter
938 1154 1062 1204 copias
1074 1154 1203 1190 Xerxis
1223 1154 1413 1202 pedestres
1430 1167 1530 1190 com-

860 1215 1121 1250 memorantur.
1158 1210 1278 1247 Dores
1297 1222 1444 1259 quoque
1461 1211 1529 1248 hac

861 1267 1022 1318 satrapia
1034 1266 1321 1317 comprehensos
1333 1267 1440 1304 fuisse
1452 1280 1528 1304 non

859 1325 1080 1362 dubitamus.
1140 1323 1321 1361 Rennelio
1350 1323 1372 1362 l.
1396 1322 1418 1359 l.
1442 1335 1528 1374 pag.

860 1380 942 1422 481
965 1393 1044 1418 eam
1065 1380 1113 1417 ob
1134 1392 1279 1417 causam
1300 1379 1448 1417 videtur
1467 1392 1531 1418 rex

861 1451 988 1475 omnes
1017 1441 1149 1485 gentes
1172 1437 1262 1474 mari
1283 1437 1466 1486 proximas
1494 1437 1531 1474 in

861 1508 971 1532 unam
994 1494 1226 1531 coniunxisse
1248 1494 1439 1540 ditionem,
1454 1506 1530 1543 quo

862 1551 1012 1590 navales
1052 1551 1179 1601 copiae
1209 1551 1271 1587 uni
1300 1551 1530 1600 potissimum

865 1609 950 1646 duci
986 1621 1030 1646 ac
1062 1608 1250 1659 praefecto
1282 1612 1407 1645 essent
1442 1607 1532 1645 sub-

860 1667 970 1703 ditae.

898 1720 966 1760 καὶ
977 1720 1208 1768 Λασονίων,
1218 1718 1285 1759 καὶ
1297 1719 1529 1771 Καβαλίων,

862 1777 931 1818 καὶ
956 1777 1191 1830 Ὓγεννέων]
1224 1779 1265 1814 In
1288 1778 1343 1813 his
1371 1777 1531 1814 nomini-

863 1836 930 1873 bus
961 1836 1042 1872 libri
1076 1836 1202 1885 scripti
1235 1834 1388 1871 variant.
1448 1833 1531 1872 Nos

863 1892 1068 1941 Schweigh.
1102 1897 1141 1929 et
1171 1892 1290 1929 Gaisf.
1319 1890 1435 1928 secuti
1469 1903 1532 1927 su-

862 1962 954 1987 mus.
1025 1949 1097 1986 Pro
1128 1948 1347 1987 Λασονίων
1378 1948 1415 1984 in
1442 1946 1535 1984 Flo-

862 2007 1008 2043 rentino
1032 2005 1184 2054 aliisque
1209 2005 1316 2042 codd.
1348 2004 1531 2040 invenitur

859 2058 1111 2102 Ἀλυσονίων.
1141 2062 1200 2100 De
1223 2075 1297 2111 quo
1319 2061 1414 2098 conf.
1434 2065 1529 2097 nott.

860 2121 907 2157 ad
924 2120 987 2166 IV,
1003 2121 1067 2160 17.
1101 2119 1279 2156 Valcken.
1301 2118 1528 2155 coniecerat:

859 2176 1079 2216 Λασονίων
1101 2178 1182 2214 τῶν
1212 2174 1279 2214 καὶ
1304 2172 1527 2225 Καβηλέων

859 2231 1135 2284 καλευμένων,
1168 2237 1246 2269 tum
1274 2232 1321 2268 ob
1354 2231 1434 2277 Vll,
1458 2234 1528 2276 77,

860 2291 921 2327 ubi
948 2290 1038 2327 haec
1062 2294 1225 2327 exstant:
1259 2283 1466 2339 Καβήλεες
1485 2284 1530 2326 δὲ

862 2346 902 2386 οἷ
934 2342 1125 2401 Μῄονες,
1156 2342 1359 2384 Λασόνιοι,
1385 2342 1427 2383 δὲ
1457 2359 1529 2383 κα-

860 2398 1081 2454 λεύμενοι),
1112 2408 1190 2440 tum
1222 2403 1268 2439 ob
1298 2402 1530 2451 Hygennen-

861 2474 932 2508 ses,
946 2466 1094 2509 gentem
1117 2472 1267 2510 prorsus
1288 2459 1529 2508 incognitam.

861 2518 1043 2555 Videntur
1089 2522 1211 2554 autem
1252 2516 1360 2553 sedes
1398 2515 1528 2552 harum

861 2575 1024 2624 gentium
1045 2575 1080 2611 in
1090 2574 1208 2622 Lydia
1221 2573 1371 2621 eiusque
1389 2585 1433 2610 ea
1444 2583 1529 2622 par-

862 2636 913 2677 te,
936 2644 1031 2680 quae
1050 2631 1097 2667 ad
1115 2630 1266 2678 Lyciam
1286 2630 1417 2678 vergit,
1449 2640 1531 2665 esse

862 2688 1109 2738 quaerendae.
1151 2687 1259 2723 Conf.
1278 2685 1434 2723 Rennel.
1462 2683 1483 2719 l.
1506 2683 1530 2719 l.

861 2758 947 2794 pag.
978 2744 1073 2785 482.
1120 2743 1306 2780 Cabaliam
1342 2742 1528 2789 regionem

861 2802 964 2838 novit
986 2801 1123 2837 Plinius
1146 2800 1196 2836 H.
1218 2798 1266 2836 N.
1286 2798 1334 2843 V,
1354 2800 1407 2836 28
1445 2795 1528 2841 (ubi

861 2858 932 2895 vid.
953 2857 1109 2896 Parisot.
1129 2868 1215 2907 pag.
1239 2852 1340 2903 341)
1358 2851 1436 2890 coll.
1460 2851 1526 2890 32.

1610 328 1801 356 lnruminoa-

1626 372 1639 387 κ
1690 363 1803 389 ‹leseri-

1617 404 1642 422 m
1664 397 1800 428 numium

1622 430 1692 455 irue
1741 431 1803 456 uin-

1659 464 1801 497 satrapiis

1622 495 1655 522 iti
1687 497 1801 530 magni-
