<?xml version="1.0" encoding="UTF-8"?>
<!DOCTYPE html PUBLIC "-//W3C//DTD XHTML 1.0 Transitional//EN"
    "http://www.w3.org/TR/xhtml1/DTD/xhtml1-transitional.dtd">
<html xmlns="http://www.w3.org/1999/xhtml" xml:lang="en" lang="en">
 <head>
  <title>
</title>
<meta http-equiv="Content-Type" content="text/html;charset=utf-8" />
  <meta name='ocr-system' content='tesseract 3.04.00' />
  <meta name='ocr-capabilities' content='ocr_page ocr_carea ocr_par ocr_line ocrx_word'/>
</head>
<body>
  <div class='ocr_page' id='page_1' title='image "./musaeher02hero_0037.png"; bbox 0 0 1879 3255; ppageno 0'>
   <div class='ocr_carea' id='block_1_1' title="bbox 600 172 1070 213">
    <p class='ocr_par' dir='ltr' id='par_1_1' title="bbox 600 172 1070 213">
     <span class='ocr_line' id='line_1_1' title="bbox 600 172 1070 213; baseline -0.004 0"><span class='ocrx_word' id='word_1_1' title='bbox 600 172 947 213; x_wconf 87' lang='lat' dir='ltr'><strong>THALIA.</strong></span> <span class='ocrx_word' id='word_1_2' title='bbox 1007 173 1070 213; x_wconf 84' lang='lat'><strong>111.</strong></span> 
     </span>
    </p>
   </div>
   <div class='ocr_carea' id='block_1_2' title="bbox 1407 182 1464 221">
    <p class='ocr_par' dir='ltr' id='par_1_2' title="bbox 1407 182 1464 221">
     <span class='ocr_line' id='line_1_2' title="bbox 1407 182 1464 221; baseline 0.018 -1"><span class='ocrx_word' id='word_1_3' title='bbox 1407 182 1464 221; x_wconf 75' lang='lat'><strong>27</strong></span> 
     </span>
    </p>
   </div>
   <div class='ocr_carea' id='block_1_3' title="bbox 138 276 1521 768">
    <p class='ocr_par' dir='ltr' id='par_1_3' title="bbox 138 276 1521 768">
     <span class='ocr_line' id='line_1_3' title="bbox 193 276 1463 343; baseline -0.003 -11"><span class='ocrx_word' id='word_1_4' title='bbox 193 289 254 340; x_wconf 77' lang='grc' dir='ltr'><strong>ὠς</strong></span> <span class='ocrx_word' id='word_1_5' title='bbox 290 283 596 341; x_wconf 78' lang='grc' dir='ltr'><em>ἀπενειχθέντα</em></span> <span class='ocrx_word' id='word_1_6' title='bbox 625 282 713 327; x_wconf 81' lang='grc' dir='ltr'><strong>ὑπὸ</strong></span> <span class='ocrx_word' id='word_1_7' title='bbox 744 282 932 336; x_wconf 87' lang='grc' dir='ltr'><em>τούτου,</em></span> <span class='ocrx_word' id='word_1_8' title='bbox 973 276 1024 327; x_wconf 74' lang='grc' dir='ltr'><em>εὖ</em></span> <span class='ocrx_word' id='word_1_9' title='bbox 1062 283 1231 328; x_wconf 84' lang='grc' dir='ltr'><em>δοκέειν</em></span> <span class='ocrx_word' id='word_1_10' title='bbox 1270 286 1314 327; x_wconf 82' lang='grc' dir='ltr'><strong>οἱ</strong></span> <span class='ocrx_word' id='word_1_11' title='bbox 1351 288 1463 343; x_wconf 77' lang='grc' dir='ltr'><em>εἰρῆ-</em></span> 
     </span>
     <span class='ocr_line' id='line_1_4' title="bbox 138 353 1521 411; baseline 0 -11"><span class='ocrx_word' id='word_1_12' title='bbox 138 367 178 400; x_wconf 84' lang='grc'><strong>13</strong></span> <span class='ocrx_word' id='word_1_13' title='bbox 190 366 305 403; x_wconf 77' lang='grc' dir='ltr'><em>σθαι.</em></span> <span class='ocrx_word' id='word_1_14' title='bbox 364 356 422 407; x_wconf 74' lang='grc' dir='ltr'><strong>ὥς</strong></span> <span class='ocrx_word' id='word_1_15' title='bbox 452 356 498 399; x_wconf 84' lang='grc' dir='ltr'><strong>δὲ</strong></span> <span class='ocrx_word' id='word_1_16' title='bbox 527 354 692 411; x_wconf 81' lang='grc' dir='ltr'><em>λέγεται</em></span> <span class='ocrx_word' id='word_1_17' title='bbox 721 353 802 399; x_wconf 81' lang='grc' dir='ltr'><strong>ὑπ’</strong></span> <span class='ocrx_word' id='word_1_18' title='bbox 834 355 1108 410; x_wconf 85' lang='grc' dir='ltr'><em>Αἰγυπτίων,</em></span> <span class='ocrx_word' id='word_1_19' title='bbox 1142 353 1352 409; x_wconf 78' lang='grc' dir='ltr'><em>δακρύειν</em></span> <span class='ocrx_word' id='word_1_20' title='bbox 1387 356 1521 411; x_wconf 77' lang='grc' dir='ltr'><em>μὲν65</em></span> 
     </span>
     <span class='ocr_line' id='line_1_5' title="bbox 189 422 1465 484; baseline -0.004 -11"><span class='ocrx_word' id='word_1_21' title='bbox 189 433 407 484; x_wconf 85' lang='grc' dir='ltr'><em>Κροῖσον,</em></span> <span class='ocrx_word' id='word_1_22' title='bbox 438 425 648 482; x_wconf 81' lang='grc' dir='ltr'><em>ἐτετεύχεε</em></span> <span class='ocrx_word' id='word_1_23' title='bbox 673 427 757 483; x_wconf 73' lang='grc' dir='ltr'><strong>γάρ</strong></span> <span class='ocrx_word' id='word_1_24' title='bbox 787 428 861 471; x_wconf 85' lang='grc' dir='ltr'><strong>καὶ</strong></span> <span class='ocrx_word' id='word_1_25' title='bbox 882 422 1014 477; x_wconf 81' lang='grc' dir='ltr'><em>οὗτος</em></span> <span class='ocrx_word' id='word_1_26' title='bbox 1034 425 1326 482; x_wconf 77' lang='grc' dir='ltr'><em>ἐπισπόμενος</em></span> <span class='ocrx_word' id='word_1_27' title='bbox 1343 429 1465 482; x_wconf 86' lang='grc' dir='ltr'><em>Καμ-</em></span> 
     </span>
     <span class='ocr_line' id='line_1_6' title="bbox 186 496 1465 556; baseline -0.001 -13"><span class='ocrx_word' id='word_1_28' title='bbox 186 498 299 556; x_wconf 82' lang='grc' dir='ltr'><em>βύσῃ</em></span> <span class='ocrx_word' id='word_1_29' title='bbox 330 496 397 541; x_wconf 80' lang='grc' dir='ltr'><strong>ἐπ’</strong></span> <span class='ocrx_word' id='word_1_30' title='bbox 431 499 682 553; x_wconf 81' lang='grc' dir='ltr'><em>Αἴγυπτον,</em></span> <span class='ocrx_word' id='word_1_31' title='bbox 714 498 927 553; x_wconf 80' lang='grc' dir='ltr'><em>δακρύειν</em></span> <span class='ocrx_word' id='word_1_32' title='bbox 951 498 998 542; x_wconf 79' lang='grc' dir='ltr'><strong>δὲ</strong></span> <span class='ocrx_word' id='word_1_33' title='bbox 1022 497 1228 552; x_wconf 84' lang='grc' dir='ltr'><em>Περσέων</em></span> <span class='ocrx_word' id='word_1_34' title='bbox 1248 496 1355 549; x_wconf 79' lang='grc' dir='ltr'><strong>τούς</strong></span> <span class='ocrx_word' id='word_1_35' title='bbox 1386 515 1465 542; x_wconf 86' lang='grc' dir='ltr'><strong>πα-</strong></span> 
     </span>
     <span class='ocr_line' id='line_1_7' title="bbox 185 566 1463 627; baseline -0.001 -14"><span class='ocrx_word' id='word_1_36' title='bbox 185 569 386 624; x_wconf 82' lang='grc' dir='ltr'><em>ρεόντας·</em></span> <span class='ocrx_word' id='word_1_37' title='bbox 437 566 558 626; x_wconf 79' lang='grc' dir='ltr'><em>αὐτῷ</em></span> <span class='ocrx_word' id='word_1_38' title='bbox 596 585 641 612; x_wconf 88' lang='grc' dir='ltr'><strong>τε</strong></span> <span class='ocrx_word' id='word_1_39' title='bbox 667 570 889 627; x_wconf 86' lang='grc' dir='ltr'><em>Καμβύσῃ</em></span> <span class='ocrx_word' id='word_1_40' title='bbox 929 569 1123 614; x_wconf 80' lang='grc' dir='ltr'><em>ἐσελθεῖν</em></span> <span class='ocrx_word' id='word_1_41' title='bbox 1166 567 1318 613; x_wconf 81' lang='grc' dir='ltr'><em>οἶκτόν</em></span> <span class='ocrx_word' id='word_1_42' title='bbox 1347 586 1463 624; x_wconf 87' lang='grc' dir='ltr'><em>τινα,</em></span> 
     </span>
     <span class='ocr_line' id='line_1_8' title="bbox 181 639 1464 685; baseline -0.001 0"><span class='ocrx_word' id='word_1_43' title='bbox 181 641 255 685; x_wconf 86' lang='grc' dir='ltr'><strong>καὶ</strong></span> <span class='ocrx_word' id='word_1_44' title='bbox 286 639 442 684; x_wconf 76' lang='grc' dir='ltr'><em>αὐτίκα</em></span> <span class='ocrx_word' id='word_1_45' title='bbox 471 640 663 684; x_wconf 84' lang='grc' dir='ltr'><em>κελεύειν</em></span> <span class='ocrx_word' id='word_1_46' title='bbox 691 640 772 685; x_wconf 90' lang='grc' dir='ltr'><strong>τόν</strong></span> <span class='ocrx_word' id='word_1_47' title='bbox 809 642 855 685; x_wconf 88' lang='grc' dir='ltr'><em>τέ</em></span> <span class='ocrx_word' id='word_1_48' title='bbox 886 643 931 685; x_wconf 81' lang='grc' dir='ltr'><strong>οἱ</strong></span> <span class='ocrx_word' id='word_1_49' title='bbox 968 643 1106 685; x_wconf 86' lang='grc' dir='ltr'><em>παῖδα</em></span> <span class='ocrx_word' id='word_1_50' title='bbox 1137 641 1185 684; x_wconf 84' lang='grc' dir='ltr'><strong>έκ</strong></span> <span class='ocrx_word' id='word_1_51' title='bbox 1213 644 1302 684; x_wconf 76' lang='grc' dir='ltr'><strong>τῶν</strong></span> <span class='ocrx_word' id='word_1_52' title='bbox 1331 640 1464 684; x_wconf 81' lang='grc' dir='ltr'><em>ἀπολ-</em></span> 
     </span>
     <span class='ocr_line' id='line_1_9' title="bbox 181 710 1520 768; baseline -0.001 -13"><span class='ocrx_word' id='word_1_53' title='bbox 181 712 380 767; x_wconf 88' lang='grc' dir='ltr'><em>λυμένων</em></span> <span class='ocrx_word' id='word_1_54' title='bbox 413 710 586 765; x_wconf 80' lang='grc' dir='ltr'><em>σώζειν,</em></span> <span class='ocrx_word' id='word_1_55' title='bbox 617 714 692 757; x_wconf 88' lang='grc' dir='ltr'><strong>καὶ</strong></span> <span class='ocrx_word' id='word_1_56' title='bbox 716 712 853 757; x_wconf 83' lang='grc' dir='ltr'><em>αὐτόν</em></span> <span class='ocrx_word' id='word_1_57' title='bbox 876 713 924 757; x_wconf 81' lang='grc' dir='ltr'><strong>ἐκ</strong></span> <span class='ocrx_word' id='word_1_58' title='bbox 952 717 1034 757; x_wconf 85' lang='grc' dir='ltr'><em>τοῦ</em></span> <span class='ocrx_word' id='word_1_59' title='bbox 1065 714 1333 768; x_wconf 80' lang='grc' dir='ltr'><em>προαστείου</em></span> <span class='ocrx_word' id='word_1_60' title='bbox 1359 712 1520 756; x_wconf 70' lang='grc' dir='ltr'><em>οἴνα-70</em></span> 
     </span>
    </p>
   </div>
   <div class='ocr_carea' id='block_1_4' title="bbox 179 783 1463 841">
    <p class='ocr_par' dir='ltr' id='par_1_4' title="bbox 179 783 1463 841">
     <span class='ocr_line' id='line_1_10' title="bbox 246 783 1406 802; baseline -0.001 -5"><span class='ocrx_word' id='word_1_61' title='bbox 246 783 255 797; x_wconf 84' lang='grc'><em>,</em></span> <span class='ocrx_word' id='word_1_62' title='bbox 479 783 500 798; x_wconf 63' lang='lat'><strong>,1</strong></span> <span class='ocrx_word' id='word_1_63' title='bbox 724 783 734 798; x_wconf 81' lang='grc'><strong>,</strong></span> <span class='ocrx_word' id='word_1_64' title='bbox 773 784 785 800; x_wconf 77' lang='grc'><strong>.-</strong></span> <span class='ocrx_word' id='word_1_65' title='bbox 896 784 904 794; x_wconf 85' lang='lat'><strong>·</strong></span> <span class='ocrx_word' id='word_1_66' title='bbox 1039 784 1069 802; x_wconf 53' lang='grc' dir='ltr'>μ</span> <span class='ocrx_word' id='word_1_67' title='bbox 1164 784 1175 797; x_wconf 47' lang='lat' dir='ltr'>x</span> <span class='ocrx_word' id='word_1_68' title='bbox 1281 783 1290 797; x_wconf 37' lang='grc' dir='ltr'><em>κ</em></span> <span class='ocrx_word' id='word_1_69' title='bbox 1391 789 1406 796; x_wconf 67' lang='grc'><em>,</em></span> 
     </span>
     <span class='ocr_line' id='line_1_11' title="bbox 179 785 1463 841; baseline 0 -14"><span class='ocrx_word' id='word_1_70' title='bbox 179 795 440 840; x_wconf 79' lang='grc' dir='ltr'><em>στησαντας,</em></span> <span class='ocrx_word' id='word_1_71' title='bbox 473 802 593 841; x_wconf 76' lang='grc' dir='ltr'><em>αγειν</em></span> <span class='ocrx_word' id='word_1_72' title='bbox 623 801 713 839; x_wconf 89' lang='grc' dir='ltr'><strong>παρ</strong></span> <span class='ocrx_word' id='word_1_73' title='bbox 766 802 944 829; x_wconf 88' lang='grc' dir='ltr'><em>εωυτον.</em></span> <span class='ocrx_word' id='word_1_74' title='bbox 1010 789 1101 828; x_wconf 62' lang='lat' dir='ltr'><strong>(lov</strong></span> <span class='ocrx_word' id='word_1_75' title='bbox 1130 802 1210 841; x_wconf 84' lang='grc' dir='ltr'><strong>μεν</strong></span> <span class='ocrx_word' id='word_1_76' title='bbox 1241 786 1294 840; x_wconf 84' lang='grc' dir='ltr'><strong>δη</strong></span> <span class='ocrx_word' id='word_1_77' title='bbox 1324 785 1463 827; x_wconf 89' lang='grc' dir='ltr'><em>παιδα</em></span> 
     </span>
    </p>
   </div>
   <div class='ocr_carea' id='block_1_5' title="bbox 182 855 1462 912">
    <p class='ocr_par' dir='ltr' id='par_1_5' title="bbox 182 855 1462 912">
     <span class='ocr_line' id='line_1_12' title="bbox 182 855 1462 912; baseline 0 -13"><span class='ocrx_word' id='word_1_78' title='bbox 182 858 316 910; x_wconf 87' lang='grc' dir='ltr'><em>εὑρον</em></span> <span class='ocrx_word' id='word_1_79' title='bbox 348 858 392 899; x_wconf 81' lang='grc' dir='ltr'><strong>οἱ</strong></span> <span class='ocrx_word' id='word_1_80' title='bbox 419 856 639 912; x_wconf 78' lang='grc' dir='ltr'><em>μετιόντες</em></span> <span class='ocrx_word' id='word_1_81' title='bbox 670 855 817 900; x_wconf 83' lang='grc' dir='ltr'><em>οὐκέτι</em></span> <span class='ocrx_word' id='word_1_82' title='bbox 846 857 1100 911; x_wconf 84' lang='grc' dir='ltr'><em>περιεόντα,</em></span> <span class='ocrx_word' id='word_1_83' title='bbox 1143 855 1252 899; x_wconf 70' lang='grc' dir='ltr'><em>ἄλλα</em></span> <span class='ocrx_word' id='word_1_84' title='bbox 1285 861 1462 911; x_wconf 76' lang='grc' dir='ltr'><em>πρῶτον</em></span> 
     </span>
    </p>
   </div>
   <div class='ocr_carea' id='block_1_6' title="bbox 179 927 1460 986">
    <p class='ocr_par' dir='ltr' id='par_1_6' title="bbox 179 927 1460 986">
     <span class='ocr_line' id='line_1_13' title="bbox 179 927 1460 986; baseline 0.001 -16"><span class='ocrx_word' id='word_1_85' title='bbox 179 928 506 972; x_wconf 83' lang='grc' dir='ltr'><em>κατακοπέντα·</em></span> <span class='ocrx_word' id='word_1_86' title='bbox 551 928 688 973; x_wconf 80' lang='grc' dir='ltr'><em>αὐτόν</em></span> <span class='ocrx_word' id='word_1_87' title='bbox 720 929 766 973; x_wconf 80' lang='grc' dir='ltr'><strong>δὲ</strong></span> <span class='ocrx_word' id='word_1_88' title='bbox 807 929 1096 986; x_wconf 78' lang='grc' dir='ltr'><em>Ψαμμήνιτον</em></span> <span class='ocrx_word' id='word_1_89' title='bbox 1127 927 1460 985; x_wconf 78' lang='grc' dir='ltr'><em>ἀναστήσαντες,</em></span> 
     </span>
    </p>
   </div>
   <div class='ocr_carea' id='block_1_7' title="bbox 191 993 207 1014">
    <p class='ocr_par' dir='ltr' id='par_1_7' title="bbox 191 993 207 1014">
     <span class='ocr_line' id='line_1_14' title="bbox 191 993 207 1014; baseline 0 0"><span class='ocrx_word' id='word_1_90' title='bbox 191 993 207 1014; x_wconf 68' lang='lat' dir='ltr'><strong>‘a‘</strong></span> 
     </span>
    </p>
   </div>
   <div class='ocr_carea' id='block_1_8' title="bbox 154 999 746 1129">
    <p class='ocr_par' dir='ltr' id='par_1_8' title="bbox 154 999 746 1129">
     <span class='ocr_line' id='line_1_15' title="bbox 180 999 746 1056; baseline 0.005 -14"><span class='ocrx_word' id='word_1_91' title='bbox 180 1016 292 1055; x_wconf 79' lang='grc' dir='ltr'><em>ηγον</em></span> <span class='ocrx_word' id='word_1_92' title='bbox 329 1000 450 1055; x_wconf 80' lang='grc' dir='ltr'><em>παρὰ</em></span> <span class='ocrx_word' id='word_1_93' title='bbox 481 999 746 1056; x_wconf 88' lang='grc' dir='ltr'><em>Καμβύσεα·</em></span> 
     </span>
     <span class='ocr_line' id='line_1_16' title="bbox 154 1070 647 1129; baseline 0.004 -17"><span class='ocrx_word' id='word_1_94' title='bbox 154 1071 295 1128; x_wconf 67' lang='grc' dir='ltr'><em>Ξὲχων</em></span> <span class='ocrx_word' id='word_1_95' title='bbox 327 1070 458 1116; x_wconf 78' lang='grc' dir='ltr'><em>οὐδὲν</em></span> <span class='ocrx_word' id='word_1_96' title='bbox 487 1074 647 1129; x_wconf 87' lang='grc' dir='ltr'><em>βίαιον.</em></span> 
     </span>
    </p>
   </div>
   <div class='ocr_carea' id='block_1_9' title="bbox 124 1171 255 1177">
    <p class='ocr_par' dir='ltr' id='par_1_9' title="bbox 124 1171 255 1177">
     <span class='ocr_line' id='line_1_17' title="bbox 124 1171 255 1177; baseline 0 0"><span class='ocrx_word' id='word_1_97' title='bbox 124 1171 255 1177; x_wconf 95' lang='lat' dir='ltr'><strong> </strong></span> 
     </span>
    </p>
   </div>
   <div class='ocr_carea' id='block_1_10' title="bbox 258 1173 400 1176">
    <p class='ocr_par' dir='ltr' id='par_1_10' title="bbox 258 1173 400 1176">
     <span class='ocr_line' id='line_1_18' title="bbox 258 1173 400 1176; baseline 0 0"><span class='ocrx_word' id='word_1_98' title='bbox 258 1173 400 1176; x_wconf 95' lang='lat' dir='ltr'><strong> </strong></span> 
     </span>
    </p>
   </div>
   <div class='ocr_carea' id='block_1_11' title="bbox 113 1218 788 2875">
    <p class='ocr_par' dir='ltr' id='par_1_11' title="bbox 113 1218 788 2875">
     <span class='ocr_line' id='line_1_19' title="bbox 123 1218 786 1266; baseline 0.008 -6"><span class='ocrx_word' id='word_1_99' title='bbox 123 1224 425 1262; x_wconf 82' lang='lat' dir='ltr'><strong>antecedentibus</strong></span> <span class='ocrx_word' id='word_1_100' title='bbox 447 1218 493 1264; x_wconf 75' lang='grc' dir='ltr'><em>εὖ</em></span> <span class='ocrx_word' id='word_1_101' title='bbox 514 1223 667 1264; x_wconf 82' lang='grc' dir='ltr'><em>δοκέειν</em></span> <span class='ocrx_word' id='word_1_102' title='bbox 692 1242 728 1266; x_wconf 86' lang='grc' dir='ltr'><strong>κ.</strong></span> <span class='ocrx_word' id='word_1_103' title='bbox 753 1242 786 1266; x_wconf 83' lang='grc' dir='ltr'><em>τ.</em></span> 
     </span>
     <span class='ocr_line' id='line_1_20' title="bbox 122 1282 788 1321; baseline 0.005 -3"><span class='ocrx_word' id='word_1_104' title='bbox 122 1282 155 1320; x_wconf 88' lang='grc' dir='ltr'><em>λ.</em></span> <span class='ocrx_word' id='word_1_105' title='bbox 177 1284 214 1318; x_wconf 92' lang='lat' dir='ltr'><strong>et</strong></span> <span class='ocrx_word' id='word_1_106' title='bbox 234 1282 437 1319; x_wconf 84' lang='lat' dir='ltr'>narrationi</span> <span class='ocrx_word' id='word_1_107' title='bbox 465 1282 618 1320; x_wconf 86' lang='lat' dir='ltr'><strong>aliorum</strong></span> <span class='ocrx_word' id='word_1_108' title='bbox 640 1289 788 1321; x_wconf 84' lang='lat' dir='ltr'><strong>eontra-</strong></span> 
     </span>
     <span class='ocr_line' id='line_1_21' title="bbox 120 1336 788 1388; baseline 0.009 -15"><span class='ocrx_word' id='word_1_109' title='bbox 120 1336 174 1373; x_wconf 86' lang='lat' dir='ltr'><strong>ria</strong></span> <span class='ocrx_word' id='word_1_110' title='bbox 193 1336 458 1388; x_wconf 85' lang='lat' dir='ltr'><strong>Aegyptiorum</strong></span> <span class='ocrx_word' id='word_1_111' title='bbox 482 1342 655 1377; x_wconf 80' lang='lat' dir='ltr'><strong>narratio.</strong></span> <span class='ocrx_word' id='word_1_112' title='bbox 684 1341 788 1385; x_wconf 82' lang='lat' dir='ltr'><strong>Qua-</strong></span> 
     </span>
     <span class='ocr_line' id='line_1_22' title="bbox 120 1394 788 1446; baseline 0.007 -16"><span class='ocrx_word' id='word_1_113' title='bbox 120 1406 160 1431; x_wconf 90' lang='lat' dir='ltr'><strong>re</strong></span> <span class='ocrx_word' id='word_1_114' title='bbox 181 1395 396 1445; x_wconf 84' lang='lat' dir='ltr'><strong>particulam</strong></span> <span class='ocrx_word' id='word_1_115' title='bbox 421 1394 487 1443; x_wconf 72' lang='grc' dir='ltr'><strong>ὥς,</strong></span> <span class='ocrx_word' id='word_1_116' title='bbox 518 1410 628 1446; x_wconf 89' lang='lat' dir='ltr'><strong>quam</strong></span> <span class='ocrx_word' id='word_1_117' title='bbox 650 1398 788 1436; x_wconf 86' lang='lat' dir='ltr'><strong>Schae-</strong></span> 
     </span>
     <span class='ocr_line' id='line_1_23' title="bbox 119 1450 788 1505; baseline 0.009 -18"><span class='ocrx_word' id='word_1_118' title='bbox 119 1451 218 1488; x_wconf 86' lang='lat' dir='ltr'><strong>serus</strong></span> <span class='ocrx_word' id='word_1_119' title='bbox 241 1458 445 1491; x_wconf 76' lang='lat' dir='ltr'><strong>mutaverat</strong></span> <span class='ocrx_word' id='word_1_120' title='bbox 470 1454 506 1490; x_wconf 88' lang='lat' dir='ltr'><strong>in</strong></span> <span class='ocrx_word' id='word_1_121' title='bbox 531 1450 603 1500; x_wconf 74' lang='grc' dir='ltr'><strong>ὥς,</strong></span> <span class='ocrx_word' id='word_1_122' title='bbox 640 1468 788 1505; x_wconf 81' lang='lat' dir='ltr'><strong>prorsus</strong></span> 
     </span>
     <span class='ocr_line' id='line_1_24' title="bbox 118 1508 788 1551; baseline 0.01 -7"><span class='ocrx_word' id='word_1_123' title='bbox 118 1508 298 1547; x_wconf 77' lang='lat' dir='ltr'><strong>sublatam</strong></span> <span class='ocrx_word' id='word_1_124' title='bbox 332 1513 420 1548; x_wconf 90' lang='lat' dir='ltr'><strong>vult.</strong></span> <span class='ocrx_word' id='word_1_125' title='bbox 497 1510 588 1548; x_wconf 82' lang='lat' dir='ltr'><strong>Mihi</strong></span> <span class='ocrx_word' id='word_1_126' title='bbox 618 1517 788 1551; x_wconf 83' lang='lat' dir='ltr'><strong>neutrum</strong></span> 
     </span>
     <span class='ocr_line' id='line_1_25' title="bbox 117 1564 787 1615; baseline 0.007 -12"><span class='ocrx_word' id='word_1_127' title='bbox 117 1564 251 1615; x_wconf 87' lang='lat' dir='ltr'><strong>placet.</strong></span> <span class='ocrx_word' id='word_1_128' title='bbox 306 1568 387 1606; x_wconf 90' lang='lat' dir='ltr'><strong>Nec</strong></span> <span class='ocrx_word' id='word_1_129' title='bbox 405 1581 495 1606; x_wconf 87' lang='lat' dir='ltr'><strong>sane</strong></span> <span class='ocrx_word' id='word_1_130' title='bbox 515 1581 595 1606; x_wconf 86' lang='lat' dir='ltr'><strong>eam</strong></span> <span class='ocrx_word' id='word_1_131' title='bbox 616 1569 651 1607; x_wconf 90' lang='lat' dir='ltr'><strong>h.</strong></span> <span class='ocrx_word' id='word_1_132' title='bbox 670 1569 693 1606; x_wconf 93' lang='lat' dir='ltr'><strong>l.</strong></span> <span class='ocrx_word' id='word_1_133' title='bbox 714 1571 787 1608; x_wconf 87' lang='lat' dir='ltr'><strong>vim</strong></span> 
     </span>
     <span class='ocr_line' id='line_1_26' title="bbox 118 1623 786 1673; baseline 0.012 -14"><span class='ocrx_word' id='word_1_134' title='bbox 118 1623 318 1672; x_wconf 81' lang='lat' dir='ltr'><strong>particulae</strong></span> <span class='ocrx_word' id='word_1_135' title='bbox 348 1624 389 1664; x_wconf 85' lang='grc' dir='ltr'><strong>δέ</strong></span> <span class='ocrx_word' id='word_1_136' title='bbox 421 1626 473 1673; x_wconf 88' lang='lat' dir='ltr'><strong>(in</strong></span> <span class='ocrx_word' id='word_1_137' title='bbox 503 1627 622 1663; x_wconf 85' lang='lat' dir='ltr'><strong>verbis</strong></span> <span class='ocrx_word' id='word_1_138' title='bbox 652 1625 706 1673; x_wconf 73' lang='grc' dir='ltr'><strong>ὥς</strong></span> <span class='ocrx_word' id='word_1_139' title='bbox 735 1625 786 1666; x_wconf 77' lang='grc' dir='ltr'><strong>δὲ</strong></span> 
     </span>
     <span class='ocr_line' id='line_1_27' title="bbox 117 1678 784 1731; baseline 0.006 -13"><span class='ocrx_word' id='word_1_140' title='bbox 117 1678 283 1731; x_wconf 83' lang='grc' dir='ltr'><em>λέγεται)</em></span> <span class='ocrx_word' id='word_1_141' title='bbox 305 1695 387 1720; x_wconf 85' lang='lat' dir='ltr'><strong>esse</strong></span> <span class='ocrx_word' id='word_1_142' title='bbox 405 1683 635 1730; x_wconf 80' lang='lat' dir='ltr'><strong>crediderim,</strong></span> <span class='ocrx_word' id='word_1_143' title='bbox 648 1689 690 1721; x_wconf 86' lang='lat' dir='ltr'><strong>ut</strong></span> <span class='ocrx_word' id='word_1_144' title='bbox 712 1685 784 1722; x_wconf 89' lang='lat' dir='ltr'><strong>iam</strong></span> 
     </span>
     <span class='ocr_line' id='line_1_28' title="bbox 118 1737 784 1792; baseline 0.008 -18"><span class='ocrx_word' id='word_1_145' title='bbox 118 1737 263 1775; x_wconf 87' lang='lat' dir='ltr'><strong>diversa</strong></span> <span class='ocrx_word' id='word_1_146' title='bbox 308 1739 355 1776; x_wconf 87' lang='lat' dir='ltr'><strong>ab</strong></span> <span class='ocrx_word' id='word_1_147' title='bbox 399 1739 478 1776; x_wconf 86' lang='lat' dir='ltr'><strong>aliis</strong></span> <span class='ocrx_word' id='word_1_148' title='bbox 516 1739 784 1792; x_wconf 69' lang='lat' dir='ltr'><strong>Aegyptiorum</strong></span> 
     </span>
     <span class='ocr_line' id='line_1_29' title="bbox 117 1796 613 1845; baseline 0.004 -14"><span class='ocrx_word' id='word_1_149' title='bbox 117 1796 276 1832; x_wconf 85' lang='lat' dir='ltr'><strong>narratio</strong></span> <span class='ocrx_word' id='word_1_150' title='bbox 296 1796 447 1845; x_wconf 85' lang='lat' dir='ltr'><strong>cogitari</strong></span> <span class='ocrx_word' id='word_1_151' title='bbox 468 1798 613 1835; x_wconf 89' lang='lat' dir='ltr'><strong>debeat.</strong></span> 
     </span>
     <span class='ocr_line' id='line_1_30' title="bbox 175 1848 786 1905; baseline 0.003 -14"><span class='ocrx_word' id='word_1_152' title='bbox 175 1848 368 1903; x_wconf 79' lang='grc' dir='ltr'><em>ἐτετεύχεε</em></span> <span class='ocrx_word' id='word_1_153' title='bbox 386 1850 461 1905; x_wconf 68' lang='grc' dir='ltr'><strong>γιέρ</strong></span> <span class='ocrx_word' id='word_1_154' title='bbox 480 1853 547 1892; x_wconf 80' lang='grc' dir='ltr'><strong>καὶ</strong></span> <span class='ocrx_word' id='word_1_155' title='bbox 566 1849 685 1901; x_wconf 84' lang='grc' dir='ltr'><em>οὗτος</em></span> <span class='ocrx_word' id='word_1_156' title='bbox 704 1853 786 1893; x_wconf 78' lang='grc' dir='ltr'><em>ἔπι-</em></span> 
     </span>
     <span class='ocr_line' id='line_1_31' title="bbox 118 1905 784 1960; baseline 0.003 -13"><span class='ocrx_word' id='word_1_157' title='bbox 118 1905 334 1960; x_wconf 83' lang='grc' dir='ltr'><em>σπόμενος]</em></span> <span class='ocrx_word' id='word_1_158' title='bbox 377 1910 436 1948; x_wconf 89' lang='lat' dir='ltr'><strong>De</strong></span> <span class='ocrx_word' id='word_1_159' title='bbox 467 1924 506 1948; x_wconf 89' lang='lat' dir='ltr'><strong>re</strong></span> <span class='ocrx_word' id='word_1_160' title='bbox 532 1912 630 1950; x_wconf 88' lang='lat' dir='ltr'><strong>conf.</strong></span> <span class='ocrx_word' id='word_1_161' title='bbox 661 1912 700 1958; x_wconf 90' lang='lat' dir='ltr'><strong>l,</strong></span> <span class='ocrx_word' id='word_1_162' title='bbox 731 1915 784 1953; x_wconf 86' lang='lat'><strong>89</strong></span> 
     </span>
     <span class='ocr_line' id='line_1_32' title="bbox 117 1965 785 2018; baseline 0.006 -16"><span class='ocrx_word' id='word_1_163' title='bbox 117 1965 205 2015; x_wconf 88' lang='lat' dir='ltr'><strong>ibiq.</strong></span> <span class='ocrx_word' id='word_1_164' title='bbox 233 1972 325 2004; x_wconf 77' lang='lat' dir='ltr'><strong>nott.</strong></span> <span class='ocrx_word' id='word_1_165' title='bbox 364 1967 424 2005; x_wconf 93' lang='lat' dir='ltr'><strong>De</strong></span> <span class='ocrx_word' id='word_1_166' title='bbox 444 1969 560 2005; x_wconf 85' lang='lat' dir='ltr'><strong>forma</strong></span> <span class='ocrx_word' id='word_1_167' title='bbox 583 1973 621 2006; x_wconf 90' lang='lat' dir='ltr'><strong>et</strong></span> <span class='ocrx_word' id='word_1_168' title='bbox 643 1969 785 2018; x_wconf 85' lang='lat' dir='ltr'><strong>signifi-</strong></span> 
     </span>
     <span class='ocr_line' id='line_1_33' title="bbox 116 2021 787 2076; baseline 0.009 -17"><span class='ocrx_word' id='word_1_169' title='bbox 116 2024 261 2061; x_wconf 85' lang='lat' dir='ltr'><strong>catione</strong></span> <span class='ocrx_word' id='word_1_170' title='bbox 272 2024 621 2076; x_wconf 85' lang='lat' dir='ltr'><strong>plusquampersecti</strong></span> <span class='ocrx_word' id='word_1_171' title='bbox 641 2021 787 2065; x_wconf 81' lang='grc' dir='ltr'><em>ἐτετεύ-</em></span> 
     </span>
     <span class='ocr_line' id='line_1_34' title="bbox 116 2081 783 2134; baseline 0.003 -17"><span class='ocrx_word' id='word_1_172' title='bbox 116 2094 178 2130; x_wconf 86' lang='grc' dir='ltr'><strong>χεε</strong></span> <span class='ocrx_word' id='word_1_173' title='bbox 208 2082 303 2118; x_wconf 88' lang='lat' dir='ltr'><strong>conf.</strong></span> <span class='ocrx_word' id='word_1_174' title='bbox 335 2081 470 2119; x_wconf 75' lang='lat' dir='ltr'><strong>Matth.</strong></span> <span class='ocrx_word' id='word_1_175' title='bbox 503 2083 569 2119; x_wconf 93' lang='lat' dir='ltr'><strong>Gr.</strong></span> <span class='ocrx_word' id='word_1_176' title='bbox 595 2084 662 2120; x_wconf 83' lang='lat' dir='ltr'><strong>Gr.</strong></span> <span class='ocrx_word' id='word_1_177' title='bbox 698 2096 783 2134; x_wconf 77' lang='lat' dir='ltr'><strong>pag.</strong></span> 
     </span>
     <span class='ocr_line' id='line_1_35' title="bbox 116 2138 782 2189; baseline -0.003 -11"><span class='ocrx_word' id='word_1_178' title='bbox 116 2138 195 2178; x_wconf 88' lang='lat'><strong>491</strong></span> <span class='ocrx_word' id='word_1_179' title='bbox 231 2142 270 2175; x_wconf 87' lang='lat' dir='ltr'><strong>et</strong></span> <span class='ocrx_word' id='word_1_180' title='bbox 299 2138 464 2176; x_wconf 79' lang='lat' dir='ltr'><strong>Lobeck.</strong></span> <span class='ocrx_word' id='word_1_181' title='bbox 505 2140 553 2176; x_wconf 86' lang='lat' dir='ltr'><strong>ad</strong></span> <span class='ocrx_word' id='word_1_182' title='bbox 585 2140 782 2189; x_wconf 85' lang='lat' dir='ltr'><strong>Phrynich.</strong></span> 
     </span>
     <span class='ocr_line' id='line_1_36' title="bbox 115 2194 784 2246; baseline 0.006 -16"><span class='ocrx_word' id='word_1_183' title='bbox 115 2206 201 2244; x_wconf 82' lang='lat' dir='ltr'><strong>pag.</strong></span> <span class='ocrx_word' id='word_1_184' title='bbox 227 2194 320 2236; x_wconf 81' lang='lat'><strong>395.</strong></span> <span class='ocrx_word' id='word_1_185' title='bbox 373 2195 546 2246; x_wconf 84' lang='lat' dir='ltr'><strong>Namque</strong></span> <span class='ocrx_word' id='word_1_186' title='bbox 574 2196 684 2234; x_wconf 81' lang='lat' dir='ltr'><strong>Attici</strong></span> <span class='ocrx_word' id='word_1_187' title='bbox 715 2197 784 2234; x_wconf 85' lang='lat' dir='ltr'><strong>hac</strong></span> 
     </span>
     <span class='ocr_line' id='line_1_37' title="bbox 114 2252 782 2298; baseline 0.006 -11"><span class='ocrx_word' id='word_1_188' title='bbox 114 2252 245 2298; x_wconf 85' lang='lat' dir='ltr'><strong>forma,</strong></span> <span class='ocrx_word' id='word_1_189' title='bbox 265 2252 332 2290; x_wconf 93' lang='lat' dir='ltr'><strong>hac</strong></span> <span class='ocrx_word' id='word_1_190' title='bbox 353 2254 451 2290; x_wconf 88' lang='lat' dir='ltr'><strong>verbi</strong></span> <span class='ocrx_word' id='word_1_191' title='bbox 471 2254 689 2291; x_wconf 79' lang='lat' dir='ltr'><strong>substantivi</strong></span> <span class='ocrx_word' id='word_1_192' title='bbox 714 2268 782 2291; x_wconf 92' lang='lat' dir='ltr'><strong>no-</strong></span> 
     </span>
     <span class='ocr_line' id='line_1_38' title="bbox 113 2308 784 2360; baseline 0.004 -16"><span class='ocrx_word' id='word_1_193' title='bbox 113 2308 215 2346; x_wconf 89' lang='lat' dir='ltr'><strong>tione</strong></span> <span class='ocrx_word' id='word_1_194' title='bbox 239 2309 353 2357; x_wconf 88' lang='lat' dir='ltr'><strong>(valet</strong></span> <span class='ocrx_word' id='word_1_195' title='bbox 374 2310 468 2347; x_wconf 85' lang='lat' dir='ltr'><strong>enim</strong></span> <span class='ocrx_word' id='word_1_196' title='bbox 494 2310 529 2347; x_wconf 91' lang='lat' dir='ltr'><strong>h.</strong></span> <span class='ocrx_word' id='word_1_197' title='bbox 553 2310 575 2348; x_wconf 96' lang='lat' dir='ltr'><strong>l.</strong></span> <span class='ocrx_word' id='word_1_198' title='bbox 599 2313 706 2360; x_wconf 74' lang='lat' dir='ltr'><strong>erat),</strong></span> <span class='ocrx_word' id='word_1_199' title='bbox 728 2311 784 2348; x_wconf 89' lang='lat' dir='ltr'><strong>usi</strong></span> 
     </span>
     <span class='ocr_line' id='line_1_39' title="bbox 114 2369 784 2418; baseline 0.004 -16"><span class='ocrx_word' id='word_1_200' title='bbox 114 2377 189 2402; x_wconf 87' lang='lat' dir='ltr'><strong>non</strong></span> <span class='ocrx_word' id='word_1_201' title='bbox 218 2370 319 2413; x_wconf 78' lang='lat' dir='ltr'><strong>sunt3</strong></span> <span class='ocrx_word' id='word_1_202' title='bbox 350 2369 449 2418; x_wconf 85' lang='lat' dir='ltr'><strong>apud</strong></span> <span class='ocrx_word' id='word_1_203' title='bbox 479 2369 691 2417; x_wconf 82' lang='lat' dir='ltr'><strong>posterioris</strong></span> <span class='ocrx_word' id='word_1_204' title='bbox 723 2382 784 2405; x_wconf 82' lang='lat' dir='ltr'><strong>ae-</strong></span> 
     </span>
     <span class='ocr_line' id='line_1_40' title="bbox 115 2423 782 2474; baseline 0.006 -16"><span class='ocrx_word' id='word_1_205' title='bbox 115 2423 201 2459; x_wconf 88' lang='lat' dir='ltr'><strong>tatis</strong></span> <span class='ocrx_word' id='word_1_206' title='bbox 225 2423 422 2474; x_wconf 80' lang='lat' dir='ltr'><strong>scriptores</strong></span> <span class='ocrx_word' id='word_1_207' title='bbox 451 2424 542 2461; x_wconf 88' lang='lat' dir='ltr'><strong>haec</strong></span> <span class='ocrx_word' id='word_1_208' title='bbox 565 2426 683 2462; x_wconf 85' lang='lat' dir='ltr'><strong>forma</strong></span> <span class='ocrx_word' id='word_1_209' title='bbox 705 2429 782 2462; x_wconf 85' lang='lat' dir='ltr'><strong>tum</strong></span> 
     </span>
     <span class='ocr_line' id='line_1_41' title="bbox 116 2478 783 2532; baseline 0.006 -17"><span class='ocrx_word' id='word_1_210' title='bbox 116 2478 152 2515; x_wconf 85' lang='lat' dir='ltr'><strong>in</strong></span> <span class='ocrx_word' id='word_1_211' title='bbox 181 2480 293 2517; x_wconf 89' lang='lat' dir='ltr'><strong>verbo</strong></span> <span class='ocrx_word' id='word_1_212' title='bbox 320 2481 473 2532; x_wconf 85' lang='lat' dir='ltr'><strong>simplici</strong></span> <span class='ocrx_word' id='word_1_213' title='bbox 507 2487 584 2519; x_wconf 90' lang='lat' dir='ltr'><strong>tum</strong></span> <span class='ocrx_word' id='word_1_214' title='bbox 612 2482 648 2519; x_wconf 87' lang='lat' dir='ltr'><strong>in</strong></span> <span class='ocrx_word' id='word_1_215' title='bbox 683 2496 783 2519; x_wconf 81' lang='lat' dir='ltr'><strong>com-</strong></span> 
     </span>
     <span class='ocr_line' id='line_1_42' title="bbox 116 2537 782 2589; baseline 0.005 -17"><span class='ocrx_word' id='word_1_216' title='bbox 116 2537 245 2584; x_wconf 90' lang='lat' dir='ltr'><strong>positis</strong></span> <span class='ocrx_word' id='word_1_217' title='bbox 275 2539 422 2588; x_wconf 86' lang='lat' dir='ltr'><strong>saepius</strong></span> <span class='ocrx_word' id='word_1_218' title='bbox 450 2539 642 2589; x_wconf 86' lang='lat' dir='ltr'><strong>reperitur.</strong></span> <span class='ocrx_word' id='word_1_219' title='bbox 708 2538 782 2575; x_wconf 83' lang='lat' dir='ltr'><strong>Pro</strong></span> 
     </span>
     <span class='ocr_line' id='line_1_43' title="bbox 118 2589 783 2645; baseline 0.009 -16"><span class='ocrx_word' id='word_1_220' title='bbox 118 2589 378 2645; x_wconf 78' lang='grc' dir='ltr'><em>ἐπισπόμενος</em></span> <span class='ocrx_word' id='word_1_221' title='bbox 396 2595 489 2633; x_wconf 88' lang='lat' dir='ltr'><strong>male</strong></span> <span class='ocrx_word' id='word_1_222' title='bbox 504 2596 587 2633; x_wconf 87' lang='lat' dir='ltr'><strong>olim</strong></span> <span class='ocrx_word' id='word_1_223' title='bbox 609 2592 783 2635; x_wconf 76' lang='grc' dir='ltr'><em>ἐπισπώ-</em></span> 
     </span>
     <span class='ocr_line' id='line_1_44' title="bbox 119 2652 783 2700; baseline 0.006 -14"><span class='ocrx_word' id='word_1_224' title='bbox 119 2662 245 2698; x_wconf 81' lang='grc' dir='ltr'><em>μενος.</em></span> <span class='ocrx_word' id='word_1_225' title='bbox 286 2652 345 2689; x_wconf 88' lang='lat' dir='ltr'><strong>Tu</strong></span> <span class='ocrx_word' id='word_1_226' title='bbox 377 2653 450 2689; x_wconf 90' lang='lat' dir='ltr'><strong>vid.</strong></span> <span class='ocrx_word' id='word_1_227' title='bbox 475 2657 570 2690; x_wconf 87' lang='lat' dir='ltr'><strong>nott.</strong></span> <span class='ocrx_word' id='word_1_228' title='bbox 591 2654 638 2690; x_wconf 88' lang='lat' dir='ltr'><strong>ad</strong></span> <span class='ocrx_word' id='word_1_229' title='bbox 663 2652 690 2700; x_wconf 86' lang='lat' dir='ltr'><strong>l,</strong></span> <span class='ocrx_word' id='word_1_230' title='bbox 715 2656 783 2695; x_wconf 87' lang='grc'><strong>91.</strong></span> 
     </span>
     <span class='ocr_line' id='line_1_45' title="bbox 120 2703 783 2759; baseline 0.008 -19"><span class='ocrx_word' id='word_1_231' title='bbox 120 2703 186 2740; x_wconf 88' lang='lat' dir='ltr'><strong>Cr.</strong></span> <span class='ocrx_word' id='word_1_232' title='bbox 207 2709 301 2745; x_wconf 90' lang='lat' dir='ltr'><strong>conf.</strong></span> <span class='ocrx_word' id='word_1_233' title='bbox 321 2709 524 2758; x_wconf 89' lang='lat' dir='ltr'><strong>Thucydid.</strong></span> <span class='ocrx_word' id='word_1_234' title='bbox 542 2710 607 2758; x_wconf 84' lang='lat' dir='ltr'><strong>IV,</strong></span> <span class='ocrx_word' id='word_1_235' title='bbox 629 2710 682 2750; x_wconf 84' lang='lat'><strong>35</strong></span> <span class='ocrx_word' id='word_1_236' title='bbox 695 2711 783 2759; x_wconf 87' lang='lat' dir='ltr'><strong>ibiq.</strong></span> 
     </span>
     <span class='ocr_line' id='line_1_46' title="bbox 118 2759 781 2815; baseline 0.005 -14"><span class='ocrx_word' id='word_1_237' title='bbox 118 2759 258 2812; x_wconf 86' lang='lat' dir='ltr'><strong>Poppo.</strong></span> <span class='ocrx_word' id='word_1_238' title='bbox 300 2778 387 2815; x_wconf 86' lang='lat' dir='ltr'><strong>pag.</strong></span> <span class='ocrx_word' id='word_1_239' title='bbox 432 2766 487 2807; x_wconf 80' lang='grc'><strong>74</strong></span> <span class='ocrx_word' id='word_1_240' title='bbox 530 2770 569 2805; x_wconf 88' lang='lat' dir='ltr'><strong>et</strong></span> <span class='ocrx_word' id='word_1_241' title='bbox 615 2771 781 2804; x_wconf 88' lang='lat' dir='ltr'><strong>annotat.</strong></span> 
     </span>
     <span class='ocr_line' id='line_1_47' title="bbox 119 2821 781 2875; baseline 0.014 -20"><span class='ocrx_word' id='word_1_242' title='bbox 119 2831 220 2856; x_wconf 87' lang='lat' dir='ltr'><strong>suam</strong></span> <span class='ocrx_word' id='word_1_243' title='bbox 263 2821 310 2858; x_wconf 83' lang='lat' dir='ltr'><strong>ad</strong></span> <span class='ocrx_word' id='word_1_244' title='bbox 343 2822 474 2862; x_wconf 83' lang='lat' dir='ltr'><strong>Plotin.</strong></span> <span class='ocrx_word' id='word_1_245' title='bbox 510 2825 647 2875; x_wconf 83' lang='lat' dir='ltr'><strong>pagina</strong></span> <span class='ocrx_word' id='word_1_246' title='bbox 687 2822 781 2867; x_wconf 85' lang='lat'><strong>494.</strong></span> 
     </span>
    </p>
   </div>
   <div class='ocr_carea' id='block_1_12' title="bbox 707 1001 1513 1130">
    <p class='ocr_par' dir='ltr' id='par_1_12' title="bbox 707 1001 1513 1130">
     <span class='ocr_line' id='line_1_48' title="bbox 807 1001 1461 1053; baseline -0.002 -9"><span class='ocrx_word' id='word_1_247' title='bbox 807 1001 918 1044; x_wconf 77' lang='grc' dir='ltr'><em>ἔνθα</em></span> <span class='ocrx_word' id='word_1_248' title='bbox 950 1005 1031 1045; x_wconf 83' lang='grc' dir='ltr'><em>τοῦ</em></span> <span class='ocrx_word' id='word_1_249' title='bbox 1060 1005 1220 1044; x_wconf 81' lang='grc' dir='ltr'><em>λοιποῦ</em></span> <span class='ocrx_word' id='word_1_250' title='bbox 1252 1002 1461 1053; x_wconf 81' lang='grc' dir='ltr'><em>διαιτᾶτο,</em></span> 
     </span>
     <span class='ocr_line' id='line_1_49' title="bbox 707 1071 1513 1130; baseline -0.005 -14"><span class='ocrx_word' id='word_1_251' title='bbox 707 1074 744 1116; x_wconf 85' lang='grc' dir='ltr'><em>εἰ</em></span> <span class='ocrx_word' id='word_1_252' title='bbox 783 1072 828 1116; x_wconf 81' lang='grc' dir='ltr'><strong>δὲ</strong></span> <span class='ocrx_word' id='word_1_253' title='bbox 864 1073 938 1116; x_wconf 88' lang='grc' dir='ltr'><strong>καὶ</strong></span> <span class='ocrx_word' id='word_1_254' title='bbox 974 1071 1201 1130; x_wconf 79' lang='grc' dir='ltr'><em>ἠπιστήθη</em></span> <span class='ocrx_word' id='word_1_255' title='bbox 1237 1071 1296 1129; x_wconf 89' lang='grc' dir='ltr'><strong>μὴ</strong></span> <span class='ocrx_word' id='word_1_256' title='bbox 1326 1076 1513 1115; x_wconf 80' lang='grc' dir='ltr'><em>πολύ-75</em></span> 
     </span>
    </p>
   </div>
   <div class='ocr_carea' id='block_1_13' title="bbox 844 1227 927 1267">
    <p class='ocr_par' dir='ltr' id='par_1_13' title="bbox 844 1227 927 1267">
     <span class='ocr_line' id='line_1_50' title="bbox 844 1227 927 1267; baseline 0.036 -3"><span class='ocrx_word' id='word_1_257' title='bbox 844 1227 927 1267; x_wconf 86' lang='lat' dir='ltr'><strong>infr.</strong></span> 
     </span>
    </p>
   </div>
   <div class='ocr_carea' id='block_1_14' title="bbox 1518 784 1798 1117">
    <p class='ocr_par' dir='ltr' id='par_1_14' title="bbox 1518 784 1798 1117">
     <span class='ocr_line' id='line_1_51' title="bbox 1522 784 1796 812; baseline 0.004 -1"><span class='ocrx_word' id='word_1_258' title='bbox 1522 784 1636 811; x_wconf 79' lang='lat' dir='ltr'><strong>Ductus</strong></span> <span class='ocrx_word' id='word_1_259' title='bbox 1655 785 1691 812; x_wconf 84' lang='lat' dir='ltr'><strong>ad</strong></span> <span class='ocrx_word' id='word_1_260' title='bbox 1712 785 1796 812; x_wconf 83' lang='lat' dir='ltr'><strong>Cam-</strong></span> 
     </span>
     <span class='ocr_line' id='line_1_52' title="bbox 1522 818 1798 852; baseline 0.007 -8"><span class='ocrx_word' id='word_1_261' title='bbox 1522 818 1643 852; x_wconf 75' lang='lat' dir='ltr'><strong>bysern,</strong></span> <span class='ocrx_word' id='word_1_262' title='bbox 1677 822 1707 845; x_wconf 83' lang='lat' dir='ltr'><strong>et</strong></span> <span class='ocrx_word' id='word_1_263' title='bbox 1732 828 1798 846; x_wconf 77' lang='lat' dir='ltr'><strong>cuin</strong></span> 
     </span>
     <span class='ocr_line' id='line_1_53' title="bbox 1522 853 1798 885; baseline 0.007 -7"><span class='ocrx_word' id='word_1_264' title='bbox 1522 861 1556 878; x_wconf 76' lang='lat' dir='ltr'><strong>eo</strong></span> <span class='ocrx_word' id='word_1_265' title='bbox 1577 853 1701 885; x_wconf 70' lang='lat' dir='ltr'><strong>vivens,</strong></span> <span class='ocrx_word' id='word_1_266' title='bbox 1721 862 1798 880; x_wconf 67' lang='lat' dir='ltr'><strong>nova</strong></span> 
     </span>
     <span class='ocr_line' id='line_1_54' title="bbox 1520 886 1798 921; baseline 0 -9"><span class='ocrx_word' id='word_1_267' title='bbox 1520 886 1618 913; x_wconf 79' lang='lat' dir='ltr'><strong>moliri</strong></span> <span class='ocrx_word' id='word_1_268' title='bbox 1635 887 1798 921; x_wconf 78' lang='lat' dir='ltr'><strong>convictus,</strong></span> 
     </span>
     <span class='ocr_line' id='line_1_55' title="bbox 1521 920 1797 955; baseline 0 -9"><span class='ocrx_word' id='word_1_269' title='bbox 1521 920 1648 947; x_wconf 83' lang='lat' dir='ltr'><strong>moritur</strong></span> <span class='ocrx_word' id='word_1_270' title='bbox 1728 925 1797 955; x_wconf 87' lang='lat' dir='ltr'><strong>poto</strong></span> 
     </span>
     <span class='ocr_line' id='line_1_56' title="bbox 1521 954 1798 989; baseline 0 -9"><span class='ocrx_word' id='word_1_271' title='bbox 1521 955 1669 989; x_wconf 73' lang='lat' dir='ltr'><strong>sanguine</strong></span> <span class='ocrx_word' id='word_1_272' title='bbox 1704 954 1798 980; x_wconf 86' lang='lat' dir='ltr'><strong>tauri-</strong></span> 
     </span>
     <span class='ocr_line' id='line_1_57' title="bbox 1521 988 1798 1015; baseline 0 -1"><span class='ocrx_word' id='word_1_273' title='bbox 1521 997 1579 1014; x_wconf 86' lang='lat' dir='ltr'><strong>no:</strong></span> <span class='ocrx_word' id='word_1_274' title='bbox 1634 988 1798 1015; x_wconf 76' lang='lat' dir='ltr'><strong>Persarum</strong></span> 
     </span>
     <span class='ocr_line' id='line_1_58' title="bbox 1519 1021 1798 1049; baseline 0 -1"><span class='ocrx_word' id='word_1_275' title='bbox 1519 1021 1690 1049; x_wconf 80' lang='lat' dir='ltr'><strong>humanitas</strong></span> <span class='ocrx_word' id='word_1_276' title='bbox 1709 1023 1738 1048; x_wconf 89' lang='lat' dir='ltr'><strong>iu</strong></span> <span class='ocrx_word' id='word_1_277' title='bbox 1751 1030 1798 1048; x_wconf 87' lang='lat' dir='ltr'><strong>re-</strong></span> 
     </span>
     <span class='ocr_line' id='line_1_59' title="bbox 1518 1055 1797 1090; baseline 0 -8"><span class='ocrx_word' id='word_1_278' title='bbox 1518 1064 1589 1090; x_wconf 71' lang='lat' dir='ltr'><strong>gum</strong></span> <span class='ocrx_word' id='word_1_279' title='bbox 1621 1056 1712 1082; x_wconf 79' lang='lat' dir='ltr'><strong>etiam</strong></span> <span class='ocrx_word' id='word_1_280' title='bbox 1746 1055 1797 1082; x_wconf 83' lang='lat' dir='ltr'><strong>de-</strong></span> 
     </span>
     <span class='ocr_line' id='line_1_60' title="bbox 1518 1089 1796 1117; baseline -0.004 0"><span class='ocrx_word' id='word_1_281' title='bbox 1518 1089 1796 1117; x_wconf 75' lang='lat' dir='ltr'><strong>lectorumliberos:</strong></span> 
     </span>
    </p>
   </div>
   <div class='ocr_carea' id='block_1_15' title="bbox 996 1219 1519 1279">
    <p class='ocr_par' dir='ltr' id='par_1_15' title="bbox 996 1219 1519 1279">
     <span class='ocr_line' id='line_1_61' title="bbox 996 1219 1519 1279; baseline 0 -16"><span class='ocrx_word' id='word_1_282' title='bbox 996 1225 1054 1264; x_wconf 80' lang='lat' dir='ltr'><strong>Ad</strong></span> <span class='ocrx_word' id='word_1_283' title='bbox 1089 1239 1196 1276; x_wconf 91' lang='lat' dir='ltr'><strong>seqq.</strong></span> <span class='ocrx_word' id='word_1_284' title='bbox 1228 1224 1366 1263; x_wconf 84' lang='lat' dir='ltr'><strong>verba:</strong></span> <span class='ocrx_word' id='word_1_285' title='bbox 1406 1219 1519 1279; x_wconf 73' lang='grc' dir='ltr'><em>αὐτῷ</em></span> 
     </span>
    </p>
   </div>
   <div class='ocr_carea' id='block_1_16' title="bbox 844 1278 1519 1337">
    <p class='ocr_par' dir='ltr' id='par_1_16' title="bbox 844 1278 1519 1337">
     <span class='ocr_line' id='line_1_62' title="bbox 844 1278 1519 1337; baseline -0.006 -14"><span class='ocrx_word' id='word_1_286' title='bbox 844 1299 885 1323; x_wconf 89' lang='grc' dir='ltr'><strong>τε</strong></span> <span class='ocrx_word' id='word_1_287' title='bbox 917 1278 1117 1337; x_wconf 79' lang='grc' dir='ltr'><em>Καμβύσῃ</em></span> <span class='ocrx_word' id='word_1_288' title='bbox 1158 1282 1394 1322; x_wconf 78' lang='grc' dir='ltr'><em>ἐσελθεῖν</em></span> <span class='ocrx_word' id='word_1_289' title='bbox 1424 1283 1519 1320; x_wconf 85' lang='lat' dir='ltr'><strong>conf.</strong></span> 
     </span>
    </p>
   </div>
   <div class='ocr_carea' id='block_1_17' title="bbox 839 1340 1517 2874">
    <p class='ocr_par' dir='ltr' id='par_1_17' title="bbox 844 1340 1517 1677">
     <span class='ocr_line' id='line_1_63' title="bbox 844 1340 1514 1391; baseline -0.004 -13"><span class='ocrx_word' id='word_1_290' title='bbox 844 1341 978 1378; x_wconf 86' lang='lat' dir='ltr'><strong>Matth.</strong></span> <span class='ocrx_word' id='word_1_291' title='bbox 1001 1341 1068 1378; x_wconf 90' lang='lat' dir='ltr'><strong>Gr.</strong></span> <span class='ocrx_word' id='word_1_292' title='bbox 1092 1341 1158 1377; x_wconf 86' lang='lat' dir='ltr'><strong>Gr.</strong></span> <span class='ocrx_word' id='word_1_293' title='bbox 1187 1354 1274 1391; x_wconf 83' lang='lat' dir='ltr'><strong>pag.</strong></span> <span class='ocrx_word' id='word_1_294' title='bbox 1296 1340 1379 1380; x_wconf 84' lang='lat'><strong>736</strong></span> <span class='ocrx_word' id='word_1_295' title='bbox 1403 1344 1441 1377; x_wconf 84' lang='lat' dir='ltr'><strong>et</strong></span> <span class='ocrx_word' id='word_1_296' title='bbox 1465 1340 1514 1376; x_wconf 88' lang='lat' dir='ltr'><strong>ad</strong></span> 
     </span>
     <span class='ocr_line' id='line_1_64' title="bbox 844 1394 1514 1437; baseline -0.003 -2"><span class='ocrx_word' id='word_1_297' title='bbox 844 1399 977 1436; x_wconf 86' lang='lat' dir='ltr'><strong>verba:</strong></span> <span class='ocrx_word' id='word_1_298' title='bbox 1009 1394 1079 1437; x_wconf 88' lang='grc' dir='ltr'><strong>τόν</strong></span> <span class='ocrx_word' id='word_1_299' title='bbox 1109 1395 1150 1436; x_wconf 85' lang='grc' dir='ltr'><em>τέ</em></span> <span class='ocrx_word' id='word_1_300' title='bbox 1183 1397 1236 1436; x_wconf 82' lang='grc' dir='ltr'><strong>οἱ</strong></span> <span class='ocrx_word' id='word_1_301' title='bbox 1263 1396 1390 1435; x_wconf 77' lang='grc' dir='ltr'><em>παῖδα</em></span> <span class='ocrx_word' id='word_1_302' title='bbox 1420 1400 1514 1433; x_wconf 85' lang='lat' dir='ltr'><strong>nott.</strong></span> 
     </span>
     <span class='ocr_line' id='line_1_65' title="bbox 845 1448 1514 1504; baseline -0.003 -12"><span class='ocrx_word' id='word_1_303' title='bbox 845 1456 894 1492; x_wconf 87' lang='lat' dir='ltr'><strong>ad</strong></span> <span class='ocrx_word' id='word_1_304' title='bbox 913 1456 941 1500; x_wconf 85' lang='lat' dir='ltr'><strong>I,</strong></span> <span class='ocrx_word' id='word_1_305' title='bbox 959 1454 1026 1497; x_wconf 79' lang='lat'><strong>34.</strong></span> <span class='ocrx_word' id='word_1_306' title='bbox 1047 1477 1103 1482; x_wconf 89' lang='lat'><strong>-—</strong></span> <span class='ocrx_word' id='word_1_307' title='bbox 1131 1453 1172 1493; x_wconf 81' lang='grc' dir='ltr'><strong>οἷ</strong></span> <span class='ocrx_word' id='word_1_308' title='bbox 1197 1448 1470 1504; x_wconf 78' lang='grc' dir='ltr'><em>οἷπολλύμενοι</em></span> <span class='ocrx_word' id='word_1_309' title='bbox 1491 1454 1514 1490; x_wconf 91' lang='lat' dir='ltr'><strong>ii</strong></span> 
     </span>
     <span class='ocr_line' id='line_1_66' title="bbox 846 1510 1517 1563; baseline -0.003 -14"><span class='ocrx_word' id='word_1_310' title='bbox 846 1517 955 1560; x_wconf 86' lang='lat' dir='ltr'><strong>sunt,</strong></span> <span class='ocrx_word' id='word_1_311' title='bbox 995 1515 1057 1563; x_wconf 76' lang='lat' dir='ltr'><strong>qui</strong></span> <span class='ocrx_word' id='word_1_312' title='bbox 1089 1512 1136 1549; x_wconf 82' lang='lat' dir='ltr'><strong>ad</strong></span> <span class='ocrx_word' id='word_1_313' title='bbox 1170 1516 1309 1548; x_wconf 82' lang='lat' dir='ltr'><strong>mortem</strong></span> <span class='ocrx_word' id='word_1_314' title='bbox 1344 1510 1517 1548; x_wconf 72' lang='lat' dir='ltr'><strong>destinati</strong></span> 
     </span>
     <span class='ocr_line' id='line_1_67' title="bbox 844 1573 954 1607; baseline -0.009 0"><span class='ocrx_word' id='word_1_315' title='bbox 844 1573 954 1607; x_wconf 84' lang='lat' dir='ltr'><strong>erant.</strong></span> 
     </span>
     <span class='ocr_line' id='line_1_68' title="bbox 1067 1625 1292 1677; baseline -0.004 -14"><span class='ocrx_word' id='word_1_316' title='bbox 1067 1626 1178 1677; x_wconf 88' lang='lat' dir='ltr'><strong>Cap.</strong></span> <span class='ocrx_word' id='word_1_317' title='bbox 1209 1625 1292 1662; x_wconf 87' lang='lat' dir='ltr'><strong>XV.</strong></span> 
     </span>
    </p>

    <p class='ocr_par' dir='ltr' id='par_1_18' title="bbox 839 1678 1515 2874">
     <span class='ocr_line' id='line_1_69' title="bbox 901 1678 1513 1733; baseline -0.007 -10"><span class='ocrx_word' id='word_1_318' title='bbox 901 1683 938 1723; x_wconf 82' lang='grc' dir='ltr'><em>εἰ</em></span> <span class='ocrx_word' id='word_1_319' title='bbox 951 1680 1072 1722; x_wconf 76' lang='grc' dir='ltr'><em>δὲκαὶ</em></span> <span class='ocrx_word' id='word_1_320' title='bbox 1091 1678 1301 1733; x_wconf 70' lang='grc' dir='ltr'><em>ἠπιστήθη</em></span> <span class='ocrx_word' id='word_1_321' title='bbox 1321 1678 1374 1733; x_wconf 77' lang='grc' dir='ltr'><em>μή</em></span> <span class='ocrx_word' id='word_1_322' title='bbox 1390 1683 1513 1720; x_wconf 89' lang='grc' dir='ltr'><em>πολυ-</em></span> 
     </span>
     <span class='ocr_line' id='line_1_70' title="bbox 841 1736 1514 1793; baseline -0.009 -13"><span class='ocrx_word' id='word_1_323' title='bbox 841 1741 1112 1793; x_wconf 80' lang='grc' dir='ltr'><em>πρηγμονεῐν]</em></span> <span class='ocrx_word' id='word_1_324' title='bbox 1146 1736 1199 1790; x_wconf 73' lang='grc' dir='ltr'><em>ἣν</em></span> <span class='ocrx_word' id='word_1_325' title='bbox 1228 1740 1378 1789; x_wconf 81' lang='lat' dir='ltr'><strong>quod,e</strong></span> <span class='ocrx_word' id='word_1_326' title='bbox 1401 1738 1514 1775; x_wconf 84' lang='lat' dir='ltr'><strong>Wes-</strong></span> 
     </span>
     <span class='ocr_line' id='line_1_71' title="bbox 844 1796 1513 1847; baseline -0.003 -12"><span class='ocrx_word' id='word_1_327' title='bbox 844 1798 987 1847; x_wconf 84' lang='lat' dir='ltr'><strong>selingii</strong></span> <span class='ocrx_word' id='word_1_328' title='bbox 1006 1799 1168 1835; x_wconf 85' lang='lat' dir='ltr'><strong>editione</strong></span> <span class='ocrx_word' id='word_1_329' title='bbox 1188 1798 1224 1833; x_wconf 90' lang='lat' dir='ltr'><strong>in</strong></span> <span class='ocrx_word' id='word_1_330' title='bbox 1239 1800 1409 1846; x_wconf 86' lang='lat' dir='ltr'><strong>posteras</strong></span> <span class='ocrx_word' id='word_1_331' title='bbox 1427 1796 1513 1833; x_wconf 89' lang='lat' dir='ltr'><strong>edd.</strong></span> 
     </span>
     <span class='ocr_line' id='line_1_72' title="bbox 843 1853 1514 1905; baseline -0.001 -14"><span class='ocrx_word' id='word_1_332' title='bbox 843 1855 1004 1905; x_wconf 84' lang='lat' dir='ltr'><strong>irrepsit,</strong></span> <span class='ocrx_word' id='word_1_333' title='bbox 1019 1868 1098 1892; x_wconf 88' lang='lat' dir='ltr'><strong>cum</strong></span> <span class='ocrx_word' id='word_1_334' title='bbox 1119 1854 1327 1902; x_wconf 78' lang='lat' dir='ltr'><strong>Schweigh.</strong></span> <span class='ocrx_word' id='word_1_335' title='bbox 1342 1858 1380 1890; x_wconf 89' lang='lat' dir='ltr'><strong>et</strong></span> <span class='ocrx_word' id='word_1_336' title='bbox 1394 1853 1514 1890; x_wconf 88' lang='lat' dir='ltr'><strong>Gaisf.</strong></span> 
     </span>
     <span class='ocr_line' id='line_1_73' title="bbox 843 1910 1512 1958; baseline -0.003 -9"><span class='ocrx_word' id='word_1_337' title='bbox 843 1912 982 1949; x_wconf 89' lang='lat' dir='ltr'><strong>mutavi</strong></span> <span class='ocrx_word' id='word_1_338' title='bbox 1009 1913 1045 1948; x_wconf 91' lang='lat' dir='ltr'><strong>in</strong></span> <span class='ocrx_word' id='word_1_339' title='bbox 1075 1911 1130 1958; x_wconf 77' lang='grc' dir='ltr'><em>εἰ,</em></span> <span class='ocrx_word' id='word_1_340' title='bbox 1160 1924 1235 1947; x_wconf 80' lang='lat' dir='ltr'><strong>non</strong></span> <span class='ocrx_word' id='word_1_341' title='bbox 1268 1910 1373 1947; x_wconf 83' lang='lat' dir='ltr'><strong>aliter</strong></span> <span class='ocrx_word' id='word_1_342' title='bbox 1399 1914 1512 1958; x_wconf 88' lang='lat' dir='ltr'><strong>atque</strong></span> 
     </span>
     <span class='ocr_line' id='line_1_74' title="bbox 842 1966 1512 2016; baseline -0.003 -11"><span class='ocrx_word' id='word_1_343' title='bbox 842 1969 919 2016; x_wconf 86' lang='lat' dir='ltr'><strong>Ill,</strong></span> <span class='ocrx_word' id='word_1_344' title='bbox 943 1971 1017 2014; x_wconf 84' lang='lat'><strong>69,</strong></span> <span class='ocrx_word' id='word_1_345' title='bbox 1049 1969 1199 2006; x_wconf 85' lang='lat' dir='ltr'><strong>iubente</strong></span> <span class='ocrx_word' id='word_1_346' title='bbox 1225 1980 1373 2016; x_wconf 85' lang='lat' dir='ltr'><strong>quoque</strong></span> <span class='ocrx_word' id='word_1_347' title='bbox 1401 1966 1512 2004; x_wconf 57' lang='lat' dir='ltr'><strong>lver-</strong></span> 
     </span>
     <span class='ocr_line' id='line_1_75' title="bbox 842 2022 1512 2075; baseline -0.006 -12"><span class='ocrx_word' id='word_1_348' title='bbox 842 2027 921 2064; x_wconf 87' lang='lat' dir='ltr'><strong>fero</strong></span> <span class='ocrx_word' id='word_1_349' title='bbox 957 2026 993 2062; x_wconf 89' lang='lat' dir='ltr'><strong>in</strong></span> <span class='ocrx_word' id='word_1_350' title='bbox 1033 2024 1129 2063; x_wconf 79' lang='lat' dir='ltr'><strong>Actt.</strong></span> <span class='ocrx_word' id='word_1_351' title='bbox 1161 2023 1262 2075; x_wconf 81' lang='lat' dir='ltr'><strong>phill.</strong></span> <span class='ocrx_word' id='word_1_352' title='bbox 1295 2023 1464 2060; x_wconf 85' lang='lat' dir='ltr'><strong>Monaec.</strong></span> <span class='ocrx_word' id='word_1_353' title='bbox 1496 2022 1512 2060; x_wconf 89' lang='lat' dir='ltr'><strong>l</strong></span> 
     </span>
     <span class='ocr_line' id='line_1_76' title="bbox 842 2076 1512 2133; baseline -0.003 -13"><span class='ocrx_word' id='word_1_354' title='bbox 842 2097 928 2133; x_wconf 82' lang='lat' dir='ltr'><strong>pag.</strong></span> <span class='ocrx_word' id='word_1_355' title='bbox 963 2086 1055 2124; x_wconf 84' lang='lat'><strong>100.</strong></span> <span class='ocrx_word' id='word_1_356' title='bbox 1088 2104 1138 2110; x_wconf 96' lang='lat'>—</span> <span class='ocrx_word' id='word_1_357' title='bbox 1184 2081 1257 2118; x_wconf 87' lang='lat' dir='ltr'><strong>Pro</strong></span> <span class='ocrx_word' id='word_1_358' title='bbox 1298 2076 1512 2131; x_wconf 72' lang='grc' dir='ltr'><em>ἠπιστήθη</em></span> 
     </span>
     <span class='ocr_line' id='line_1_77' title="bbox 843 2133 1511 2187; baseline -0.004 -11"><span class='ocrx_word' id='word_1_359' title='bbox 843 2140 1029 2177; x_wconf 82' lang='lat' dir='ltr'><strong>Schaeser.</strong></span> <span class='ocrx_word' id='word_1_360' title='bbox 1051 2140 1168 2177; x_wconf 87' lang='lat' dir='ltr'><strong>edidit</strong></span> <span class='ocrx_word' id='word_1_361' title='bbox 1181 2133 1394 2187; x_wconf 77' lang='grc' dir='ltr'><em>ἐπιστήθη,</em></span> <span class='ocrx_word' id='word_1_362' title='bbox 1409 2138 1511 2187; x_wconf 90' lang='lat' dir='ltr'><strong>quod</strong></span> 
     </span>
     <span class='ocr_line' id='line_1_78' title="bbox 842 2195 1511 2241; baseline -0.003 -8"><span class='ocrx_word' id='word_1_363' title='bbox 842 2198 939 2234; x_wconf 91' lang='lat' dir='ltr'><strong>idem</strong></span> <span class='ocrx_word' id='word_1_364' title='bbox 962 2197 1073 2234; x_wconf 83' lang='lat' dir='ltr'><strong>offert</strong></span> <span class='ocrx_word' id='word_1_365' title='bbox 1099 2195 1285 2232; x_wconf 87' lang='lat' dir='ltr'><strong>Sancrofti</strong></span> <span class='ocrx_word' id='word_1_366' title='bbox 1309 2195 1422 2241; x_wconf 85' lang='lat' dir='ltr'><strong>liber;</strong></span> <span class='ocrx_word' id='word_1_367' title='bbox 1452 2208 1511 2232; x_wconf 87' lang='lat' dir='ltr'><strong>re·</strong></span> 
     </span>
     <span class='ocr_line' id='line_1_79' title="bbox 842 2246 1513 2303; baseline -0.004 -13"><span class='ocrx_word' id='word_1_368' title='bbox 842 2254 932 2303; x_wconf 85' lang='lat' dir='ltr'><strong>liqui</strong></span> <span class='ocrx_word' id='word_1_369' title='bbox 971 2266 1098 2290; x_wconf 81' lang='lat' dir='ltr'><strong>omncs</strong></span> <span class='ocrx_word' id='word_1_370' title='bbox 1140 2246 1380 2303; x_wconf 72' lang='grc' dir='ltr'><em>ἠπιστήθη,</em></span> <span class='ocrx_word' id='word_1_371' title='bbox 1413 2251 1513 2301; x_wconf 92' lang='lat' dir='ltr'><strong>quod</strong></span> 
     </span>
     <span class='ocr_line' id='line_1_80' title="bbox 842 2308 1514 2360; baseline -0.004 -13"><span class='ocrx_word' id='word_1_372' title='bbox 842 2310 1109 2360; x_wconf 67' lang='lat' dir='ltr'><strong>lVesselingius</strong></span> <span class='ocrx_word' id='word_1_373' title='bbox 1131 2324 1210 2347; x_wconf 86' lang='lat' dir='ltr'><strong>cum</strong></span> <span class='ocrx_word' id='word_1_374' title='bbox 1231 2308 1345 2346; x_wconf 86' lang='lat' dir='ltr'><strong>Porto</strong></span> <span class='ocrx_word' id='word_1_375' title='bbox 1359 2308 1514 2357; x_wconf 86' lang='lat' dir='ltr'><strong>aliisque</strong></span> 
     </span>
     <span class='ocr_line' id='line_1_81' title="bbox 843 2364 1512 2416; baseline -0.004 -12"><span class='ocrx_word' id='word_1_376' title='bbox 843 2368 891 2416; x_wconf 88' lang='lat' dir='ltr'><strong>(v.</strong></span> <span class='ocrx_word' id='word_1_377' title='bbox 933 2381 963 2404; x_wconf 93' lang='lat' dir='ltr'><strong>c.</strong></span> <span class='ocrx_word' id='word_1_378' title='bbox 1000 2367 1164 2404; x_wconf 83' lang='lat' dir='ltr'><strong>Fischer.</strong></span> <span class='ocrx_word' id='word_1_379' title='bbox 1202 2366 1249 2403; x_wconf 88' lang='lat' dir='ltr'><strong>ad</strong></span> <span class='ocrx_word' id='word_1_380' title='bbox 1290 2365 1441 2405; x_wconf 58' lang='lat' dir='ltr'><strong>lVeller.</strong></span> <span class='ocrx_word' id='word_1_381' title='bbox 1480 2364 1512 2401; x_wconf 85' lang='grc' dir='ltr'><strong>ΙΙ</strong></span> 
     </span>
     <span class='ocr_line' id='line_1_82' title="bbox 841 2422 1513 2475; baseline -0.003 -14"><span class='ocrx_word' id='word_1_382' title='bbox 841 2439 876 2475; x_wconf 83' lang='lat' dir='ltr'><strong>p.</strong></span> <span class='ocrx_word' id='word_1_383' title='bbox 902 2425 1001 2473; x_wconf 75' lang='lat'>297)</span> <span class='ocrx_word' id='word_1_384' title='bbox 1032 2437 1054 2461; x_wconf 80' lang='lat' dir='ltr'><strong>a</strong></span> <span class='ocrx_word' id='word_1_385' title='bbox 1079 2425 1192 2462; x_wconf 85' lang='lat' dir='ltr'><strong>verbo</strong></span> <span class='ocrx_word' id='word_1_386' title='bbox 1213 2422 1426 2474; x_wconf 79' lang='grc' dir='ltr'><em>ἐπίσταμαι</em></span> <span class='ocrx_word' id='word_1_387' title='bbox 1446 2423 1513 2460; x_wconf 91' lang='lat' dir='ltr'><strong>de-</strong></span> 
     </span>
     <span class='ocr_line' id='line_1_83' title="bbox 842 2479 1514 2529; baseline -0.001 -11"><span class='ocrx_word' id='word_1_388' title='bbox 842 2482 977 2529; x_wconf 84' lang='lat' dir='ltr'><strong>rivans,</strong></span> <span class='ocrx_word' id='word_1_389' title='bbox 1008 2481 1114 2518; x_wconf 87' lang='lat' dir='ltr'><strong>scribi</strong></span> <span class='ocrx_word' id='word_1_390' title='bbox 1138 2479 1275 2518; x_wconf 86' lang='lat' dir='ltr'><strong>mavult</strong></span> <span class='ocrx_word' id='word_1_391' title='bbox 1309 2482 1514 2529; x_wconf 82' lang='grc' dir='ltr'><em>πολυπρα-</em></span> 
     </span>
     <span class='ocr_line' id='line_1_84' title="bbox 841 2536 1515 2590; baseline -0.009 -13"><span class='ocrx_word' id='word_1_392' title='bbox 841 2554 949 2590; x_wconf 77' lang='grc' dir='ltr'><em>γμον</em></span> <span class='ocrx_word' id='word_1_393' title='bbox 965 2540 1045 2585; x_wconf 79' lang='grc' dir='ltr'><em>ὦν,</em></span> <span class='ocrx_word' id='word_1_394' title='bbox 1079 2539 1181 2587; x_wconf 86' lang='lat' dir='ltr'><strong>quod</strong></span> <span class='ocrx_word' id='word_1_395' title='bbox 1200 2538 1316 2587; x_wconf 88' lang='lat' dir='ltr'><strong>ipsum</strong></span> <span class='ocrx_word' id='word_1_396' title='bbox 1338 2536 1515 2574; x_wconf 79' lang='lat' dir='ltr'><strong>sancros-</strong></span> 
     </span>
     <span class='ocr_line' id='line_1_85' title="bbox 841 2593 1513 2633; baseline -0.007 0"><span class='ocrx_word' id='word_1_397' title='bbox 841 2596 870 2633; x_wconf 83' lang='lat' dir='ltr'><strong>ti</strong></span> <span class='ocrx_word' id='word_1_398' title='bbox 899 2595 990 2633; x_wconf 87' lang='lat' dir='ltr'><strong>liber</strong></span> <span class='ocrx_word' id='word_1_399' title='bbox 1017 2609 1061 2633; x_wconf 88' lang='lat' dir='ltr'><strong>ac</strong></span> <span class='ocrx_word' id='word_1_400' title='bbox 1088 2594 1388 2632; x_wconf 81' lang='lat' dir='ltr'><strong>Vindobonensis</strong></span> <span class='ocrx_word' id='word_1_401' title='bbox 1414 2593 1513 2631; x_wconf 82' lang='lat' dir='ltr'><strong>exhi-</strong></span> 
     </span>
     <span class='ocr_line' id='line_1_86' title="bbox 843 2651 1510 2699; baseline -0.006 -10"><span class='ocrx_word' id='word_1_402' title='bbox 843 2653 949 2699; x_wconf 78' lang='lat' dir='ltr'><strong>bent3</strong></span> <span class='ocrx_word' id='word_1_403' title='bbox 982 2656 1020 2689; x_wconf 89' lang='lat' dir='ltr'><strong>ut</strong></span> <span class='ocrx_word' id='word_1_404' title='bbox 1040 2653 1098 2689; x_wconf 89' lang='lat' dir='ltr'><strong>hic</strong></span> <span class='ocrx_word' id='word_1_405' title='bbox 1119 2654 1196 2690; x_wconf 87' lang='lat' dir='ltr'><strong>fere</strong></span> <span class='ocrx_word' id='word_1_406' title='bbox 1215 2651 1264 2688; x_wconf 84' lang='lat' dir='ltr'><strong>sit</strong></span> <span class='ocrx_word' id='word_1_407' title='bbox 1289 2651 1361 2688; x_wconf 84' lang='lat' dir='ltr'><strong>loci</strong></span> <span class='ocrx_word' id='word_1_408' title='bbox 1382 2662 1510 2688; x_wconf 87' lang='lat' dir='ltr'><strong>sensus</strong></span> 
     </span>
     <span class='ocr_line' id='line_1_87' title="bbox 842 2706 1513 2760; baseline -0.009 -13"><span class='ocrx_word' id='word_1_409' title='bbox 842 2723 886 2747; x_wconf 84' lang='lat' dir='ltr'><strong>ex</strong></span> <span class='ocrx_word' id='word_1_410' title='bbox 913 2709 1039 2747; x_wconf 83' lang='lat' dir='ltr'><strong>Vallae</strong></span> <span class='ocrx_word' id='word_1_411' title='bbox 1069 2709 1389 2760; x_wconf 85' lang='lat' dir='ltr'><strong>interpretatione:</strong></span> <span class='ocrx_word' id='word_1_412' title='bbox 1421 2706 1513 2755; x_wconf 81' lang='lat' dir='ltr'><strong>„qui</strong></span> 
     </span>
     <span class='ocr_line' id='line_1_88' title="bbox 841 2765 1510 2816; baseline -0.009 -13"><span class='ocrx_word' id='word_1_413' title='bbox 841 2768 874 2803; x_wconf 82' lang='lat' dir='ltr'><strong>si</strong></span> <span class='ocrx_word' id='word_1_414' title='bbox 904 2770 1096 2816; x_wconf 75' lang='lat' dir='ltr'><strong>compertus</strong></span> <span class='ocrx_word' id='word_1_415' title='bbox 1129 2768 1233 2803; x_wconf 78' lang='lat' dir='ltr'><strong>etiam</strong></span> <span class='ocrx_word' id='word_1_416' title='bbox 1258 2765 1414 2816; x_wconf 81' lang='lat' dir='ltr'><strong>suisset,</strong></span> <span class='ocrx_word' id='word_1_417' title='bbox 1444 2774 1510 2799; x_wconf 80' lang='lat' dir='ltr'><strong>non</strong></span> 
     </span>
     <span class='ocr_line' id='line_1_89' title="bbox 839 2819 1508 2874; baseline -0.01 -12"><span class='ocrx_word' id='word_1_418' title='bbox 839 2823 1028 2874; x_wconf 70' lang='lat' dir='ltr'><strong>qffectasse</strong></span> <span class='ocrx_word' id='word_1_419' title='bbox 1050 2836 1105 2861; x_wconf 84' lang='lat' dir='ltr'><strong>res</strong></span> <span class='ocrx_word' id='word_1_420' title='bbox 1126 2836 1247 2861; x_wconf 76' lang='lat' dir='ltr'><strong>novas.</strong></span> <span class='ocrx_word' id='word_1_421' title='bbox 1308 2822 1430 2865; x_wconf 83' lang='lat' dir='ltr'><strong>Quam</strong></span> <span class='ocrx_word' id='word_1_422' title='bbox 1454 2819 1508 2855; x_wconf 86' lang='lat' dir='ltr'><strong>in-</strong></span> 
     </span>
    </p>
   </div>
  </div>
 </body>
</html>
