1863 3256
473 125 556 164 464
893 126 1355 166 HERODOTI

475 229 671 287 γέφυραν
693 236 902 289 μετείσθω
923 251 1017 289 μοι·
1065 235 1228 289 ἔχοντες
1259 235 1302 278 δὲ
1331 233 1407 277 τόν
1440 234 1595 290 ἱμάντα
1624 237 1718 281 τόν·

449 302 549 353 3δε,
587 305 746 349 ποιέετε
786 305 898 348 τάδε.
955 302 1084 346 ἐπεάν
1111 319 1162 358 με
1191 305 1306 361 ἴδητε
1335 303 1510 360 τάχιστα
1537 306 1718 360 πορευό-

475 388 607 426 μενον
626 375 692 417 ἐπὶ
715 373 916 423 Σκύθας,
945 370 1029 415 ἀπὸ
1063 372 1222 416 τούτου
1252 373 1486 430 ἀρξάμενοι
1515 379 1594 418 τοῦ
1623 375 1719 431 χρό-

446 446 580 493 4νου,
622 444 740 486 λύετε
785 442 904 497 ἅμμα
942 444 991 485 ἓν
1030 441 1207 496 ἑκάστης
1253 442 1424 500 ἡμέρης.
1495 444 1550 501 ἢν
1590 446 1635 489 δὲ
1674 446 1720 489 έν

473 511 612 566 τούτῳ
648 515 708 566 τῷ
736 510 877 570 χρόνῳ
908 512 964 568 μὴ
993 515 1157 569 παρέω,
1203 513 1310 557 ἀλλα
1340 515 1586 566 διεξέλθωσι
1615 512 1721 570 ὑμῖν

477 584 522 624 αἱ
556 580 710 635 ἡμέραι
749 585 834 625 τῶν
871 582 1100 638 ἁμμάτων,
1142 584 1366 628 ἀποπλέετε
1398 586 1438 636 ές
1467 585 1544 641 τὴν
1573 585 1722 641 ὑμετέ-

448 660 562 704 5ρην
601 649 757 694 αὐτῶν.
816 653 936 709 μέχρι
967 655 1012 698 δὲ
1040 655 1221 707 τούτου,
1272 655 1361 698 ἐπεί
1390 672 1432 699 τε
1462 654 1577 700 οὕτω
1606 656 1721 712 μετέ-

476 720 592 773 δοξε,
640 720 876 775 φυλάσσετε
918 722 997 780 τήν
1045 728 1241 782 σχεδίην,
1291 728 1432 768 πᾶσαν
1472 728 1776 782 προθυμίην55

448 791 692 846 6σωτηρίης
729 808 771 835 τε
807 794 877 836 καὶ
917 799 1112 850 φυλακῆς
1151 797 1446 850 παρεχόμενοι.
1503 800 1637 839 ταῦτα
1677 798 1722 840 ὁὲ

475 863 719 914 ποιεῦντες,
756 861 850 918 ἐμοὶ
886 864 1078 920 μεγάλως
1106 870 1369 920 χαριεῖσθε.“
1427 872 1613 921 Δαρεῖος
1644 868 1721 924 μὲν

473 933 610 974 ταῦτα
639 933 781 985 εἴπας,
817 933 859 984 ές
887 934 937 977 τὸ
969 934 1116 988 πρόσω
1147 935 1344 990 ἐπείγετο.

591 1005 675 1057 Τῆς
714 1004 758 1046 δὲ
789 1008 1013 1061 Σκυθικῆς
1041 1010 1119 1062 γῆς
1155 1006 1181 1062 ἡ
1219 1008 1383 1062 Θρηΐκη
1412 1005 1461 1050 τὸ
1493 1007 1535 1057 ἐς
1563 1006 1723 1051 θάλασ-

140 1096 304 1123 maritimus
326 1095 417 1122 0105-
476 1082 559 1114 σαν
579 1072 818 1126 πρόκειται·
849 1076 1016 1119 κόλπου
1038 1077 1082 1120 δὲ
1111 1074 1328 1132 ἀγομένου
1356 1081 1431 1132 τῆς
1451 1080 1529 1132 γῆς
1553 1077 1722 1134 ταύτης,
1733 1086 1777 1119 60

141 1128 416 1202 ξ’ᾱεῗῗηίῗέῑῃῖῗῑιιῗξιῖῗ
473 1140 500 1198 ἡ
531 1143 735 1200 Σκυθική
765 1161 807 1189 τε
838 1146 1073 1198 ἐκδέκεται,
1113 1148 1183 1191 καὶ
1225 1146 1248 1191 ὁ
1278 1147 1446 1202 Ἴστρος
1484 1147 1650 1192 ἐκδιδοῖ
1679 1149 1722 1200 ἐς

158 1194 399 1262 2{ffi;,⁵12⁰3i}21¹12
475 1211 631 1269 αὐτὴν,
671 1215 777 1268 πρὸς
808 1211 937 1271 εὗρον
974 1216 1134 1274 ἄνεμον
1170 1217 1218 1262 τό
1258 1217 1393 1272 στόμα
1422 1217 1720 1273 τετραμμένος.

140 1293 415 1323 ειωιιιιῑιιᾱειει-
445 1281 544 1326 2Τὸ
588 1283 634 1327 δὲ
682 1284 766 1331 duo*
803 1288 997 1343 Ἴστρου,
1047 1289 1224 1344 ἔρχομαι
1264 1287 1490 1344 σημανέων
1527 1287 1575 1333 τὸ
1613 1289 1721 1344 πρὸς

348 997 414 1043 99

161 1061 301 1097 Sc5thiae
323 1061 398 1091 situs

157 1270 240 1289 mare
275 1261 311 1287 ad
344 1269 399 1287 au-

608 1447 639 1483 C
655 1460 723 1497 ap.
753 1448 884 1486 XCIX.

479 1503 559 1551 Τῆς
596 1499 638 1540 δὲ
669 1505 877 1555 Σκυθικῆς
913 1506 986 1556 γῆς
1013 1526 1068 1533 -·

417 1553 634 1608 πρόκειται]
665 1559 688 1594 i.
707 1572 738 1596 e.
761 1564 841 1597 aute
863 1560 1069 1611 Scythicam

418 1617 547 1650 terram
567 1613 725 1651 Thracia
748 1617 819 1652 sita
841 1620 911 1662 est,
954 1616 996 1654 eti
1014 1620 1068 1653 ηἰ-

420 1681 546 1706 mirum
560 1673 674 1720 parte,
705 1684 792 1720 quae
812 1673 861 1709 ad
881 1685 975 1710 mare
988 1685 1069 1722 per-

419 1727 507 1762 tinet
524 1727 572 1773 (S.
594 1739 636 1764 ea
651 1725 829 1775 Thracia,
860 1741 955 1778 quae
972 1742 1070 1767 mare

418 1782 606 1831 attingit);
639 1783 722 1819 inde
743 1796 842 1832 vero,
876 1786 939 1822 ubi
962 1787 999 1822 in
1022 1787 1071 1822 si-

417 1850 502 1875 num
550 1838 692 1875 ducitur
736 1843 828 1889 regio
847 1869 858 1887 ,
919 1840 1071 1892 Scythia

419 1893 651 1942 (Thraciam)
683 1898 813 1946 excipit
840 1895 996 1947 Ister-que
1031 1900 1071 1934 in

417 1961 490 1987 eam
510 1950 731 2000 (Scythiam)
751 1954 893 2003 influit,
919 1956 1003 1990 ostio
1023 1953 1071 1990 acl

416 2008 577 2043 orientem
599 2019 768 2048 converso,
799 2010 900 2047 Bene
911 2010 962 2047 sic
972 2010 1071 2047 Lan-

415 2073 483 2110 ge:
534 2062 638 2109 „vor
677 2064 759 2102 dem
799 2065 1070 2115 Scythenlande

416 2118 504 2155 aber
554 2131 600 2155 an
648 2120 713 2157 der
753 2121 915 2159 Seeseite
961 2122 1070 2171 lieget

418 2173 576 2211 Thrake.
633 2175 849 2226 Dasselbige
875 2177 979 2215 Land
1003 2178 1070 2215 bil-

420 2229 483 2266 det
505 2234 577 2267 erst
600 2232 705 2269 einen
724 2233 847 2270 Busen
867 2235 941 2271 und
970 2234 1068 2270 daun

418 2283 557 2321 kommt
593 2287 840 2335 Scythenland
881 2290 955 2326 und
1003 2290 1068 2327 der

418 2339 530 2376 Istros
566 2343 699 2379 fliesset
729 2345 765 2381 in
796 2344 961 2382 dasselbe
992 2345 1067 2382 und

417 2397 563 2432 wendet
581 2397 653 2434 sich
668 2399 730 2436 mit
746 2401 863 2437 seiner
874 2401 1068 2449 Miindung

418 2464 489 2500 gen
510 2452 685 2489 Siidost.⁴‘
741 2454 808 2491 Est
826 2457 920 2492 enim
939 2457 994 2493 hic
1008 2470 1068 2493 co-

417 2507 608 2555 gitandum
649 2509 695 2546 de
741 2510 908 2558 Scythiae
954 2513 1069 2549 forma

418 2563 615 2611 quadrata,
672 2565 813 2613 qualem
854 2567 1065 2604 Herodotus

417 2618 486 2655 sibi
511 2625 629 2658 mente
658 2622 882 2666 informarat,
923 2624 1067 2672 exposi-

416 2677 490 2711 tam
507 2687 527 2712 a
550 2677 653 2713 nobis
673 2677 708 2713 in
729 2682 802 2714 not.
825 2679 870 2714 ad
891 2678 950 2726 tv,
974 2681 1063 2720 101.

1126 1450 1314 1495 terminat,
1356 1451 1403 1486 ad
1429 1463 1537 1500 quem
1570 1463 1683 1499 usque
1712 1463 1775 1489 ex-

1125 1506 1286 1543 tenditur
1296 1505 1474 1553 Thracia,
1505 1506 1645 1554 Scythis
1662 1519 1683 1543 a
1700 1520 1775 1544 me-

1125 1562 1215 1598 ridie
1233 1562 1414 1610 contigua,
1443 1562 1554 1599 multo
1575 1562 1689 1611 magis
1710 1562 1776 1612 igi-

1124 1622 1182 1654 tur
1201 1630 1308 1666 quam
1321 1617 1428 1666 vulgo
1447 1622 1609 1668 putatur,
1631 1623 1777 1668 septen-

1124 1674 1276 1711 trionem
1303 1687 1426 1711 versus
1449 1678 1608 1712 extensa.
1668 1675 1774 1711 Cous.

1127 1729 1308 1768 Gatterer.
1330 1729 1510 1767 Thracien
1538 1730 1628 1767 nach
1657 1729 1777 1768 Hero-

1127 1786 1201 1822 dot.
1226 1790 1292 1823 etc.
1320 1798 1406 1836 pag.
1430 1788 1479 1827 17
1498 1798 1574 1836 seq.
1620 1785 1776 1824 Vtilcker

1125 1840 1241 1890 Myth.
1261 1842 1397 1890 Geogr.
1422 1842 1436 1879 l
1455 1855 1538 1892 pag.
1568 1843 1658 1882 173.
1683 1842 1775 1884 174.

1188 1894 1241 1936 To*
1260 1895 1300 1936 δὲ
1323 1894 1561 1949 οἷπόἽστρου
1575 1927 1585 1946 ,
1619 1897 1778 1948 ἔρχομαι

1128 1952 1335 2004 σημανέων
1365 1969 1402 1992 κ.
1435 1969 1466 1992 τ.
1493 1952 1551 2004 λ.]
1608 1953 1775 1992 Recentt.

1128 2010 1211 2047 edd.
1234 2011 1270 2046 in
1291 2010 1344 2046 his
1367 2010 1480 2048 secuti
1497 2023 1641 2056 sumus,
1662 2011 1776 2047 maio-

1125 2078 1199 2103 rem
1215 2067 1478 2104 distinctionem
1497 2070 1673 2117 ponentes
1689 2070 1776 2116 post

1125 2120 1165 2168 ἐς
1186 2120 1391 2172 μέτρησιν,
1431 2135 1510 2159 cum
1535 2122 1644 2171 vulgo
1664 2122 1773 2160 verba

1125 2179 1314 2227 sequentia
1351 2173 1429 2217 α’ττό
1468 2174 1631 2228 'Im-9011,
1678 2189 1772 2227 quae

1125 2246 1191 2271 nos
1212 2247 1290 2271 cum
1310 2247 1410 2283 seqq.
1432 2234 1550 2271 verbis
1573 2229 1670 2283 αὕτη
1691 2231 1771 2284 ἤδη

1126 2284 1265 2340 α’ρχαίη
1275 2285 1460 2340 Σκυθική
1483 2287 1562 2328 ἔστι
1580 2289 1772 2337 iungimus,

1123 2346 1419 2383 antecedentibus
1482 2351 1773 2383 annecterentur.

1125 2401 1235 2438 Unde
1259 2401 1347 2438 haec
1366 2401 1519 2438 efficitur
1539 2400 1606 2437 loci
1626 2406 1772 2439 senten-

1124 2457 1192 2492 tia:
1243 2456 1328 2493 Inde
1359 2457 1402 2492 ab
1430 2456 1523 2493 Istro
1550 2469 1626 2493 vero
1658 2460 1770 2506 (quae

1124 2513 1330 2549 extenditur
1357 2517 1472 2559 terra,
1504 2515 1602 2562 eam)
1632 2514 1770 2550 indica·

1123 2571 1222 2604 turus
1249 2581 1321 2604 sum
1353 2568 1401 2605 ad
1440 2581 1655 2617 mensuram,
1694 2582 1769 2606 eam

1122 2624 1194 2661 scil.
1246 2626 1354 2673 ipsius
1404 2624 1573 2675 Scythiae
1620 2630 1768 2676 partem,

1122 2693 1208 2728 quae
1246 2681 1293 2716 (nl
1327 2693 1420 2717 mare
1448 2683 1657 2731 port-Igitur.
1714 2683 1767 2719 Ab

417 2730 537 2774 Quam
565 2732 636 2770 scil.
679 2734 725 2770 ad
757 2735 939 2772 meridiem
974 2735 1064 2772 lster
1119 2735 1212 2772 Istro
1227 2737 1306 2773 inde
1326 2737 1408 2774 haec
1426 2740 1521 2774 vetus
1538 2742 1588 2775 est
1602 2737 1766 2788 Scythia,
