1863 3256
381 275 465 314 640
551 273 879 313 HERoDoTl
941 272 1356 312 MELPOMENE.
1412 274 1471 310 ΙΥ.

44 388 132 412 quim!
161 380 229 406 viva
255 387 320 406 ver-

44 414 137 440 mihin-1
157 413 323 441 ebullisset.

382 381 460 437 τήν
490 380 592 438 ζόην
622 381 858 433 κατέπλεξε.
911 378 970 430 ὡς
995 380 1081 434 γάρ
1112 382 1164 436 δὴ
1193 379 1369 436 τάχιστα
1398 380 1445 424 ἐκ
1472 385 1546 436 τῆς
1566 386 1642 425 Λι-

376 448 506 506 βύης,
534 449 738 504 τισαμένη
765 447 870 496 τούς
888 448 1164 499 Βαρκαίους,
1204 446 1465 503 ἀπενόστησε
1493 448 1537 500 ἐς
1562 448 1643 505 τὴν

381 519 625 573 Αἴγυπτον,
663 516 855 558 ἀπέθανε
884 518 1047 565 κακῶς·
1101 519 1215 568 ζῶσα
1243 515 1327 570 γάρ
1358 514 1520 560 εὐλέων
1551 516 1640 568 ἐξέ-

349 589 485 638 9ζεσε.
537 584 592 635 (ὃς
621 583 705 636 ἄρα
736 579 1013 636 ἀνθρώποισι
1045 584 1090 625 αἱ
1118 584 1217 638 λίην
1247 584 1418 638 ἰσχυραὶ
1437 585 1643 639 τιμωρίαι
1655 592 1700 626 80

377 650 488 704 πρός
517 654 637 693 θεῶν
667 650 904 704 ἐπίφθονοι
938 651 1149 705 γίνονται.
1206 651 1233 706 ἡ
1275 651 1353 706 μὲν
1388 650 1441 706 δὴ
1474 652 1642 703 Φερετί-

373 736 455 774 μης
492 722 567 772 τῆς
608 716 780 759 Βάττεω
821 717 1002 774 τοιαύτη
1042 734 1087 762 τε
1117 717 1190 761 καὶ
1230 717 1419 774 τοσαύτη
1455 719 1641 774 τιμωρίη

1707 391 1783 433 371

376 785 539 840 ἐγένετο
570 783 612 834 ἐς
643 786 904 838 Βαρκαίους.

322 896 568 933 turHalicarn.
589 895 619 931 ll
636 909 670 944 p.
684 897 777 936 209.
794 894 858 946 [Τ.
882 895 928 932 Vl
942 909 979 946 p.

321 953 403 992 774
415 951 557 1000 Reisk.]
579 952 761 988 Herodoti
774 951 980 989 Plieretima

323 1010 427 1055 ζῶσα
450 1002 594 1046 εὐλέων
615 1006 768 1055 ἐξέζεσε.
820 1009 892 1052 Qui
913 1009 980 1045 hoc

321 1077 456 1113 genere
494 1065 611 1101 morbi
650 1064 822 1114 perierint
859 1064 979 1114 plures

322 1126 608 1158 enumerantura
620 1121 792 1170 Menagio
803 1121 849 1157 ad
859 1121 980 1158 Laert.

322 1177 393 1223 lV,
433 1175 458 1215 4
498 1183 535 1214 et
575 1177 724 1213 Kuhnio
763 1178 810 1214 ad
839 1177 979 1214 Aelian.

322 1234 364 1270 Y.
391 1233 437 1270 H.
469 1233 537 1280 lv,
567 1235 620 1273 28
655 1231 776 1282 [Add.
796 1232 980 1270 Plutarch.

320 1289 409 1338 Syll.
435 1291 503 1330 36.
552 1290 676 1326 Sturz.
703 1290 750 1326 ad
779 1289 978 1338 Pherecyd.

319 1347 484 1395 fragium.
515 1359 551 1395 p.
578 1348 627 1386 17
651 1359 727 1395 seq.
759 1347 824 1387 23.
857 1347 979 1383 Botti-

319 1415 395 1449 ger.
432 1403 479 1439 de
509 1401 658 1440 Nemesi
691 1402 904 1439 Herodotea
942 1403 978 1438 in

300 1489 304 1494 .
317 1459 474 1508 Ruperti
493 1464 530 1495 et
543 1458 816 1495 Sehlichthorst.
831 1457 977 1507 Magaz.

321 1515 366 1551 ΙΙΙ
382 1542 392 1559 ,
427 1517 447 1554 1
471 1528 506 1563 p.
530 1513 595 1555 64.
623 1514 770 1551 Koeler.
791 1514 838 1550 ad
861 1515 979 1551 Hera-

318 1571 404 1608 clid.
434 1570 541 1607 Pont.
570 1584 607 1620 p.
634 1570 726 1619 41].
768 1570 806 1606 ln
828 1571 978 1608 Aethio-

318 1628 402 1676 piae
423 1632 534 1675 gente
553 1621 877 1677 Ἀκριδοφάγοις,
917 1627 979 1675 qui

322 1684 518 1720 secundum
547 1682 698 1719 Diodor.
733 1683 804 1727 ΙΙΙ,
845 1685 897 1722 29
926 1688 981 1720 te-

324 1740 470 1776 terrimo
491 1739 558 1776 hoc
575 1740 701 1776 morbo
721 1739 854 1789 passim
875 1740 981 1776 adfe-

321 1797 370 1832 cti
398 1796 667 1842 moriebantur,
697 1808 770 1832 non
798 1797 916 1846 potuit
938 1795 981 1831 il-

322 1851 383 1888 lud
422 1856 461 1888 ut
496 1865 615 1902 poena
645 1852 816 1888 divinitus
846 1852 981 1888 inflicta

321 1909 564 1953 considerari3
594 1908 678 1944 mihi
702 1909 748 1946 de
770 1909 905 1945 morbis
928 1909 979 1944 si-

321 1964 536 2014 milibusque
564 1978 637 2001 non
658 1965 854 2001 absurdum
878 1965 980 2001 vide-

321 2025 381 2058 tur
407 2021 586 2059 Hieroclis
625 2021 793 2058 iudicium
825 2022 861 2057 in
892 2022 980 2057 Sto-

322 2078 402 2114 baei
429 2077 503 2114 Ecl.
539 2077 648 2127 Phys.
680 2090 762 2128 pag.
793 2080 856 2118 10.
908 2078 981 2115 Se-

318 2134 476 2171 cundum
534 2134 763 2170 Herodotum
821 2134 981 2183 pessima

319 2189 446 2228 mulier
483 2191 564 2227 viva
600 2202 622 2227 a
655 2190 836 2226 vermibus
875 2203 980 2228 erosa

320 2246 528 2283 mortalibus
559 2248 627 2283 fuit
650 2247 893 2291 documento,
926 2244 980 2292 ὥς

319 2300 396 2352 ἄρα
418 2298 676 2354 ἀνθρώποισι
698 2303 743 2341 αἱ
763 2303 853 2353 λίην
873 2303 979 2353 ι’σχυ-

320 2357 384 2408 ραὶ
415 2361 597 2410 τιμωρίαι
626 2356 729 2409 πρός
754 2361 865 2397 θεῶν
896 2358 980 2398 ἐντί-

321 2418 474 2463 φθονοι
511 2416 700 2466 γίνονται.
750 2416 810 2453 Ob
843 2415 978 2453 Dircen

317 2470 510 2507 crudeliter
567 2477 746 2521 raptatam
797 2472 978 2522 Antiopae

317 2527 474 2564 furorem
493 2528 664 2563 divinitus
686 2529 896 2571 immissum,
918 2529 979 2565 ubi

319 2583 439 2620 scribit
469 2583 625 2620 Pausan.
653 2583 715 2628 lx,
747 2586 795 2623 17
829 2582 880 2633 [ὃ.
901 2583 979 2633 NJ,

319 2639 499 2688 expressit
523 2639 611 2677 haec
645 2641 752 2675 etiam
784 2639 978 2683 Herodoti,

319 2697 389 2732 ista
408 2696 642 2733 interserens:
673 2693 894 2742 ἐπίφθονοι
916 2691 979 2733 nisi

320 2766 404 2797 πως
432 2748 539 2802 παρά
567 2753 679 2790 θεῶν
700 2751 744 2789 αἱ
760 2749 978 2801 ὑπερβολαὶ

319 2810 400 2847 ταῖν
430 2809 631 2861 τιμωριῶν
662 2806 748 2846 εἶσι.
789 2808 977 2857 Superbos

1037 900 1076 933 et
1098 895 1261 933 crudeles
1291 896 1321 932 si
1351 894 1452 933 lento
1476 898 1573 946 pede
1597 896 1696 935 Deus

1037 952 1199 1000 sequitur
1238 950 1355 998 ultor,
1395 957 1519 989 tamen
1544 951 1564 992 ὁ
1595 950 1697 999 Ζεὺς

1036 1007 1192 1046 κατεῖδε
1209 1003 1368 1057 χρόνιος
1391 1007 1447 1053 εἰς
1465 1004 1536 1054 τοὶς
1555 1006 1698 1057 διφθέ-

1037 1065 1158 1115 ρας.“
1197 1064 1256 1101 Tu
1288 1064 1361 1100 vid.
1383 1068 1477 1100 nott.
1499 1065 1547 1101 ad
1573 1065 1613 1110 l,
1642 1067 1696 1105 32

1038 1121 1107 1166 lll,
1134 1123 1202 1161 40.

1093 1177 1197 1221 ζῶσα
1217 1172 1291 1226 γάρ
1312 1170 1457 1213 ευ’λε’ων
1479 1174 1646 1226 ἐξέζεσε]
1673 1177 1696 1213 i.

1036 1246 1067 1271 e.
1083 1235 1274 1270 etiamnum
1292 1234 1410 1269 vivens
1426 1235 1557 1269 scatm't
1574 1236 1698 1270 venni-

1035 1289 1117 1335 bus,
1146 1290 1277 1338 quibus
1308 1289 1381 1325 scil.
1408 1290 1527 1338 periit.
1582 1289 1695 1326 Adhi-

1037 1347 1115 1383 buit
1164 1344 1315 1382 Wesscl.
1357 1344 1572 1382 Tertulliani
1608 1345 1697 1382 illud

1036 1402 1093 1438 Ad
1111 1401 1257 1450 Scapul.
1281 1403 1324 1439 3:
1368 1414 1444 1437 cum
1470 1404 1549 1438 viva
1572 1404 1698 1438 vermi-

1036 1459 1099 1494 bus
1116 1458 1301 1494 ebullisset.
1338 1457 1397 1493 Ad
1416 1457 1571 1494 l'ausan.
1587 1458 1648 1503 lX,
1670 1461 1694 1497 7

1036 1511 1072 1564 §.
1095 1518 1132 1553 2.
1157 1516 1202 1559 3,
1234 1514 1294 1549 ubi
1317 1513 1412 1550 idem
1430 1514 1579 1550 morbus
1599 1526 1696 1550 com-

1036 1575 1269 1607 memoratur.
1301 1569 1372 1605 Pro
1396 1568 1540 1616 ἐξέζεσε
1559 1570 1595 1606 in
1612 1570 1697 1607 Flo·

1035 1627 1177 1663 rentino
1221 1626 1376 1674 aliisque
1424 1625 1547 1672 ἔξεσε,
1596 1627 1698 1675 quod

1036 1682 1132 1719 idem
1156 1682 1256 1732 apud
1271 1681 1421 1719 Lucian.
1443 1683 1480 1719 in
1502 1682 1696 1719 Alexandr.
1737 1687 1747 1706 ·’

1038 1738 1172 1776 Pseud.
1196 1738 1248 1777 59
1279 1737 1347 1782 (T.
1369 1739 1401 1774 V
1430 1751 1466 1788 p.
1490 1741 1569 1778 117
1591 1738 1697 1788 Bip.)

1037 1799 1074 1832 et
1092 1795 1210 1831 Exod.
1231 1793 1336 1838 XVI,
1367 1797 1432 1836 20.
1476 1793 1585 1844 Apud
1603 1794 1696 1831 Dio-

1036 1864 1122 1901 gen.
1153 1850 1277 1887 Laert.
1301 1850 1370 1897 IV,
1400 1849 1426 1890 4
1453 1854 1573 1889 exstat
1598 1848 1697 1896 ἐκζέ-

1038 1920 1114 1945 σαι.
1135 1929 1181 1935 -
1208 1907 1248 1943 ln
1270 1909 1431 1957 proxime
1451 1919 1531 1956 sqq.
1552 1920 1619 1956 pro
1642 1904 1697 1952 αἷς

1037 1961 1129 2014 ἄρα,
1150 1968 1188 1999 ut
1205 1962 1326 2012 vulgo,
1339 1963 1424 2000 dedi
1435 1977 1514 2000 cnm
1525 1963 1694 2012 Schwgh.

1035 2026 1073 2057 et
1092 2020 1208 2057 Gaisf.
1234 2015 1287 2065 ὣς
1312 2016 1352 2071 (i.
1371 2032 1403 2057 e.
1424 2015 1572 2066 οὕτως)
1594 2016 1694 2070 ἄρας

1039 2089 1121 2113 nam
1139 2088 1265 2112 sensus
1285 2081 1357 2113 est:
1375 2074 1437 2112 Ita
1456 2078 1619 2112 nimirum
1640 2077 1695 2111 ιη’-

1037 2135 1110 2169 mia
1142 2132 1232 2168 ultio
1254 2132 1458 2168 mortalibus
1487 2135 1525 2169 in
1562 2131 1694 2168 malum

1038 2190 1144 2235 cedit,
1169 2202 1205 2225 eo
1222 2189 1313 2238 quod
1327 2189 1465 2226 deorum
1488 2190 1621 2225 excitat
1637 2189 1695 2224 in-

1036 2246 1182 2284 vidiam.
1228 2244 1290 2282 Tu
1308 2247 1405 2282 conf.
1426 2258 1536 2295 supra
1557 2248 1694 2281 notata.

1073 2301 1102 2353 ἦ
1121 2300 1193 2352 μὲν
1213 2298 1264 2351 δή
1280 2302 1498 2351 Φερετίμης
1513 2302 1586 2349 τῆς
1595 2295 1695 2337 Βάτ-

1036 2358 1125 2409 τεω]
1157 2358 1275 2406 Vulgo
1298 2359 1496 2408 accipiunt:
1538 2355 1694 2392 Phereti-

1036 2428 1124 2461 mae,
1144 2414 1253 2451 Bam
1264 2414 1389 2463 filiae;
1421 2413 1521 2462 quod
1543 2412 1695 2450 wesse-

1038 2472 1148 2519 lingio
1166 2484 1206 2508 ac
1218 2470 1401 2507 Larchero
1419 2468 1600 2519 displicet,
1613 2481 1692 2505 cum

1035 2528 1136 2565 Batti
1154 2527 1213 2563 illa
1227 2527 1333 2562 fuerit
1346 2537 1446 2570 uxor,
1458 2537 1532 2562 non
1543 2524 1643 2574 filia,
1654 2529 1694 2561 ut

1036 2597 1079 2621 ex
1105 2583 1163 2627 W,
1192 2584 1269 2622 162
1289 2586 1426 2630 pateat.
1476 2581 1525 2618 At
1543 2581 1691 2630 poterit,

1035 2652 1130 2688 quae
1146 2639 1257 2674 Batto
1283 2638 1391 2674 fuerit
1422 2642 1559 2687 nupta,
1601 2636 1691 2673 alius

1035 2696 1184 2743 eiusque
1193 2693 1322 2742 prioris
1335 2694 1433 2730 Batti
1443 2707 1462 2731 e
1475 2693 1692 2742 regiaCyre-

1035 2763 1206 2787 naeorum
1222 2750 1334 2800 stirpe
1350 2750 1531 2799 perhiberi
1544 2749 1628 2788 filia.
1638 2769 1689 2776 —

1037 2807 1107 2843 Pro
1123 2801 1277 2844 Βάττεω
1297 2812 1371 2844 tres
1393 2806 1474 2843 libri
1483 2805 1690 2844 Βατταιόυ.

585 2872 894 2918 ἸΣΤΟΡΙΩΝ
941 2871 1288 2917 ἩΡΟΔΟΤΟΤ
1339 2873 1406 2916 Δ.
