1863 3256
604 209 641 247 'r
668 208 707 245 H
735 207 768 245 A
800 206 833 245 L
864 208 879 245 1
908 207 953 248 A.
1012 209 1075 246 111.
1391 217 1470 255 μη

201 336 298 364 πων
326 323 416 363 τῶν
444 317 491 361 ἐν
516 320 569 372 τῇ
610 317 724 373 Ασίῃ
761 315 911 360 Ἰνδοί·
970 314 1118 358 Ἰνδῶν
1151 316 1234 371 γὰρ
1273 318 1321 360 τὸ
1362 320 1473 373 πρὸς

171 392 282 448 3τὴν
311 391 376 446 ἠῶ
404 389 555 444 ἐρημίη
585 387 690 438 ἐστὶ,
723 386 795 429 διοὶ
825 386 905 442 τήν
933 385 1127 442 ψάμμον.
1164 385 1286 429 ’Ἐστι
1307 390 1352 431 δὲ
1370 396 1470 432 πολ-

198 462 253 505 λὰ
282 461 409 503 ἔθνεα
438 457 612 510 Ἰνδῶν,
654 458 726 502 καὶ
766 456 847 501 οὐκ
881 456 1097 514 ὁμόφωνα
1127 468 1263 512 σφισι.

199 532 278 588 μὲν
308 527 454 573 αὐτῶν
482 528 671 586 νομάδες
701 531 802 573 εἰσί·
836 532 879 573 οἱ
909 530 976 579 δὲ,
1007 528 1076 572 οὔ.

1332 460 1406 502 καὶ
1437 464 1532 503 οῑ35

1138 529 1182 571 οἷ
1212 528 1257 572 δὲ
1288 529 1334 573 ἐν
1364 535 1478 573 τοῖσι

197 604 308 647 ἕλεσι
337 601 531 644 οἰκέουσι
560 604 641 643 τοῦ
673 604 904 656 ποταμοῦ,
952 601 1025 644 καὶ
1067 599 1223 656 ἰχθύας
1263 599 1478 644 σιτέονται

197 674 364 731 ὠμοὺς,
393 671 497 723 τούς
529 670 728 726 αἱρέουσι
759 672 804 716 ἐκ
829 673 996 715 πλοίων
1026 672 1282 726 καλαμίνων
1312 669 1477 726 ὁρμειό-

194 812 332 855 Ἰνδῶν
354 813 427 868 γάρ
455 812 499 854 τό
521 813 621 867 πρός
643 812 716 866 τὴν
739 811 804 866 ηὀῖ

141 873 284 924 ἐρημίη
309 871 400 919 ἐστὶ,
427 870 492 911 διοὶ
510 871 584 923 τήν
613 869 801 924 ψάμμου]

139 930 200 969 Ne
222 932 302 979 quis
326 930 394 967 hoc
422 931 582 977 miretur,
613 931 706 967 bene
727 943 806 966 mo-

140 991 205 1025 net
225 987 382 1024 Heeren.
403 986 454 1024 ld.
480 986 509 1033 l,
534 989 552 1025 1
579 1000 615 1036 p.
639 988 721 1027 367
748 986 806 1022 ln-

140 1045 259 1091 diam‚
290 1043 434 1092 qualem
457 1047 556 1080 certe
578 1043 717 1081 Noster
738 1056 804 1079 no-

137 1101 211 1147 vit,
240 1104 275 1137 et
295 1099 617 1150 septentrionalem
638 1105 673 1137 et
694 1100 802 1136 meri-

140 1156 324 1194 dionalem
353 1158 388 1193 in
419 1157 564 1193 deserta
586 1156 726 1203 exiisse,
757 1156 801 1192 il-

139 1213 209 1250 lam
230 1214 265 1249 in
281 1214 426 1250 deserta
443 1212 538 1259 Cubi,
561 1226 657 1262 quae
677 1213 804 1249 dicun-

139 1274 209 1317 tur,
223 1270 314 1306 hauc
326 1270 360 1305 in
375 1270 564 1317 regionem
583 1268 802 1315 sabulosam‚

137 1339 232 1375 quae
262 1326 347 1363 inde
380 1339 400 1362 a
421 1330 521 1363 terra
544 1326 708 1363 Guzerat
741 1339 804 1362 us-

139 1397 210 1432 que
235 1383 281 1419 ad
307 1381 451 1419 Multan
474 1383 678 1433 pertineat3
704 1383 801 1419 unde

137 1442 295 1486 sactum,
334 1443 373 1476 ut
407 1439 623 1477 Herodotus
656 1452 801 1476 omnem

138 1496 278 1533 Indiam
300 1497 476 1533 orientem
499 1509 623 1532 versus
646 1496 801 1533 desertis

137 1553 326 1590 terminari
367 1553 542 1590 crederet.
621 1552 801 1590 Rennelio

137 1610 159 1646 l.
182 1609 202 1646 l.
231 1623 267 1658 p.
296 1611 377 1651 519
406 1610 475 1646 hoc
504 1609 583 1646 loco
615 1611 800 1646 desertum

138 1666 335 1704 Iessclmere
367 1679 396 1706 s,
431 1666 613 1714 Registan
648 1666 803 1703 indicari

137 1723 293 1759 videtur.
325 1723 433 1759 Cous.
450 1724 558 1760 etiam
583 1723 803 1760 Maltebrun.

137 1779 281 1816 Annall.
299 1778 466 1817 Nouvell.
489 1780 525 1817 d.
546 1780 689 1829 Voyag.
709 1780 743 1816 ll
765 1793 803 1830 p.

139 1837 223 1877 322
241 1848 317 1884 seq.

182 1889 299 1931 ''Eon
315 1889 356 1931 δὲ
370 1888 496 1930 πολλᾶ
518 1890 640 1931 ἔθνεα
659 1886 804 1936 Ἰνδῶν,

137 1948 205 1988 καὶ
229 1944 302 1988 οὐκ
322 1944 517 1999 ὁμόφωνοί
542 1947 670 1998 σφισι]
704 1950 804 1986 Hee-

138 2019 213 2044 ren.
234 2006 256 2045 l.
280 2005 302 2042 l.
324 2006 351 2052 1,
371 2008 394 2045 3
416 2018 501 2056 pag.
523 2006 604 2046 295
627 2007 673 2043 de
694 2006 805 2042 Indo-

138 2076 218 2100 rum
248 2062 436 2099 ordinibus
462 2062 619 2111 (Casten
642 2064 803 2110 vocant)

140 2120 346 2166 disserens,
385 2132 522 2168 easque
555 2120 603 2156 ad
639 2120 803 2156 diversas

139 2177 303 2225 gentium
326 2177 458 2226 stirpes
488 2189 683 2224 revocans,
713 2176 803 2214 haec

136 2233 323 2270 Herodoti
340 2234 454 2270 verba
473 2245 517 2270 eo
537 2234 654 2282 magis
674 2233 804 2282 respici

137 2289 226 2337 vult,
257 2303 331 2339 quo
355 2291 474 2326 verius
501 2289 559 2326 illa
582 2290 678 2326 dicta
702 2290 805 2327 vide-

139 2350 246 2383 antur
265 2347 311 2393 ei,
333 2347 394 2396 qui
416 2359 525 2395 quam
548 2347 712 2384 diversae
731 2346 804 2383 sint

141 2407 271 2451 gentes
293 2403 475 2440 communi
495 2403 666 2439 Indorum
685 2403 804 2439 nomi-

141 2472 186 2496 ne
222 2459 330 2509 vulgo
364 2460 670 2510 comprehensae,
713 2459 802 2496 satis

141 2517 290 2553 noverit.
332 2516 387 2554 Ut
410 2517 505 2553 enim
525 2517 559 2552 in
581 2516 703 2553 multis
724 2516 802 2552 aliis

143 2572 250 2609 rebus
271 2586 336 2611 nec
359 2573 495 2611 levibus
515 2574 668 2610 maxime
689 2573 803 2610 diffe-

144 2632 228 2665 runt
254 2629 322 2667 hae
349 2636 502 2678 gentes,
534 2630 585 2666 ita
609 2630 679 2666 hoc
710 2643 801 2678 quo-

144 2696 215 2732 que
236 2685 369 2734 ipsum,
400 2687 501 2735 quod
528 2699 603 2723 non
624 2700 696 2723 una
719 2686 803 2724 illae

144 2739 268 2789 lingua
290 2746 436 2779 utantur
456 2743 671 2792 eademque,
704 2742 804 2780 lucu-

145 2796 242 2833 lento
273 2801 330 2834 est
354 2798 595 2848 documento,
635 2801 803 2838 diversae

143 2852 266 2903 stirpis
284 2853 452 2892 Indorum
467 2869 546 2894 esse
567 2861 710 2907 genteS.

920 814 961 853 οἱ
982 812 1023 853 δὲ
1046 814 1088 853 ἐν
1109 819 1209 854 τοῖσι
1232 814 1330 853 ἕλεσι
1352 813 1531 853 οἰκέουσι

861 874 932 910 τοῦ
960 871 1168 922 ποταμοῦ]
1213 872 1339 908 Indum
1370 872 1531 917 fluvium,

862 929 899 965 in
930 930 1031 965 cuius
1064 929 1260 979 paludibus
1298 928 1366 965 hae
1399 932 1531 976 gentes

861 985 1039 1032 habitent,
1054 986 1206 1034 intelligi
1218 986 1448 1022 manifestum
1462 988 1529 1022 est.

861 1042 986 1085 Quare
1017 1056 1096 1079 cum
1129 1043 1288 1080 Heeren.
1312 1041 1364 1077 ld.
1390 1041 1415 1087 l,
1442 1044 1461 1082 1
1491 1055 1529 1092 p.

860 1100 939 1139 361
961 1099 1064 1135 huius
1075 1100 1196 1147 gentis
1214 1099 1323 1134 sedes
1343 1098 1529 1147 circ-‘lipsa

858 1155 939 1191 lndi
965 1156 1058 1191 ostia
1076 1155 1260 1204 posuerim
1281 1155 1380 1190 iuxta
1398 1153 1529 1190 Arabi-

861 1215 941 1257 tas,
972 1212 1019 1247 ad
1047 1224 1138 1259 quos
1158 1211 1311 1247 forsitan
1340 1211 1527 1259 pertinuit.

860 1267 940 1305 Nee
967 1273 1091 1304 movet
1113 1281 1171 1305 me
1200 1266 1436 1304 Maltebruuii
1464 1280 1531 1304 au-

860 1324 1020 1370 ctoritas,
1052 1324 1114 1372 qui
1144 1324 1167 1360 l.
1199 1324 1221 1361 l.
1253 1336 1289 1373 p.
1322 1322 1404 1363 325
1438 1322 1531 1361 hane

859 1385 1006 1429 gentem
1048 1381 1186 1431 quippe
1214 1379 1373 1431 piscibus
1406 1380 1532 1416 fruen-

859 1442 931 1474 tem
956 1437 1173 1486 ratibusque
1195 1436 1334 1485 exiguis
1363 1439 1529 1473 utentem

858 1495 906 1530 ad
928 1494 1125 1543 superioris
1146 1495 1227 1532 Indi
1248 1494 1346 1544 ripas
1368 1493 1530 1530 habitas-

859 1563 899 1588 se
923 1551 1124 1588 contendit.

916 1662 958 1702 ἐκ
975 1662 1127 1702 πλοίων
1139 1661 1369 1709 καλαμίνων
1381 1657 1528 1713 ὁρμεώ-

861 1719 996 1770 μενοι]
1056 1720 1167 1763 Quod
1204 1719 1454 1768 lVesselingio
1490 1719 1529 1756 in

860 1782 1020 1814 mentem
1071 1780 1219 1813 venerat
1260 1772 1528 1826 ὁρμευόμενοι

860 1834 926 1880 (ab
955 1829 1111 1884 όρμεύω
1135 1833 1235 1869 hamo
1251 1834 1367 1881 pisces
1390 1833 1526 1882 capto),

860 1891 1034 1939 quodque
1047 1889 1192 1925 Pauwio
1205 1884 1443 1940 ὁρμισάμενοι
1457 1889 1523 1937 (ab

861 1943 982 1997 ὁρμιά
1003 1947 1114 1991 linea,
1138 1946 1275 1991 humus,
1295 1946 1393 1983 unde
1416 1943 1524 1997 ὅρμι-

862 2000 985 2053 άομαι
1007 2004 1109 2039 hamo
1125 2003 1268 2052 capz'0)‚·
1287 2002 1355 2039 hoc
1371 2006 1528 2051 utroque

860 2073 933 2097 non
955 2073 1059 2110 opus.
1103 2059 1296 2108 Vulgatam
1318 2058 1527 2107 Schweigh.

860 2117 993 2154 Latine
1025 2117 1076 2153 sic
1108 2116 1251 2153 reddit:
1291 2117 1451 2163 navigiis
1484 2127 1527 2151 ex

861 2174 1039 2210 arundine
1068 2172 1233 2222 confectis
1253 2174 1464 2208 insectantes
1488 2175 1525 2209 et

860 2231 897 2267 in
917 2235 1006 2267 nota
1025 2230 1072 2266 ad
1092 2230 1125 2266 h.
1139 2229 1180 2266 l.:
1202 2229 1352 2265 navibus
1373 2228 1527 2265 arundi-

860 2289 936 2324 neis
967 2287 1017 2323 ad
1045 2286 1234 2336 capiendos
1253 2287 1369 2336 pisces
1397 2299 1526 2322 exeun-

861 2348 933 2388 tes;
963 2344 999 2380 in
1022 2356 1094 2392 quo
1119 2343 1333 2379 Gaisfordio
1356 2341 1527 2392 displicet

859 2414 929 2438 vox
950 2403 1136 2446 exeunte-⁹,
1167 2412 1248 2436 cum
1271 2397 1455 2450 ὁρμῶμαι
1477 2398 1526 2434 si-

860 2458 1009 2507 gnificet
1035 2458 1177 2493 initium
1206 2459 1316 2493 motm
1347 2459 1526 2504 ortumque

860 2514 1027 2551 alicunde
1055 2514 1178 2563 capia,
1216 2513 1376 2562 indeque
1404 2512 1527 2548 Hero-

860 2572 937 2608 doti
954 2571 1063 2608 verba
1082 2570 1204 2620 potius
1226 2569 1390 2606 valeant:
1422 2581 1438 2604 e
1460 2581 1525 2604 na-

859 2630 969 2676 vigiis
1003 2627 1213 2663 arundineis
1243 2628 1454 2676 piscantur,
1496 2637 1523 2659 s.

859 2688 1012 2721 utuntur
1040 2684 1202 2731 navigiis
1236 2682 1443 2719 arundineis
1475 2678 1524 2714 ad

861 2740 1058 2792 captandos
1065 2742 1189 2790 pisces.
1220 2738 1421 2776 Larcherus
1438 2735 1526 2771 scri-

859 2799 897 2836 bi
914 2798 990 2835 vult
1011 2793 1259 2847 ὁρμεόμενοι,
1281 2799 1322 2832 ut
1341 2805 1433 2830 unus
1452 2790 1526 2828 Pa-

859 2855 991 2892 risinus
1011 2853 1101 2891 liber
1123 2851 1241 2890 affert.

1530 328 1595 346 rum
1614 320 1736 355 navigia
1745 321 1805 347 ein-

1529 354 1601 386 gula
1627 363 1644 380 e
1674 363 1751 388 genn
1773 362 1805 381 a-

1530 386 1665 414 ruudiuis

1700 392 1729 414 et
1756 395 1804 414 Vc-

1531 424 1592 446 nten
1612 428 1645 447 ex
1664 421 1763 456 pluit-0.
