<?xml version="1.0" encoding="UTF-8"?>
<!DOCTYPE html PUBLIC "-//W3C//DTD XHTML 1.0 Transitional//EN"
    "http://www.w3.org/TR/xhtml1/DTD/xhtml1-transitional.dtd">
<html xmlns="http://www.w3.org/1999/xhtml" xml:lang="en" lang="en">
 <head>
  <title>
</title>
<meta http-equiv="Content-Type" content="text/html;charset=utf-8" />
  <meta name='ocr-system' content='tesseract 3.04.00' />
  <meta name='ocr-capabilities' content='ocr_page ocr_carea ocr_par ocr_line ocrx_word'/>
</head>
<body>
  <div class='ocr_page' id='page_1' title='image "./musaeher02hero/musaeher02hero_0181.png"; bbox 0 0 1863 3256; ppageno 0'>
   <div class='ocr_carea' id='block_1_1' title="bbox 18 74 31 785">
    <p class='ocr_par' dir='ltr' id='par_1_1' title="bbox 18 74 31 785">
     <span class='ocr_line' id='line_1_1' title="bbox 18 74 31 785; baseline 0 0"><span class='ocrx_word' id='word_1_1' title='bbox 18 74 31 785; x_wconf 95' lang='lat' dir='ltr'> </span> 
     </span>
    </p>
   </div>
   <div class='ocr_carea' id='block_1_2' title="bbox 587 201 1057 244">
    <p class='ocr_par' dir='ltr' id='par_1_2' title="bbox 587 201 1057 244">
     <span class='ocr_line' id='line_1_2' title="bbox 587 201 1057 244; baseline -0.009 0"><span class='ocrx_word' id='word_1_2' title='bbox 587 201 933 244; x_wconf 83' lang='lat' dir='ltr'><strong>THALIA.</strong></span> <span class='ocrx_word' id='word_1_3' title='bbox 992 202 1057 240; x_wconf 89' lang='lat'>111.</span> 
     </span>
    </p>
   </div>
   <div class='ocr_carea' id='block_1_3' title="bbox 1372 209 1453 248">
    <p class='ocr_par' dir='ltr' id='par_1_3' title="bbox 1372 209 1453 248">
     <span class='ocr_line' id='line_1_3' title="bbox 1372 209 1453 248; baseline 0.012 -1"><span class='ocrx_word' id='word_1_4' title='bbox 1372 209 1453 248; x_wconf 74' lang='lat'>1⁴11</span> 
     </span>
    </p>
   </div>
   <div class='ocr_carea' id='block_1_4' title="bbox 177 309 1513 510">
    <p class='ocr_par' dir='ltr' id='par_1_4' title="bbox 177 309 1513 510">
     <span class='ocr_line' id='line_1_4' title="bbox 177 309 1457 372; baseline -0.008 -9"><span class='ocrx_word' id='word_1_5' title='bbox 177 319 251 363; x_wconf 83' lang='grc' dir='ltr'>καὶ</span> <span class='ocrx_word' id='word_1_6' title='bbox 280 321 370 362; x_wconf 76' lang='grc' dir='ltr'>τῶν</span> <span class='ocrx_word' id='word_1_7' title='bbox 398 317 445 361; x_wconf 82' lang='grc' dir='ltr'>ἐν</span> <span class='ocrx_word' id='word_1_8' title='bbox 472 317 570 372; x_wconf 86' lang='grc' dir='ltr'><em>τῇσι</em></span> <span class='ocrx_word' id='word_1_9' title='bbox 599 313 771 370; x_wconf 83' lang='grc' dir='ltr'>νήσοισι</span> <span class='ocrx_word' id='word_1_10' title='bbox 802 311 1039 356; x_wconf 80' lang='grc' dir='ltr'><strong><em>οἰκεόντων</em></strong></span> <span class='ocrx_word' id='word_1_11' title='bbox 1067 313 1156 354; x_wconf 73' lang='grc' dir='ltr'>τῶν</span> <span class='ocrx_word' id='word_1_12' title='bbox 1187 309 1234 353; x_wconf 78' lang='grc' dir='ltr'>ἐν</span> <span class='ocrx_word' id='word_1_13' title='bbox 1256 314 1310 367; x_wconf 88' lang='grc' dir='ltr'>τῇ</span> <span class='ocrx_word' id='word_1_14' title='bbox 1335 311 1457 367; x_wconf 82' lang='grc' dir='ltr'><strong><em>Ἐρυ-</em></strong></span> 
     </span>
     <span class='ocr_line' id='line_1_5' title="bbox 178 381 1513 445; baseline -0.005 -13"><span class='ocrx_word' id='word_1_15' title='bbox 178 393 270 445; x_wconf 82' lang='grc' dir='ltr'>θρῇ</span> <span class='ocrx_word' id='word_1_16' title='bbox 303 385 532 442; x_wconf 78' lang='grc' dir='ltr'><em>θαλάσσῃ,</em></span> <span class='ocrx_word' id='word_1_17' title='bbox 573 383 621 427; x_wconf 78' lang='grc' dir='ltr'>ἐν</span> <span class='ocrx_word' id='word_1_18' title='bbox 646 388 746 441; x_wconf 85' lang='grc' dir='ltr'><em>τῇσι</em></span> <span class='ocrx_word' id='word_1_19' title='bbox 775 382 878 434; x_wconf 78' lang='grc' dir='ltr'><strong><em>τοὺς</em></strong></span> <span class='ocrx_word' id='word_1_20' title='bbox 908 381 1216 432; x_wconf 79' lang='grc' dir='ltr'><em>ἀνασπάστους</em></span> <span class='ocrx_word' id='word_1_21' title='bbox 1246 384 1456 438; x_wconf 81' lang='grc' dir='ltr'><strong><em>καλεομέ-</em></strong></span> <span class='ocrx_word' id='word_1_22' title='bbox 1468 392 1513 425; x_wconf 79' lang='lat'>70</span> 
     </span>
     <span class='ocr_line' id='line_1_6' title="bbox 178 453 1457 510; baseline -0.005 -7"><span class='ocrx_word' id='word_1_23' title='bbox 178 477 287 510; x_wconf 84' lang='grc' dir='ltr'><strong><em>νους</em></strong></span> <span class='ocrx_word' id='word_1_24' title='bbox 315 457 546 509; x_wconf 80' lang='grc' dir='ltr'><strong><em>κατοικίζει</em></strong></span> <span class='ocrx_word' id='word_1_25' title='bbox 576 454 802 510; x_wconf 76' lang='grc' dir='ltr'><em>βασιλεύς,</em></span> <span class='ocrx_word' id='word_1_26' title='bbox 837 453 924 498; x_wconf 80' lang='grc' dir='ltr'>ἀπό</span> <span class='ocrx_word' id='word_1_27' title='bbox 957 453 1127 498; x_wconf 81' lang='grc' dir='ltr'><strong><em>τούτων</em></strong></span> <span class='ocrx_word' id='word_1_28' title='bbox 1155 453 1336 497; x_wconf 73' lang='grc' dir='ltr'><strong><em>πάντων</em></strong></span> <span class='ocrx_word' id='word_1_29' title='bbox 1365 454 1457 505; x_wconf 76' lang='grc' dir='ltr'>ἑξα-</span> 
     </span>
    </p>
   </div>
   <div class='ocr_carea' id='block_1_5' title="bbox 149 525 922 583">
    <p class='ocr_par' dir='ltr' id='par_1_5' title="bbox 149 525 922 583">
     <span class='ocr_line' id='line_1_7' title="bbox 149 525 922 583; baseline -0.003 -12"><span class='ocrx_word' id='word_1_30' title='bbox 149 529 308 574; x_wconf 82' lang='grc' dir='ltr'><em>3κόσια</em></span> <span class='ocrx_word' id='word_1_31' title='bbox 336 526 529 570; x_wconf 79' lang='grc' dir='ltr'><strong><em>τάλαντα</em></strong></span> <span class='ocrx_word' id='word_1_32' title='bbox 570 526 733 582; x_wconf 77' lang='grc' dir='ltr'><strong><em>ἐγίνετο</em></strong></span> <span class='ocrx_word' id='word_1_33' title='bbox 766 525 922 583; x_wconf 80' lang='grc' dir='ltr'><strong>φόρος.</strong></span> 
     </span>
    </p>
   </div>
   <div class='ocr_carea' id='block_1_6' title="bbox 129 638 399 647">
    <p class='ocr_par' dir='ltr' id='par_1_6' title="bbox 129 638 399 647">
     <span class='ocr_line' id='line_1_8' title="bbox 129 638 399 647; baseline 0 2609"><span class='ocrx_word' id='word_1_34' title='bbox 129 638 399 647; x_wconf 95' lang='lat' dir='ltr'> </span> 
     </span>
    </p>
   </div>
   <div class='ocr_carea' id='block_1_7' title="bbox 115 701 785 2907">
    <p class='ocr_par' dir='ltr' id='par_1_7' title="bbox 115 701 785 2453">
     <span class='ocr_line' id='line_1_9' title="bbox 121 701 783 750; baseline -0.003 -10"><span class='ocrx_word' id='word_1_35' title='bbox 121 703 199 740; x_wconf 83' lang='lat' dir='ltr'>Van</span> <span class='ocrx_word' id='word_1_36' title='bbox 220 702 285 738; x_wconf 90' lang='lat' dir='ltr'>der</span> <span class='ocrx_word' id='word_1_37' title='bbox 308 701 408 750; x_wconf 84' lang='lat' dir='ltr'>Chys</span> <span class='ocrx_word' id='word_1_38' title='bbox 425 702 632 739; x_wconf 89' lang='lat' dir='ltr'>Comment.</span> <span class='ocrx_word' id='word_1_39' title='bbox 656 714 783 750; x_wconf 80' lang='lat' dir='ltr'>geogr.</span> 
     </span>
     <span class='ocr_line' id='line_1_10' title="bbox 119 757 784 808; baseline -0.003 -12"><span class='ocrx_word' id='word_1_40' title='bbox 119 760 167 796; x_wconf 86' lang='lat' dir='ltr'>ad</span> <span class='ocrx_word' id='word_1_41' title='bbox 188 757 331 795; x_wconf 87' lang='lat' dir='ltr'>Arrian.</span> <span class='ocrx_word' id='word_1_42' title='bbox 366 771 450 808; x_wconf 84' lang='lat' dir='ltr'>pag.</span> <span class='ocrx_word' id='word_1_43' title='bbox 479 760 547 798; x_wconf 83' lang='lat'>68.</span> <span class='ocrx_word' id='word_1_44' title='bbox 607 758 683 796; x_wconf 80' lang='lat' dir='ltr'>Sed</span> <span class='ocrx_word' id='word_1_45' title='bbox 706 771 784 794; x_wconf 92' lang='lat' dir='ltr'>mo-</span> 
     </span>
     <span class='ocr_line' id='line_1_11' title="bbox 118 814 782 865; baseline -0.003 -13"><span class='ocrx_word' id='word_1_46' title='bbox 118 818 183 852; x_wconf 88' lang='lat' dir='ltr'>net</span> <span class='ocrx_word' id='word_1_47' title='bbox 204 814 422 852; x_wconf 89' lang='lat' dir='ltr'>Billerbeck.</span> <span class='ocrx_word' id='word_1_48' title='bbox 445 815 466 852; x_wconf 88' lang='lat' dir='ltr'>l.</span> <span class='ocrx_word' id='word_1_49' title='bbox 488 815 510 852; x_wconf 91' lang='lat' dir='ltr'>l.</span> <span class='ocrx_word' id='word_1_50' title='bbox 531 828 566 865; x_wconf 89' lang='lat' dir='ltr'>p.</span> <span class='ocrx_word' id='word_1_51' title='bbox 593 817 641 854; x_wconf 89' lang='lat'>17</span> <span class='ocrx_word' id='word_1_52' title='bbox 675 815 782 852; x_wconf 85' lang='lat' dir='ltr'>Utios</span> 
     </span>
     <span class='ocr_line' id='line_1_12' title="bbox 119 871 785 920; baseline 0 -12"><span class='ocrx_word' id='word_1_53' title='bbox 119 872 283 909; x_wconf 88' lang='lat' dir='ltr'>diversos</span> <span class='ocrx_word' id='word_1_54' title='bbox 301 883 382 909; x_wconf 89' lang='lat' dir='ltr'>esse</span> <span class='ocrx_word' id='word_1_55' title='bbox 403 872 448 909; x_wconf 89' lang='lat' dir='ltr'>ab</span> <span class='ocrx_word' id='word_1_56' title='bbox 471 871 603 917; x_wconf 87' lang='lat' dir='ltr'>Uxios,</span> <span class='ocrx_word' id='word_1_57' title='bbox 633 873 694 920; x_wconf 91' lang='lat' dir='ltr'>qui</span> <span class='ocrx_word' id='word_1_58' title='bbox 713 872 785 908; x_wconf 91' lang='lat' dir='ltr'>Su-</span> 
     </span>
     <span class='ocr_line' id='line_1_13' title="bbox 117 928 784 975; baseline 0 -11"><span class='ocrx_word' id='word_1_59' title='bbox 117 928 227 965; x_wconf 85' lang='lat' dir='ltr'>sianis</span> <span class='ocrx_word' id='word_1_60' title='bbox 261 929 333 964; x_wconf 90' lang='lat' dir='ltr'>sint</span> <span class='ocrx_word' id='word_1_61' title='bbox 366 929 536 975; x_wconf 75' lang='lat' dir='ltr'>finitimi3</span> <span class='ocrx_word' id='word_1_62' title='bbox 565 929 612 966; x_wconf 86' lang='lat' dir='ltr'>ab</span> <span class='ocrx_word' id='word_1_63' title='bbox 644 931 784 965; x_wconf 82' lang='lat' dir='ltr'>oriente</span> 
     </span>
     <span class='ocr_line' id='line_1_14' title="bbox 116 985 783 1035; baseline -0.001 -13"><span class='ocrx_word' id='word_1_64' title='bbox 116 985 229 1022; x_wconf 85' lang='lat' dir='ltr'>maris</span> <span class='ocrx_word' id='word_1_65' title='bbox 260 985 386 1034; x_wconf 81' lang='lat' dir='ltr'>Caspii</span> <span class='ocrx_word' id='word_1_66' title='bbox 414 986 534 1035; x_wconf 88' lang='lat' dir='ltr'>potius</span> <span class='ocrx_word' id='word_1_67' title='bbox 561 986 670 1023; x_wconf 87' lang='lat' dir='ltr'>sedes</span> <span class='ocrx_word' id='word_1_68' title='bbox 699 997 783 1021; x_wconf 87' lang='lat' dir='ltr'>suas</span> 
     </span>
     <span class='ocr_line' id='line_1_15' title="bbox 117 1041 784 1092; baseline -0.001 -14"><span class='ocrx_word' id='word_1_69' title='bbox 117 1041 290 1078; x_wconf 79' lang='lat' dir='ltr'>habuisse</span> <span class='ocrx_word' id='word_1_70' title='bbox 310 1046 348 1078; x_wconf 86' lang='lat' dir='ltr'>et</span> <span class='ocrx_word' id='word_1_71' title='bbox 370 1041 469 1077; x_wconf 69' lang='lat' dir='ltr'>Utios</span> <span class='ocrx_word' id='word_1_72' title='bbox 493 1046 529 1079; x_wconf 83' lang='lat' dir='ltr'>et</span> <span class='ocrx_word' id='word_1_73' title='bbox 553 1041 695 1092; x_wconf 71' lang='lat' dir='ltr'>lllycos,</span> <span class='ocrx_word' id='word_1_74' title='bbox 722 1042 784 1090; x_wconf 85' lang='lat' dir='ltr'>qui</span> 
     </span>
     <span class='ocr_line' id='line_1_16' title="bbox 117 1098 784 1147; baseline 0.001 -13"><span class='ocrx_word' id='word_1_75' title='bbox 117 1098 229 1135; x_wconf 88' lang='lat' dir='ltr'>iidem</span> <span class='ocrx_word' id='word_1_76' title='bbox 250 1099 448 1147; x_wconf 83' lang='lat' dir='ltr'>iunguntur</span> <span class='ocrx_word' id='word_1_77' title='bbox 468 1099 548 1144; x_wconf 85' lang='lat' dir='ltr'>Vll,</span> <span class='ocrx_word' id='word_1_78' title='bbox 561 1101 627 1139; x_wconf 85' lang='lat'>68.</span> <span class='ocrx_word' id='word_1_79' title='bbox 647 1098 784 1135; x_wconf 82' lang='lat' dir='ltr'>Malte-</span> 
     </span>
     <span class='ocr_line' id='line_1_17' title="bbox 117 1154 785 1205; baseline -0.001 -13"><span class='ocrx_word' id='word_1_80' title='bbox 117 1155 222 1192; x_wconf 90' lang='lat' dir='ltr'>brun.</span> <span class='ocrx_word' id='word_1_81' title='bbox 242 1154 266 1194; x_wconf 87' lang='lat' dir='ltr'>l.</span> <span class='ocrx_word' id='word_1_82' title='bbox 291 1154 312 1191; x_wconf 87' lang='lat' dir='ltr'>l.</span> <span class='ocrx_word' id='word_1_83' title='bbox 348 1154 450 1191; x_wconf 72' lang='lat' dir='ltr'>Utz&#39;os</span> <span class='ocrx_word' id='word_1_84' title='bbox 469 1168 536 1205; x_wconf 90' lang='lat' dir='ltr'>pro</span> <span class='ocrx_word' id='word_1_85' title='bbox 557 1156 651 1192; x_wconf 85' lang='lat' dir='ltr'>tribu</span> <span class='ocrx_word' id='word_1_86' title='bbox 671 1155 785 1192; x_wconf 85' lang='lat' dir='ltr'>habet</span> 
     </span>
     <span class='ocr_line' id='line_1_18' title="bbox 116 1211 782 1248; baseline -0.002 0"><span class='ocrx_word' id='word_1_87' title='bbox 116 1211 221 1248; x_wconf 87' lang='lat' dir='ltr'>Uxiis</span> <span class='ocrx_word' id='word_1_88' title='bbox 245 1211 390 1248; x_wconf 83' lang='lat' dir='ltr'>subdita</span> <span class='ocrx_word' id='word_1_89' title='bbox 413 1213 451 1248; x_wconf 90' lang='lat' dir='ltr'>in</span> <span class='ocrx_word' id='word_1_90' title='bbox 478 1212 664 1248; x_wconf 90' lang='lat' dir='ltr'>montibus</span> <span class='ocrx_word' id='word_1_91' title='bbox 691 1212 782 1248; x_wconf 51' lang='lat' dir='ltr'>Per*</span> 
     </span>
     <span class='ocr_line' id='line_1_19' title="bbox 116 1266 784 1318; baseline -0.003 -13"><span class='ocrx_word' id='word_1_92' title='bbox 116 1267 232 1305; x_wconf 83' lang='lat' dir='ltr'>sidem</span> <span class='ocrx_word' id='word_1_93' title='bbox 257 1269 352 1305; x_wconf 91' lang='lat' dir='ltr'>inter</span> <span class='ocrx_word' id='word_1_94' title='bbox 373 1272 411 1306; x_wconf 91' lang='lat' dir='ltr'>et</span> <span class='ocrx_word' id='word_1_95' title='bbox 422 1269 638 1315; x_wconf 84' lang='lat' dir='ltr'>Susianam3</span> <span class='ocrx_word' id='word_1_96' title='bbox 656 1266 784 1318; x_wconf 67' lang='lat' dir='ltr'>IVchos</span> 
     </span>
     <span class='ocr_line' id='line_1_20' title="bbox 115 1325 784 1375; baseline 0.001 -14"><span class='ocrx_word' id='word_1_97' title='bbox 115 1337 215 1371; x_wconf 87' lang='lat' dir='ltr'>vero,</span> <span class='ocrx_word' id='word_1_98' title='bbox 245 1337 399 1373; x_wconf 89' lang='lat' dir='ltr'>quorum</span> <span class='ocrx_word' id='word_1_99' title='bbox 433 1325 543 1362; x_wconf 85' lang='lat' dir='ltr'>etiam</span> <span class='ocrx_word' id='word_1_100' title='bbox 572 1325 670 1375; x_wconf 89' lang='lat' dir='ltr'>apud</span> <span class='ocrx_word' id='word_1_101' title='bbox 699 1326 784 1362; x_wconf 80' lang='lat' dir='ltr'>Ste-</span> 
     </span>
     <span class='ocr_line' id='line_1_21' title="bbox 115 1380 782 1432; baseline 0.001 -15"><span class='ocrx_word' id='word_1_102' title='bbox 115 1381 225 1432; x_wconf 84' lang='lat' dir='ltr'>phan.</span> <span class='ocrx_word' id='word_1_103' title='bbox 250 1380 340 1429; x_wconf 89' lang='lat' dir='ltr'><strong>Byz.</strong></span> <span class='ocrx_word' id='word_1_104' title='bbox 370 1381 411 1418; x_wconf 86' lang='lat' dir='ltr'>fit</span> <span class='ocrx_word' id='word_1_105' title='bbox 432 1382 584 1429; x_wconf 86' lang='lat' dir='ltr'>mentio,</span> <span class='ocrx_word' id='word_1_106' title='bbox 615 1383 652 1419; x_wconf 91' lang='lat' dir='ltr'>in</span> <span class='ocrx_word' id='word_1_107' title='bbox 673 1386 782 1429; x_wconf 80' lang='lat' dir='ltr'>terra,</span> 
     </span>
     <span class='ocr_line' id='line_1_22' title="bbox 116 1438 782 1488; baseline 0.002 -14"><span class='ocrx_word' id='word_1_108' title='bbox 116 1450 213 1487; x_wconf 85' lang='lat' dir='ltr'>quae</span> <span class='ocrx_word' id='word_1_109' title='bbox 249 1450 346 1475; x_wconf 89' lang='lat' dir='ltr'>nunc</span> <span class='ocrx_word' id='word_1_110' title='bbox 385 1438 598 1488; x_wconf 83' lang='lat' dir='ltr'>Moghistan</span> <span class='ocrx_word' id='word_1_111' title='bbox 638 1439 782 1484; x_wconf 89' lang='lat' dir='ltr'>dicitur,</span> 
     </span>
     <span class='ocr_line' id='line_1_23' title="bbox 115 1494 784 1535; baseline 0.001 -3"><span class='ocrx_word' id='word_1_112' title='bbox 115 1494 300 1535; x_wconf 79' lang='lat' dir='ltr'>habitasse</span> <span class='ocrx_word' id='word_1_113' title='bbox 332 1496 527 1533; x_wconf 83' lang='lat' dir='ltr'>existimat.</span> <span class='ocrx_word' id='word_1_114' title='bbox 593 1495 647 1532; x_wconf 91' lang='lat' dir='ltr'>Ac</span> <span class='ocrx_word' id='word_1_115' title='bbox 681 1496 784 1533; x_wconf 87' lang='lat' dir='ltr'>vide-</span> 
     </span>
     <span class='ocr_line' id='line_1_24' title="bbox 116 1551 783 1602; baseline 0.003 -15"><span class='ocrx_word' id='word_1_116' title='bbox 116 1555 176 1588; x_wconf 87' lang='lat' dir='ltr'>tur</span> <span class='ocrx_word' id='word_1_117' title='bbox 201 1563 290 1589; x_wconf 85' lang='lat' dir='ltr'>sane</span> <span class='ocrx_word' id='word_1_118' title='bbox 319 1557 354 1589; x_wconf 91' lang='lat' dir='ltr'>et</span> <span class='ocrx_word' id='word_1_119' title='bbox 382 1551 572 1602; x_wconf 89' lang='lat' dir='ltr'>Mycorum</span> <span class='ocrx_word' id='word_1_120' title='bbox 603 1557 642 1590; x_wconf 91' lang='lat' dir='ltr'>et</span> <span class='ocrx_word' id='word_1_121' title='bbox 672 1552 783 1589; x_wconf 91' lang='lat' dir='ltr'>Utio-</span> 
     </span>
     <span class='ocr_line' id='line_1_25' title="bbox 116 1608 784 1657; baseline 0.001 -12"><span class='ocrx_word' id='word_1_122' title='bbox 116 1620 194 1645; x_wconf 86' lang='lat' dir='ltr'>rum</span> <span class='ocrx_word' id='word_1_123' title='bbox 224 1621 315 1657; x_wconf 84' lang='lat' dir='ltr'>gens</span> <span class='ocrx_word' id='word_1_124' title='bbox 351 1608 598 1647; x_wconf 83' lang='lat' dir='ltr'>Thamanaeis</span> <span class='ocrx_word' id='word_1_125' title='bbox 629 1610 784 1646; x_wconf 81' lang='lat' dir='ltr'>finitima</span> 
     </span>
     <span class='ocr_line' id='line_1_26' title="bbox 117 1665 784 1712; baseline 0.001 -10"><span class='ocrx_word' id='word_1_126' title='bbox 117 1665 238 1702; x_wconf 83' lang='lat' dir='ltr'>Oxum</span> <span class='ocrx_word' id='word_1_127' title='bbox 255 1677 380 1703; x_wconf 88' lang='lat' dir='ltr'>versus</span> <span class='ocrx_word' id='word_1_128' title='bbox 393 1667 500 1703; x_wconf 88' lang='lat' dir='ltr'>sedes</span> <span class='ocrx_word' id='word_1_129' title='bbox 514 1666 696 1712; x_wconf 69' lang='lat' dir='ltr'>tenuisse,</span> <span class='ocrx_word' id='word_1_130' title='bbox 716 1679 784 1704; x_wconf 88' lang='lat' dir='ltr'>nec</span> 
     </span>
     <span class='ocr_line' id='line_1_27' title="bbox 117 1722 781 1772; baseline 0.005 -15"><span class='ocrx_word' id='word_1_131' title='bbox 117 1722 297 1759; x_wconf 79' lang='lat' dir='ltr'>absonum</span> <span class='ocrx_word' id='word_1_132' title='bbox 329 1726 404 1769; x_wconf 91' lang='lat' dir='ltr'>est,</span> <span class='ocrx_word' id='word_1_133' title='bbox 443 1724 542 1772; x_wconf 87' lang='lat' dir='ltr'>quod</span> <span class='ocrx_word' id='word_1_134' title='bbox 572 1722 781 1760; x_wconf 87' lang='lat' dir='ltr'>Heerenius</span> 
     </span>
     <span class='ocr_line' id='line_1_28' title="bbox 116 1777 782 1829; baseline 0.003 -15"><span class='ocrx_word' id='word_1_135' title='bbox 116 1777 230 1815; x_wconf 88' lang='lat' dir='ltr'>Ideen</span> <span class='ocrx_word' id='word_1_136' title='bbox 260 1779 300 1826; x_wconf 94' lang='grc' dir='ltr'>Ι,</span> <span class='ocrx_word' id='word_1_137' title='bbox 329 1782 355 1819; x_wconf 82' lang='grc'>2</span> <span class='ocrx_word' id='word_1_138' title='bbox 388 1791 471 1829; x_wconf 82' lang='lat' dir='ltr'>pag.</span> <span class='ocrx_word' id='word_1_139' title='bbox 503 1781 584 1820; x_wconf 76' lang='lat'>289</span> <span class='ocrx_word' id='word_1_140' title='bbox 616 1780 782 1829; x_wconf 88' lang='lat' dir='ltr'>protulit,</span> 
     </span>
     <span class='ocr_line' id='line_1_29' title="bbox 117 1835 784 1886; baseline 0.001 -14"><span class='ocrx_word' id='word_1_141' title='bbox 117 1835 227 1872; x_wconf 84' lang='lat' dir='ltr'>Utios</span> <span class='ocrx_word' id='word_1_142' title='bbox 254 1836 368 1873; x_wconf 81' lang='lat' dir='ltr'>videri</span> <span class='ocrx_word' id='word_1_143' title='bbox 388 1849 464 1883; x_wconf 89' lang='lat' dir='ltr'>eos,</span> <span class='ocrx_word' id='word_1_144' title='bbox 495 1837 559 1886; x_wconf 90' lang='lat' dir='ltr'>qui</span> <span class='ocrx_word' id='word_1_145' title='bbox 579 1835 784 1873; x_wconf 76' lang='lat' dir='ltr'>Tuscorum</span> 
     </span>
     <span class='ocr_line' id='line_1_30' title="bbox 115 1893 783 1943; baseline 0.003 -15"><span class='ocrx_word' id='word_1_146' title='bbox 115 1896 239 1942; x_wconf 85' lang='lat' dir='ltr'>patres</span> <span class='ocrx_word' id='word_1_147' title='bbox 267 1893 432 1929; x_wconf 81' lang='lat' dir='ltr'>seruntur</span> <span class='ocrx_word' id='word_1_148' title='bbox 461 1897 498 1930; x_wconf 90' lang='lat' dir='ltr'>et</span> <span class='ocrx_word' id='word_1_149' title='bbox 526 1905 592 1943; x_wconf 86' lang='lat' dir='ltr'>per</span> <span class='ocrx_word' id='word_1_150' title='bbox 621 1893 783 1930; x_wconf 87' lang='lat' dir='ltr'>medium</span> 
     </span>
     <span class='ocr_line' id='line_1_31' title="bbox 116 1949 784 1992; baseline 0.001 -8"><span class='ocrx_word' id='word_1_151' title='bbox 116 1960 245 1985; x_wconf 84' lang='lat' dir='ltr'>aevum</span> <span class='ocrx_word' id='word_1_152' title='bbox 265 1954 439 1986; x_wconf 84' lang='lat' dir='ltr'>vocantur</span> <span class='ocrx_word' id='word_1_153' title='bbox 464 1949 584 1986; x_wconf 91' lang='lat' dir='ltr'>Uzen.</span> <span class='ocrx_word' id='word_1_154' title='bbox 616 1950 700 1992; x_wconf 86' lang='lat' dir='ltr'>Quo</span> <span class='ocrx_word' id='word_1_155' title='bbox 719 1962 784 1986; x_wconf 85' lang='lat' dir='ltr'>au-</span> 
     </span>
     <span class='ocr_line' id='line_1_32' title="bbox 115 2005 785 2043; baseline 0 -1"><span class='ocrx_word' id='word_1_156' title='bbox 115 2009 189 2042; x_wconf 83' lang='lat' dir='ltr'>tem</span> <span class='ocrx_word' id='word_1_157' title='bbox 227 2005 305 2043; x_wconf 88' lang='lat' dir='ltr'>iure</span> <span class='ocrx_word' id='word_1_158' title='bbox 345 2010 486 2042; x_wconf 85' lang='lat' dir='ltr'>statuat</span> <span class='ocrx_word' id='word_1_159' title='bbox 524 2007 708 2043; x_wconf 85' lang='lat' dir='ltr'>Mannert.</span> <span class='ocrx_word' id='word_1_160' title='bbox 746 2007 785 2042; x_wconf 90' lang='lat' dir='ltr'>in</span> 
     </span>
     <span class='ocr_line' id='line_1_33' title="bbox 117 2062 782 2113; baseline 0.002 -15"><span class='ocrx_word' id='word_1_161' title='bbox 117 2062 257 2111; x_wconf 83' lang='lat' dir='ltr'>Geogr.</span> <span class='ocrx_word' id='word_1_162' title='bbox 277 2063 343 2099; x_wconf 90' lang='lat' dir='ltr'>Gr.</span> <span class='ocrx_word' id='word_1_163' title='bbox 366 2066 404 2100; x_wconf 91' lang='lat' dir='ltr'>et</span> <span class='ocrx_word' id='word_1_164' title='bbox 423 2064 568 2100; x_wconf 82' lang='lat' dir='ltr'>Romm.</span> <span class='ocrx_word' id='word_1_165' title='bbox 584 2064 631 2109; x_wconf 78' lang='lat' dir='ltr'>V,</span> <span class='ocrx_word' id='word_1_166' title='bbox 655 2064 673 2101; x_wconf 89' lang='lat'>1</span> <span class='ocrx_word' id='word_1_167' title='bbox 696 2076 782 2113; x_wconf 84' lang='lat' dir='ltr'>pag.</span> 
     </span>
     <span class='ocr_line' id='line_1_34' title="bbox 119 2119 784 2169; baseline -0.002 -12"><span class='ocrx_word' id='word_1_168' title='bbox 119 2120 181 2159; x_wconf 85' lang='lat'>11.</span> <span class='ocrx_word' id='word_1_169' title='bbox 206 2121 256 2159; x_wconf 79' lang='lat'>12</span> <span class='ocrx_word' id='word_1_170' title='bbox 277 2120 525 2169; x_wconf 78' lang='lat' dir='ltr'>SaranganS,</span> <span class='ocrx_word' id='word_1_171' title='bbox 548 2119 784 2157; x_wconf 81' lang='lat' dir='ltr'>Thamanae-</span> 
     </span>
     <span class='ocr_line' id='line_1_35' title="bbox 116 2175 781 2225; baseline 0.003 -14"><span class='ocrx_word' id='word_1_172' title='bbox 116 2188 176 2223; x_wconf 73' lang='grc' dir='ltr'>οε,</span> <span class='ocrx_word' id='word_1_173' title='bbox 207 2175 318 2212; x_wconf 87' lang='lat' dir='ltr'>Utios</span> <span class='ocrx_word' id='word_1_174' title='bbox 346 2177 477 2225; x_wconf 80' lang='lat' dir='ltr'>Mycos</span> <span class='ocrx_word' id='word_1_175' title='bbox 507 2180 543 2214; x_wconf 89' lang='lat' dir='ltr'>et</span> <span class='ocrx_word' id='word_1_176' title='bbox 570 2176 781 2224; x_wconf 83' lang='lat' dir='ltr'>insularum,</span> 
     </span>
     <span class='ocr_line' id='line_1_36' title="bbox 115 2234 784 2282; baseline 0.003 -14"><span class='ocrx_word' id='word_1_177' title='bbox 115 2244 211 2281; x_wconf 88' lang='lat' dir='ltr'>quae</span> <span class='ocrx_word' id='word_1_178' title='bbox 231 2245 313 2269; x_wconf 90' lang='lat' dir='ltr'>mox</span> <span class='ocrx_word' id='word_1_179' title='bbox 339 2234 439 2282; x_wconf 89' lang='lat' dir='ltr'>apud</span> <span class='ocrx_word' id='word_1_180' title='bbox 460 2234 691 2270; x_wconf 83' lang='lat' dir='ltr'>Herodotum</span> <span class='ocrx_word' id='word_1_181' title='bbox 718 2246 784 2270; x_wconf 92' lang='lat' dir='ltr'>vo-</span> 
     </span>
     <span class='ocr_line' id='line_1_37' title="bbox 116 2289 785 2336; baseline 0.003 -11"><span class='ocrx_word' id='word_1_182' title='bbox 116 2293 259 2336; x_wconf 83' lang='lat' dir='ltr'>cantur,</span> <span class='ocrx_word' id='word_1_183' title='bbox 291 2289 428 2326; x_wconf 88' lang='lat' dir='ltr'>incolas</span> <span class='ocrx_word' id='word_1_184' title='bbox 448 2290 580 2327; x_wconf 82' lang='lat' dir='ltr'>vixisse</span> <span class='ocrx_word' id='word_1_185' title='bbox 603 2291 640 2326; x_wconf 90' lang='lat' dir='ltr'>in</span> <span class='ocrx_word' id='word_1_186' title='bbox 661 2291 701 2327; x_wconf 90' lang='lat' dir='ltr'>iis</span> <span class='ocrx_word' id='word_1_187' title='bbox 724 2290 785 2327; x_wconf 90' lang='lat' dir='ltr'>In-</span> 
     </span>
     <span class='ocr_line' id='line_1_38' title="bbox 116 2346 782 2396; baseline 0.003 -15"><span class='ocrx_word' id='word_1_188' title='bbox 116 2346 199 2383; x_wconf 83' lang='lat' dir='ltr'>diae</span> <span class='ocrx_word' id='word_1_189' title='bbox 230 2346 419 2395; x_wconf 87' lang='lat' dir='ltr'>partibus,</span> <span class='ocrx_word' id='word_1_190' title='bbox 459 2359 555 2396; x_wconf 83' lang='lat' dir='ltr'>quae</span> <span class='ocrx_word' id='word_1_191' title='bbox 590 2346 782 2384; x_wconf 81' lang='lat' dir='ltr'>Persarum</span> 
     </span>
     <span class='ocr_line' id='line_1_39' title="bbox 117 2402 782 2453; baseline 0.005 -15"><span class='ocrx_word' id='word_1_192' title='bbox 117 2402 182 2438; x_wconf 86' lang='lat' dir='ltr'>sub</span> <span class='ocrx_word' id='word_1_193' title='bbox 203 2403 344 2440; x_wconf 82' lang='lat' dir='ltr'>ditione</span> <span class='ocrx_word' id='word_1_194' title='bbox 361 2403 508 2450; x_wconf 81' lang='lat' dir='ltr'>fuerint,</span> <span class='ocrx_word' id='word_1_195' title='bbox 538 2404 618 2453; x_wconf 89' lang='lat' dir='ltr'>ipse</span> <span class='ocrx_word' id='word_1_196' title='bbox 635 2404 782 2441; x_wconf 90' lang='lat' dir='ltr'>viderit.</span> 
     </span>
    </p>

    <p class='ocr_par' dir='ltr' id='par_1_8' title="bbox 117 2456 784 2907">
     <span class='ocr_line' id='line_1_40' title="bbox 172 2456 783 2513; baseline 0.003 -17"><span class='ocrx_word' id='word_1_197' title='bbox 172 2460 252 2497; x_wconf 72' lang='grc' dir='ltr'>τῶν</span> <span class='ocrx_word' id='word_1_198' title='bbox 274 2458 316 2497; x_wconf 82' lang='grc' dir='ltr'>ἐν</span> <span class='ocrx_word' id='word_1_199' title='bbox 334 2461 426 2513; x_wconf 72' lang='grc' dir='ltr'><em>τῇσι</em></span> <span class='ocrx_word' id='word_1_200' title='bbox 449 2457 608 2508; x_wconf 77' lang='grc' dir='ltr'><em>νήσοισι</em></span> <span class='ocrx_word' id='word_1_201' title='bbox 632 2456 783 2500; x_wconf 79' lang='grc' dir='ltr'><em>οἰκεόν-</em></span> 
     </span>
     <span class='ocr_line' id='line_1_41' title="bbox 117 2515 784 2566; baseline 0.004 -15"><span class='ocrx_word' id='word_1_202' title='bbox 117 2528 193 2552; x_wconf 83' lang='grc' dir='ltr'>των</span> <span class='ocrx_word' id='word_1_203' title='bbox 210 2517 288 2553; x_wconf 76' lang='grc' dir='ltr'>τῶν</span> <span class='ocrx_word' id='word_1_204' title='bbox 301 2531 337 2554; x_wconf 86' lang='grc' dir='ltr'>κ.</span> <span class='ocrx_word' id='word_1_205' title='bbox 350 2532 380 2554; x_wconf 88' lang='grc' dir='ltr'>τ.</span> <span class='ocrx_word' id='word_1_206' title='bbox 392 2515 440 2566; x_wconf 53' lang='lat' dir='ltr'>L]</span> <span class='ocrx_word' id='word_1_207' title='bbox 462 2517 598 2555; x_wconf 84' lang='lat' dir='ltr'>Persici</span> <span class='ocrx_word' id='word_1_208' title='bbox 616 2518 714 2554; x_wconf 89' lang='lat' dir='ltr'>sinus</span> <span class='ocrx_word' id='word_1_209' title='bbox 728 2517 784 2554; x_wconf 85' lang='lat' dir='ltr'>in-</span> 
     </span>
     <span class='ocr_line' id='line_1_42' title="bbox 118 2570 783 2624; baseline 0.006 -18"><span class='ocrx_word' id='word_1_210' title='bbox 118 2570 230 2619; x_wconf 84' lang='lat' dir='ltr'>telligi</span> <span class='ocrx_word' id='word_1_211' title='bbox 257 2572 392 2610; x_wconf 87' lang='lat' dir='ltr'>insulas</span> <span class='ocrx_word' id='word_1_212' title='bbox 406 2603 416 2621; x_wconf 93' lang='lat'>‚</span> <span class='ocrx_word' id='word_1_213' title='bbox 438 2573 633 2624; x_wconf 85' lang='lat' dir='ltr'>plerasque</span> <span class='ocrx_word' id='word_1_214' title='bbox 651 2587 783 2624; x_wconf 84' lang='lat' dir='ltr'>parvas</span> 
     </span>
     <span class='ocr_line' id='line_1_43' title="bbox 118 2627 784 2679; baseline 0.006 -16"><span class='ocrx_word' id='word_1_215' title='bbox 118 2627 277 2674; x_wconf 81' lang='lat' dir='ltr'>ambitu,</span> <span class='ocrx_word' id='word_1_216' title='bbox 308 2630 354 2667; x_wconf 90' lang='lat' dir='ltr'>de</span> <span class='ocrx_word' id='word_1_217' title='bbox 386 2631 518 2679; x_wconf 88' lang='lat' dir='ltr'>quibus</span> <span class='ocrx_word' id='word_1_218' title='bbox 553 2632 665 2668; x_wconf 84' lang='lat' dir='ltr'>etiam</span> <span class='ocrx_word' id='word_1_219' title='bbox 702 2630 784 2677; x_wconf 83' lang='lat' dir='ltr'>Vll,</span> 
     </span>
     <span class='ocr_line' id='line_1_44' title="bbox 119 2683 784 2732; baseline 0.006 -11"><span class='ocrx_word' id='word_1_220' title='bbox 119 2683 187 2728; x_wconf 84' lang='lat'>80,</span> <span class='ocrx_word' id='word_1_221' title='bbox 206 2684 264 2720; x_wconf 88' lang='lat' dir='ltr'>vix</span> <span class='ocrx_word' id='word_1_222' title='bbox 291 2686 450 2724; x_wconf 89' lang='lat' dir='ltr'>dubium.</span> <span class='ocrx_word' id='word_1_223' title='bbox 509 2688 617 2732; x_wconf 83' lang='lat' dir='ltr'>Quae</span> <span class='ocrx_word' id='word_1_224' title='bbox 644 2687 784 2725; x_wconf 87' lang='lat' dir='ltr'>insulae</span> 
     </span>
     <span class='ocr_line' id='line_1_45' title="bbox 119 2738 784 2782; baseline 0.012 -9"><span class='ocrx_word' id='word_1_225' title='bbox 119 2738 205 2775; x_wconf 89' lang='lat' dir='ltr'>olim</span> <span class='ocrx_word' id='word_1_226' title='bbox 226 2739 448 2780; x_wconf 84' lang='lat' dir='ltr'>Phoenicum</span> <span class='ocrx_word' id='word_1_227' title='bbox 477 2745 694 2782; x_wconf 88' lang='lat' dir='ltr'>commercio</span> <span class='ocrx_word' id='word_1_228' title='bbox 727 2745 784 2781; x_wconf 89' lang='lat' dir='ltr'>in-</span> 
     </span>
     <span class='ocr_line' id='line_1_46' title="bbox 118 2796 781 2847; baseline 0.012 -17"><span class='ocrx_word' id='word_1_229' title='bbox 118 2796 263 2843; x_wconf 76' lang='lat' dir='ltr'>signes,</span> <span class='ocrx_word' id='word_1_230' title='bbox 297 2802 447 2847; x_wconf 86' lang='lat' dir='ltr'>postera</span> <span class='ocrx_word' id='word_1_231' title='bbox 477 2805 601 2839; x_wconf 86' lang='lat' dir='ltr'>aetate</span> <span class='ocrx_word' id='word_1_232' title='bbox 630 2801 781 2839; x_wconf 84' lang='lat' dir='ltr'>Venetis</span> 
     </span>
     <span class='ocr_line' id='line_1_47' title="bbox 118 2854 782 2907; baseline 0.012 -19"><span class='ocrx_word' id='word_1_233' title='bbox 118 2864 268 2902; x_wconf 88' lang='lat' dir='ltr'>quoque</span> <span class='ocrx_word' id='word_1_234' title='bbox 290 2854 411 2893; x_wconf 87' lang='lat' dir='ltr'>forum</span> <span class='ocrx_word' id='word_1_235' title='bbox 429 2858 660 2907; x_wconf 84' lang='lat' dir='ltr'>praebebant</span> <span class='ocrx_word' id='word_1_236' title='bbox 678 2857 782 2895; x_wconf 87' lang='lat' dir='ltr'>Indi-</span> 
     </span>
    </p>
   </div>
   <div class='ocr_carea' id='block_1_8' title="bbox 981 524 1458 581">
    <p class='ocr_par' dir='ltr' id='par_1_9' title="bbox 981 524 1458 581">
     <span class='ocr_line' id='line_1_48' title="bbox 981 524 1458 581; baseline -0.002 -12"><span class='ocrx_word' id='word_1_237' title='bbox 981 524 1119 581; x_wconf 82' lang='grc' dir='ltr'><strong><em>νομὸς</em></strong></span> <span class='ocrx_word' id='word_1_238' title='bbox 1151 525 1354 581; x_wconf 78' lang='grc' dir='ltr'><strong><em>τέταρτος</em></strong></span> <span class='ocrx_word' id='word_1_239' title='bbox 1384 525 1458 569; x_wconf 83' lang='grc' dir='ltr'>καὶ</span> 
     </span>
    </p>
   </div>
   <div class='ocr_carea' id='block_1_9' title="bbox 839 700 1515 2909">
    <p class='ocr_par' dir='ltr' id='par_1_10' title="bbox 839 700 1514 1661">
     <span class='ocr_line' id='line_1_49' title="bbox 840 700 1514 752; baseline 0.001 -15"><span class='ocrx_word' id='word_1_240' title='bbox 840 714 964 738; x_wconf 85' lang='lat' dir='ltr'>carum</span> <span class='ocrx_word' id='word_1_241' title='bbox 998 701 1215 752; x_wconf 83' lang='lat' dir='ltr'>praesertim</span> <span class='ocrx_word' id='word_1_242' title='bbox 1245 701 1417 739; x_wconf 88' lang='lat' dir='ltr'>mercium</span> <span class='ocrx_word' id='word_1_243' title='bbox 1443 700 1514 738; x_wconf 87' lang='lat' dir='ltr'>hue</span> 
     </span>
     <span class='ocr_line' id='line_1_50' title="bbox 841 756 1509 807; baseline 0 -12"><span class='ocrx_word' id='word_1_244' title='bbox 841 759 1078 796; x_wconf 82' lang='lat' dir='ltr'>advectarum</span> <span class='ocrx_word' id='word_1_245' title='bbox 1138 759 1300 807; x_wconf 80' lang='lat' dir='ltr'>indeque</span> <span class='ocrx_word' id='word_1_246' title='bbox 1357 756 1509 795; x_wconf 85' lang='lat' dir='ltr'>ulterius</span> 
     </span>
     <span class='ocr_line' id='line_1_51' title="bbox 841 813 1510 865; baseline 0 -14"><span class='ocrx_word' id='word_1_247' title='bbox 841 819 1193 865; x_wconf 80' lang='lat' dir='ltr'>transportatarum.</span> <span class='ocrx_word' id='word_1_248' title='bbox 1236 814 1420 852; x_wconf 85' lang='lat' dir='ltr'>Mannert.</span> <span class='ocrx_word' id='word_1_249' title='bbox 1441 814 1462 851; x_wconf 90' lang='lat' dir='ltr'>l.</span> <span class='ocrx_word' id='word_1_250' title='bbox 1486 813 1510 851; x_wconf 90' lang='lat' dir='ltr'>l.</span> 
     </span>
     <span class='ocr_line' id='line_1_52' title="bbox 841 870 1511 922; baseline -0.001 -14"><span class='ocrx_word' id='word_1_251' title='bbox 841 885 926 922; x_wconf 82' lang='lat' dir='ltr'>pag.</span> <span class='ocrx_word' id='word_1_252' title='bbox 951 875 1001 913; x_wconf 83' lang='lat'>11</span> <span class='ocrx_word' id='word_1_253' title='bbox 1024 872 1161 910; x_wconf 84' lang='lat' dir='ltr'>Persici</span> <span class='ocrx_word' id='word_1_254' title='bbox 1180 872 1279 909; x_wconf 89' lang='lat' dir='ltr'>sinus</span> <span class='ocrx_word' id='word_1_255' title='bbox 1295 871 1430 908; x_wconf 87' lang='lat' dir='ltr'>insulas</span> <span class='ocrx_word' id='word_1_256' title='bbox 1452 870 1511 908; x_wconf 83' lang='lat' dir='ltr'>hie</span> 
     </span>
     <span class='ocr_line' id='line_1_53' title="bbox 841 928 1511 979; baseline -0.001 -14"><span class='ocrx_word' id='word_1_257' title='bbox 841 929 995 978; x_wconf 80' lang='lat' dir='ltr'>intelligi</span> <span class='ocrx_word' id='word_1_258' title='bbox 1024 935 1161 977; x_wconf 82' lang='lat' dir='ltr'>negat,</span> <span class='ocrx_word' id='word_1_259' title='bbox 1198 929 1337 979; x_wconf 86' lang='lat' dir='ltr'>quippe</span> <span class='ocrx_word' id='word_1_260' title='bbox 1364 928 1511 977; x_wconf 83' lang='lat' dir='ltr'>longius</span> 
     </span>
     <span class='ocr_line' id='line_1_54' title="bbox 840 984 1510 1034; baseline -0.001 -12"><span class='ocrx_word' id='word_1_261' title='bbox 840 991 1002 1023; x_wconf 82' lang='lat' dir='ltr'>remotas</span> <span class='ocrx_word' id='word_1_262' title='bbox 1022 986 1068 1022; x_wconf 88' lang='lat' dir='ltr'>ab</span> <span class='ocrx_word' id='word_1_263' title='bbox 1088 985 1130 1022; x_wconf 88' lang='lat' dir='ltr'>iis</span> <span class='ocrx_word' id='word_1_264' title='bbox 1149 986 1334 1034; x_wconf 82' lang='lat' dir='ltr'>gentibus,</span> <span class='ocrx_word' id='word_1_265' title='bbox 1359 985 1405 1022; x_wconf 89' lang='lat' dir='ltr'>de</span> <span class='ocrx_word' id='word_1_266' title='bbox 1427 984 1510 1034; x_wconf 88' lang='lat' dir='ltr'>qui-</span> 
     </span>
     <span class='ocr_line' id='line_1_55' title="bbox 841 1042 1512 1091; baseline -0.001 -12"><span class='ocrx_word' id='word_1_267' title='bbox 841 1042 909 1079; x_wconf 87' lang='lat' dir='ltr'>bus</span> <span class='ocrx_word' id='word_1_268' title='bbox 934 1043 968 1078; x_wconf 91' lang='lat' dir='ltr'>h.</span> <span class='ocrx_word' id='word_1_269' title='bbox 988 1042 1009 1078; x_wconf 95' lang='lat' dir='ltr'>l.</span> <span class='ocrx_word' id='word_1_270' title='bbox 1036 1055 1156 1079; x_wconf 87' lang='lat' dir='ltr'>sermo</span> <span class='ocrx_word' id='word_1_271' title='bbox 1173 1043 1243 1088; x_wconf 90' lang='lat' dir='ltr'>sit·,</span> <span class='ocrx_word' id='word_1_272' title='bbox 1274 1055 1390 1091; x_wconf 84' lang='lat' dir='ltr'>quare</span> <span class='ocrx_word' id='word_1_273' title='bbox 1410 1042 1512 1078; x_wconf 87' lang='lat' dir='ltr'>insu·</span> 
     </span>
     <span class='ocr_line' id='line_1_56' title="bbox 841 1097 1511 1148; baseline 0 -13"><span class='ocrx_word' id='word_1_274' title='bbox 841 1098 893 1135; x_wconf 87' lang='lat' dir='ltr'>las</span> <span class='ocrx_word' id='word_1_275' title='bbox 917 1099 1009 1135; x_wconf 90' lang='lat' dir='ltr'>Indo</span> <span class='ocrx_word' id='word_1_276' title='bbox 1037 1099 1148 1135; x_wconf 88' lang='lat' dir='ltr'>ssuvio</span> <span class='ocrx_word' id='word_1_277' title='bbox 1179 1099 1371 1148; x_wconf 87' lang='lat' dir='ltr'>propiores</span> <span class='ocrx_word' id='word_1_278' title='bbox 1394 1097 1450 1136; x_wconf 82' lang='lat' dir='ltr'>vel</span> <span class='ocrx_word' id='word_1_279' title='bbox 1472 1099 1511 1135; x_wconf 88' lang='lat' dir='ltr'>in</span> 
     </span>
     <span class='ocr_line' id='line_1_57' title="bbox 840 1155 1514 1206; baseline -0.001 -14"><span class='ocrx_word' id='word_1_280' title='bbox 840 1156 924 1206; x_wconf 89' lang='lat' dir='ltr'>ipso</span> <span class='ocrx_word' id='word_1_281' title='bbox 950 1155 1041 1191; x_wconf 92' lang='lat' dir='ltr'>lndo</span> <span class='ocrx_word' id='word_1_282' title='bbox 1062 1156 1150 1192; x_wconf 87' lang='lat' dir='ltr'>sitas</span> <span class='ocrx_word' id='word_1_283' title='bbox 1173 1155 1431 1203; x_wconf 81' lang='lat' dir='ltr'>intelligendas</span> <span class='ocrx_word' id='word_1_284' title='bbox 1454 1167 1514 1193; x_wconf 84' lang='lat' dir='ltr'>es-</span> 
     </span>
     <span class='ocr_line' id='line_1_58' title="bbox 841 1211 1512 1257; baseline -0.001 -8"><span class='ocrx_word' id='word_1_285' title='bbox 841 1225 881 1249; x_wconf 90' lang='lat' dir='ltr'>se</span> <span class='ocrx_word' id='word_1_286' title='bbox 901 1212 1104 1249; x_wconf 86' lang='lat' dir='ltr'>contendit.</span> <span class='ocrx_word' id='word_1_287' title='bbox 1124 1234 1174 1238; x_wconf 93' lang='lat'>——</span> <span class='ocrx_word' id='word_1_288' title='bbox 1196 1211 1256 1249; x_wconf 90' lang='lat' dir='ltr'>De</span> <span class='ocrx_word' id='word_1_289' title='bbox 1278 1212 1384 1248; x_wconf 78' lang='lat' dir='ltr'>rubro</span> <span class='ocrx_word' id='word_1_290' title='bbox 1406 1213 1512 1257; x_wconf 77' lang='lat' dir='ltr'>mari,</span> 
     </span>
     <span class='ocr_line' id='line_1_59' title="bbox 842 1268 1513 1315; baseline 0 -10"><span class='ocrx_word' id='word_1_291' title='bbox 842 1281 871 1305; x_wconf 88' lang='lat' dir='ltr'>s.</span> <span class='ocrx_word' id='word_1_292' title='bbox 894 1268 978 1305; x_wconf 89' lang='lat' dir='ltr'>sinu</span> <span class='ocrx_word' id='word_1_293' title='bbox 1001 1268 1162 1315; x_wconf 87' lang='lat' dir='ltr'>Persico,</span> <span class='ocrx_word' id='word_1_294' title='bbox 1186 1268 1280 1305; x_wconf 86' lang='lat' dir='ltr'>conf.</span> <span class='ocrx_word' id='word_1_295' title='bbox 1308 1272 1403 1305; x_wconf 79' lang='lat' dir='ltr'>nott.</span> <span class='ocrx_word' id='word_1_296' title='bbox 1416 1269 1465 1305; x_wconf 86' lang='lat' dir='ltr'>ad</span> <span class='ocrx_word' id='word_1_297' title='bbox 1485 1268 1513 1315; x_wconf 87' lang='grc' dir='ltr'>Ι,</span> 
     </span>
     <span class='ocr_line' id='line_1_60' title="bbox 844 1325 1513 1375; baseline 0.001 -14"><span class='ocrx_word' id='word_1_298' title='bbox 844 1326 938 1365; x_wconf 86' lang='grc'><strong>180.</strong></span> <span class='ocrx_word' id='word_1_299' title='bbox 955 1325 1171 1375; x_wconf 87' lang='lat' dir='ltr'>Suspicatur</span> <span class='ocrx_word' id='word_1_300' title='bbox 1192 1330 1315 1362; x_wconf 87' lang='lat' dir='ltr'>autem</span> <span class='ocrx_word' id='word_1_301' title='bbox 1340 1325 1513 1371; x_wconf 82' lang='lat' dir='ltr'>Bennel.‚</span> 
     </span>
     <span class='ocr_line' id='line_1_61' title="bbox 841 1381 1514 1429; baseline 0.001 -11"><span class='ocrx_word' id='word_1_302' title='bbox 841 1394 920 1419; x_wconf 90' lang='lat' dir='ltr'>cum</span> <span class='ocrx_word' id='word_1_303' title='bbox 934 1382 1003 1419; x_wconf 87' lang='lat' dir='ltr'>hae</span> <span class='ocrx_word' id='word_1_304' title='bbox 1024 1381 1162 1419; x_wconf 87' lang='lat' dir='ltr'>insulae</span> <span class='ocrx_word' id='word_1_305' title='bbox 1181 1382 1340 1419; x_wconf 90' lang='lat' dir='ltr'>minores</span> <span class='ocrx_word' id='word_1_306' title='bbox 1353 1382 1439 1429; x_wconf 84' lang='lat' dir='ltr'>sint,</span> <span class='ocrx_word' id='word_1_307' title='bbox 1453 1395 1514 1419; x_wconf 83' lang='lat' dir='ltr'>sa-</span> 
     </span>
     <span class='ocr_line' id='line_1_62' title="bbox 840 1438 1513 1489; baseline 0 -14"><span class='ocrx_word' id='word_1_308' title='bbox 840 1438 982 1489; x_wconf 84' lang='lat' dir='ltr'>trapiae</span> <span class='ocrx_word' id='word_1_309' title='bbox 993 1438 1252 1475; x_wconf 81' lang='lat' dir='ltr'>indicationem</span> <span class='ocrx_word' id='word_1_310' title='bbox 1261 1439 1513 1489; x_wconf 85' lang='lat' dir='ltr'>imperfectam</span> 
     </span>
     <span class='ocr_line' id='line_1_63' title="bbox 841 1496 1511 1545; baseline 0.001 -13"><span class='ocrx_word' id='word_1_311' title='bbox 841 1508 934 1542; x_wconf 87' lang='lat' dir='ltr'>esse,</span> <span class='ocrx_word' id='word_1_312' title='bbox 967 1496 1105 1545; x_wconf 85' lang='lat' dir='ltr'>quippe</span> <span class='ocrx_word' id='word_1_313' title='bbox 1121 1496 1169 1532; x_wconf 80' lang='lat' dir='ltr'>ad</span> <span class='ocrx_word' id='word_1_314' title='bbox 1190 1508 1301 1544; x_wconf 81' lang='lat' dir='ltr'>quam</span> <span class='ocrx_word' id='word_1_315' title='bbox 1320 1496 1429 1533; x_wconf 87' lang='lat' dir='ltr'>etiam</span> <span class='ocrx_word' id='word_1_316' title='bbox 1451 1508 1511 1533; x_wconf 88' lang='lat' dir='ltr'>re-</span> 
     </span>
     <span class='ocr_line' id='line_1_64' title="bbox 841 1552 1512 1601; baseline 0.001 -13"><span class='ocrx_word' id='word_1_317' title='bbox 841 1554 970 1601; x_wconf 85' lang='lat' dir='ltr'>giones</span> <span class='ocrx_word' id='word_1_318' title='bbox 1000 1552 1147 1590; x_wconf 87' lang='lat' dir='ltr'>Persico</span> <span class='ocrx_word' id='word_1_319' title='bbox 1180 1552 1275 1589; x_wconf 88' lang='lat' dir='ltr'>sinui</span> <span class='ocrx_word' id='word_1_320' title='bbox 1298 1553 1512 1590; x_wconf 85' lang='lat' dir='ltr'>adiacentes</span> 
     </span>
     <span class='ocr_line' id='line_1_65' title="bbox 839 1609 1096 1661; baseline -0.004 -14"><span class='ocrx_word' id='word_1_321' title='bbox 839 1609 1096 1661; x_wconf 84' lang='lat' dir='ltr'>pertinuerint.</span> 
     </span>
    </p>

    <p class='ocr_par' dir='ltr' id='par_1_11' title="bbox 839 1661 1515 2909">
     <span class='ocr_line' id='line_1_66' title="bbox 898 1661 1511 1716; baseline 0 -12"><span class='ocrx_word' id='word_1_322' title='bbox 898 1663 994 1712; x_wconf 77' lang='grc' dir='ltr'>τοῦς</span> <span class='ocrx_word' id='word_1_323' title='bbox 1017 1661 1299 1712; x_wconf 74' lang='grc' dir='ltr'><em>οἷνασπᾶστους</em></span> <span class='ocrx_word' id='word_1_324' title='bbox 1323 1662 1511 1716; x_wconf 78' lang='grc' dir='ltr'><strong><em>καλεομέ-</em></strong></span> 
     </span>
     <span class='ocr_line' id='line_1_67' title="bbox 843 1717 1512 1772; baseline -0.004 -10"><span class='ocrx_word' id='word_1_325' title='bbox 843 1719 956 1772; x_wconf 68' lang='grc' dir='ltr'><strong>νους]</strong></span> <span class='ocrx_word' id='word_1_326' title='bbox 980 1717 1230 1761; x_wconf 73' lang='grc' dir='ltr'><em>οἷνάσπαστοι</em></span> <span class='ocrx_word' id='word_1_327' title='bbox 1248 1723 1429 1770; x_wconf 90' lang='lat' dir='ltr'>dicuntur,</span> <span class='ocrx_word' id='word_1_328' title='bbox 1447 1723 1512 1772; x_wconf 90' lang='lat' dir='ltr'>qui</span> 
     </span>
     <span class='ocr_line' id='line_1_68' title="bbox 842 1779 1511 1830; baseline -0.001 -13"><span class='ocrx_word' id='word_1_329' title='bbox 842 1794 862 1817; x_wconf 91' lang='lat' dir='ltr'>e</span> <span class='ocrx_word' id='word_1_330' title='bbox 882 1780 1001 1830; x_wconf 85' lang='lat' dir='ltr'>patrio</span> <span class='ocrx_word' id='word_1_331' title='bbox 1025 1779 1104 1816; x_wconf 91' lang='lat' dir='ltr'>solo</span> <span class='ocrx_word' id='word_1_332' title='bbox 1128 1779 1298 1816; x_wconf 78' lang='lat' dir='ltr'>aliorsum</span> <span class='ocrx_word' id='word_1_333' title='bbox 1320 1780 1511 1816; x_wconf 87' lang='lat' dir='ltr'>abducun-</span> 
     </span>
     <span class='ocr_line' id='line_1_69' title="bbox 841 1836 1511 1887; baseline -0.001 -14"><span class='ocrx_word' id='word_1_334' title='bbox 841 1841 901 1873; x_wconf 91' lang='lat' dir='ltr'>tur</span> <span class='ocrx_word' id='word_1_335' title='bbox 928 1840 966 1873; x_wconf 88' lang='lat' dir='ltr'>et</span> <span class='ocrx_word' id='word_1_336' title='bbox 990 1836 1202 1885; x_wconf 85' lang='lat' dir='ltr'>relegantur</span> <span class='ocrx_word' id='word_1_337' title='bbox 1230 1850 1298 1887; x_wconf 85' lang='lat' dir='ltr'>pro</span> <span class='ocrx_word' id='word_1_338' title='bbox 1324 1849 1368 1873; x_wconf 93' lang='lat' dir='ltr'>eo</span> <span class='ocrx_word' id='word_1_339' title='bbox 1395 1848 1511 1883; x_wconf 87' lang='lat' dir='ltr'>more,</span> 
     </span>
     <span class='ocr_line' id='line_1_70' title="bbox 841 1892 1512 1943; baseline 0 -14"><span class='ocrx_word' id='word_1_340' title='bbox 841 1894 904 1942; x_wconf 89' lang='lat' dir='ltr'>qui</span> <span class='ocrx_word' id='word_1_341' title='bbox 935 1906 1002 1943; x_wconf 82' lang='lat' dir='ltr'>per</span> <span class='ocrx_word' id='word_1_342' title='bbox 1031 1894 1207 1930; x_wconf 82' lang='lat' dir='ltr'>orientem</span> <span class='ocrx_word' id='word_1_343' title='bbox 1244 1893 1422 1939; x_wconf 86' lang='lat' dir='ltr'>obtinuit,</span> <span class='ocrx_word' id='word_1_344' title='bbox 1453 1892 1512 1930; x_wconf 86' lang='lat' dir='ltr'>vel</span> 
     </span>
     <span class='ocr_line' id='line_1_71' title="bbox 842 1949 1513 1998; baseline 0.001 -12"><span class='ocrx_word' id='word_1_345' title='bbox 842 1950 1003 1998; x_wconf 84' lang='lat' dir='ltr'>singulos</span> <span class='ocrx_word' id='word_1_346' title='bbox 1026 1951 1122 1987; x_wconf 88' lang='lat' dir='ltr'>viros</span> <span class='ocrx_word' id='word_1_347' title='bbox 1146 1949 1315 1997; x_wconf 86' lang='lat' dir='ltr'>illustres,</span> <span class='ocrx_word' id='word_1_348' title='bbox 1338 1950 1395 1987; x_wconf 90' lang='lat' dir='ltr'>vel</span> <span class='ocrx_word' id='word_1_349' title='bbox 1417 1949 1513 1987; x_wconf 88' lang='lat' dir='ltr'>inte-</span> 
     </span>
     <span class='ocr_line' id='line_1_72' title="bbox 842 2007 1510 2055; baseline 0 -12"><span class='ocrx_word' id='word_1_350' title='bbox 842 2019 927 2055; x_wconf 82' lang='lat' dir='ltr'>gras</span> <span class='ocrx_word' id='word_1_351' title='bbox 961 2008 1129 2044; x_wconf 85' lang='lat' dir='ltr'>nationes</span> <span class='ocrx_word' id='word_1_352' title='bbox 1150 2008 1326 2053; x_wconf 86' lang='lat' dir='ltr'>devictas,</span> <span class='ocrx_word' id='word_1_353' title='bbox 1359 2007 1510 2044; x_wconf 90' lang='lat' dir='ltr'>sedibus</span> 
     </span>
     <span class='ocr_line' id='line_1_73' title="bbox 841 2062 1511 2114; baseline -0.001 -14"><span class='ocrx_word' id='word_1_354' title='bbox 841 2064 967 2114; x_wconf 86' lang='lat' dir='ltr'>patriis</span> <span class='ocrx_word' id='word_1_355' title='bbox 990 2068 1123 2110; x_wconf 86' lang='lat' dir='ltr'>motas,</span> <span class='ocrx_word' id='word_1_356' title='bbox 1150 2063 1219 2100; x_wconf 87' lang='lat' dir='ltr'>alia</span> <span class='ocrx_word' id='word_1_357' title='bbox 1240 2065 1277 2100; x_wconf 90' lang='lat' dir='ltr'>in</span> <span class='ocrx_word' id='word_1_358' title='bbox 1297 2063 1376 2101; x_wconf 88' lang='lat' dir='ltr'>loca</span> <span class='ocrx_word' id='word_1_359' title='bbox 1395 2062 1511 2100; x_wconf 87' lang='lat' dir='ltr'>multo</span> 
     </span>
     <span class='ocr_line' id='line_1_74' title="bbox 843 2119 1511 2158; baseline -0.001 -1"><span class='ocrx_word' id='word_1_360' title='bbox 843 2121 1040 2157; x_wconf 83' lang='lat' dir='ltr'>remotiora</span> <span class='ocrx_word' id='word_1_361' title='bbox 1061 2120 1319 2158; x_wconf 86' lang='lat' dir='ltr'>transferendi.</span> <span class='ocrx_word' id='word_1_362' title='bbox 1352 2119 1415 2157; x_wconf 84' lang='lat' dir='ltr'>Tu</span> <span class='ocrx_word' id='word_1_363' title='bbox 1435 2120 1511 2156; x_wconf 89' lang='lat' dir='ltr'>vid.</span> 
     </span>
     <span class='ocr_line' id='line_1_75' title="bbox 841 2175 1514 2226; baseline -0.001 -12"><span class='ocrx_word' id='word_1_364' title='bbox 841 2177 984 2215; x_wconf 86' lang='lat' dir='ltr'>Herod.</span> <span class='ocrx_word' id='word_1_365' title='bbox 999 2177 1061 2223; x_wconf 90' lang='lat' dir='ltr'>lV,</span> <span class='ocrx_word' id='word_1_366' title='bbox 1081 2175 1163 2216; x_wconf 79' lang='lat'>204</span> <span class='ocrx_word' id='word_1_367' title='bbox 1186 2178 1272 2226; x_wconf 89' lang='lat' dir='ltr'>ibiq.</span> <span class='ocrx_word' id='word_1_368' title='bbox 1285 2176 1514 2223; x_wconf 78' lang='lat' dir='ltr'>VVessel.VI,</span> 
     </span>
     <span class='ocr_line' id='line_1_76' title="bbox 848 2233 1515 2280; baseline 0.001 -11"><span class='ocrx_word' id='word_1_369' title='bbox 848 2237 912 2274; x_wconf 79' lang='lat'>12.</span> <span class='ocrx_word' id='word_1_370' title='bbox 934 2235 970 2273; x_wconf 81' lang='grc'>9.</span> <span class='ocrx_word' id='word_1_371' title='bbox 999 2235 1064 2273; x_wconf 77' lang='lat'>32.</span> <span class='ocrx_word' id='word_1_372' title='bbox 1089 2234 1170 2280; x_wconf 65' lang='lat' dir='ltr'>Vll,</span> <span class='ocrx_word' id='word_1_373' title='bbox 1197 2236 1261 2274; x_wconf 81' lang='grc'>80.</span> <span class='ocrx_word' id='word_1_374' title='bbox 1293 2234 1394 2270; x_wconf 87' lang='lat' dir='ltr'>Ctes.</span> <span class='ocrx_word' id='word_1_375' title='bbox 1424 2233 1515 2271; x_wconf 87' lang='lat' dir='ltr'>Per-</span> 
     </span>
     <span class='ocr_line' id='line_1_77' title="bbox 844 2288 1514 2341; baseline 0 -14"><span class='ocrx_word' id='word_1_376' title='bbox 844 2291 923 2328; x_wconf 88' lang='lat' dir='ltr'>sice.</span> <span class='ocrx_word' id='word_1_377' title='bbox 947 2290 1034 2326; x_wconf 85' lang='lat' dir='ltr'>Exc.</span> <span class='ocrx_word' id='word_1_378' title='bbox 1063 2288 1099 2341; x_wconf 60' lang='grc' dir='ltr'>ξ.</span> <span class='ocrx_word' id='word_1_379' title='bbox 1122 2292 1158 2329; x_wconf 83' lang='grc'>9.</span> <span class='ocrx_word' id='word_1_380' title='bbox 1189 2289 1256 2330; x_wconf 79' lang='lat'>40.</span> <span class='ocrx_word' id='word_1_381' title='bbox 1280 2290 1432 2328; x_wconf 89' lang='lat' dir='ltr'>Dorvill.</span> <span class='ocrx_word' id='word_1_382' title='bbox 1464 2290 1514 2327; x_wconf 84' lang='lat' dir='ltr'>ad</span> 
     </span>
     <span class='ocr_line' id='line_1_78' title="bbox 840 2346 1515 2396; baseline 0 -12"><span class='ocrx_word' id='word_1_383' title='bbox 840 2347 981 2384; x_wconf 84' lang='lat' dir='ltr'>Charit.</span> <span class='ocrx_word' id='word_1_384' title='bbox 1002 2359 1088 2396; x_wconf 77' lang='lat' dir='ltr'>pag.</span> <span class='ocrx_word' id='word_1_385' title='bbox 1109 2348 1204 2388; x_wconf 82' lang='lat'><strong>393.</strong></span> <span class='ocrx_word' id='word_1_386' title='bbox 1226 2348 1364 2384; x_wconf 89' lang='lat' dir='ltr'>Gesen.</span> <span class='ocrx_word' id='word_1_387' title='bbox 1387 2348 1435 2384; x_wconf 87' lang='lat' dir='ltr'>ad</span> <span class='ocrx_word' id='word_1_388' title='bbox 1456 2346 1515 2384; x_wconf 87' lang='lat' dir='ltr'>Ie-</span> 
     </span>
     <span class='ocr_line' id='line_1_79' title="bbox 841 2403 1514 2451; baseline 0 -11"><span class='ocrx_word' id='word_1_389' title='bbox 841 2404 906 2440; x_wconf 88' lang='lat' dir='ltr'>sai.</span> <span class='ocrx_word' id='word_1_390' title='bbox 926 2404 1098 2451; x_wconf 82' lang='lat' dir='ltr'>XXXVI,</span> <span class='ocrx_word' id='word_1_391' title='bbox 1132 2405 1197 2444; x_wconf 85' lang='lat'>16.</span> <span class='ocrx_word' id='word_1_392' title='bbox 1228 2425 1284 2431; x_wconf 89' lang='lat'>-—</span> <span class='ocrx_word' id='word_1_393' title='bbox 1313 2403 1367 2440; x_wconf 90' lang='lat' dir='ltr'>Ac</span> <span class='ocrx_word' id='word_1_394' title='bbox 1391 2403 1514 2441; x_wconf 88' lang='lat' dir='ltr'>mirari</span> 
     </span>
     <span class='ocr_line' id='line_1_80' title="bbox 841 2460 1511 2510; baseline 0.001 -13"><span class='ocrx_word' id='word_1_395' title='bbox 841 2461 959 2507; x_wconf 85' lang='lat' dir='ltr'>subit,</span> <span class='ocrx_word' id='word_1_396' title='bbox 991 2460 1081 2498; x_wconf 85' lang='lat' dir='ltr'>haec</span> <span class='ocrx_word' id='word_1_397' title='bbox 1110 2460 1189 2510; x_wconf 85' lang='lat' dir='ltr'>ipsa</span> <span class='ocrx_word' id='word_1_398' title='bbox 1214 2462 1308 2507; x_wconf 84' lang='lat' dir='ltr'>loca,</span> <span class='ocrx_word' id='word_1_399' title='bbox 1339 2461 1387 2498; x_wconf 84' lang='lat' dir='ltr'>ad</span> <span class='ocrx_word' id='word_1_400' title='bbox 1416 2473 1511 2509; x_wconf 86' lang='lat' dir='ltr'>quae</span> 
     </span>
     <span class='ocr_line' id='line_1_81' title="bbox 841 2516 1511 2566; baseline 0 -12"><span class='ocrx_word' id='word_1_401' title='bbox 841 2517 1025 2566; x_wconf 83' lang='lat' dir='ltr'>relegatos</span> <span class='ocrx_word' id='word_1_402' title='bbox 1066 2518 1320 2555; x_wconf 80' lang='lat' dir='ltr'>detrudebant</span> <span class='ocrx_word' id='word_1_403' title='bbox 1362 2516 1511 2563; x_wconf 84' lang='lat' dir='ltr'>Persae,</span> 
     </span>
     <span class='ocr_line' id='line_1_82' title="bbox 841 2573 1507 2625; baseline -0.003 -14"><span class='ocrx_word' id='word_1_404' title='bbox 841 2573 986 2612; x_wconf 80' lang='lat' dir='ltr'>saeculo</span> <span class='ocrx_word' id='word_1_405' title='bbox 1008 2574 1149 2611; x_wconf 89' lang='lat' dir='ltr'>decimo</span> <span class='ocrx_word' id='word_1_406' title='bbox 1178 2576 1288 2612; x_wconf 85' lang='lat' dir='ltr'>tertio</span> <span class='ocrx_word' id='word_1_407' title='bbox 1312 2578 1397 2625; x_wconf 87' lang='lat' dir='ltr'>post</span> <span class='ocrx_word' id='word_1_408' title='bbox 1420 2574 1507 2610; x_wconf 86' lang='lat' dir='ltr'>Chr.</span> 
     </span>
     <span class='ocr_line' id='line_1_83' title="bbox 841 2631 1511 2669; baseline -0.003 -1"><span class='ocrx_word' id='word_1_409' title='bbox 841 2644 876 2668; x_wconf 90' lang='lat' dir='ltr'>n.</span> <span class='ocrx_word' id='word_1_410' title='bbox 907 2631 1072 2668; x_wconf 89' lang='lat' dir='ltr'>barbaris</span> <span class='ocrx_word' id='word_1_411' title='bbox 1100 2632 1136 2667; x_wconf 92' lang='lat' dir='ltr'>in</span> <span class='ocrx_word' id='word_1_412' title='bbox 1164 2636 1298 2669; x_wconf 84' lang='lat' dir='ltr'>terram</span> <span class='ocrx_word' id='word_1_413' title='bbox 1320 2631 1511 2668; x_wconf 87' lang='lat' dir='ltr'>continen-</span> 
     </span>
     <span class='ocr_line' id='line_1_84' title="bbox 842 2687 1509 2738; baseline -0.004 -13"><span class='ocrx_word' id='word_1_414' title='bbox 842 2691 919 2725; x_wconf 79' lang='lat' dir='ltr'>tem</span> <span class='ocrx_word' id='word_1_415' title='bbox 962 2688 1269 2738; x_wconf 86' lang='lat' dir='ltr'>irrumpentibus,</span> <span class='ocrx_word' id='word_1_416' title='bbox 1329 2687 1509 2735; x_wconf 82' lang='lat' dir='ltr'>refugium</span> 
     </span>
     <span class='ocr_line' id='line_1_85' title="bbox 840 2742 1509 2795; baseline -0.006 -14"><span class='ocrx_word' id='word_1_417' title='bbox 840 2744 1053 2795; x_wconf 86' lang='lat' dir='ltr'>praebuisse</span> <span class='ocrx_word' id='word_1_418' title='bbox 1083 2745 1207 2782; x_wconf 87' lang='lat' dir='ltr'>incolis</span> <span class='ocrx_word' id='word_1_419' title='bbox 1241 2749 1363 2783; x_wconf 88' lang='lat' dir='ltr'>terrae</span> <span class='ocrx_word' id='word_1_420' title='bbox 1391 2742 1509 2779; x_wconf 89' lang='lat' dir='ltr'>conti·</span> 
     </span>
     <span class='ocr_line' id='line_1_86' title="bbox 839 2800 1508 2851; baseline -0.004 -13"><span class='ocrx_word' id='word_1_421' title='bbox 839 2801 973 2848; x_wconf 92' lang='lat' dir='ltr'>nentis,</span> <span class='ocrx_word' id='word_1_422' title='bbox 1005 2802 1067 2851; x_wconf 90' lang='lat' dir='ltr'>qui</span> <span class='ocrx_word' id='word_1_423' title='bbox 1089 2801 1264 2847; x_wconf 87' lang='lat' dir='ltr'>insulam,</span> <span class='ocrx_word' id='word_1_424' title='bbox 1294 2800 1350 2837; x_wconf 90' lang='lat' dir='ltr'>cui</span> <span class='ocrx_word' id='word_1_425' title='bbox 1372 2810 1508 2836; x_wconf 88' lang='lat' dir='ltr'>nornen</span> 
     </span>
     <span class='ocr_line' id='line_1_87' title="bbox 841 2858 1305 2909; baseline -0.004 -14"><span class='ocrx_word' id='word_1_426' title='bbox 841 2858 993 2907; x_wconf 92' lang='lat' dir='ltr'>Ormuz,</span> <span class='ocrx_word' id='word_1_427' title='bbox 1023 2861 1305 2909; x_wconf 80' lang='lat' dir='ltr'>occupaverunt.</span> 
     </span>
    </p>
   </div>
  </div>
 </body>
</html>
