1879 3255
361 175 417 214 26
759 177 1230 218 HERODOTI

307 288 350 322 12
362 280 416 338 δή
444 286 583 326 ταῦτα
611 283 840 339 ἐπειρώτα,
867 284 890 328 ὁ
922 285 965 328 δ’
988 285 1186 342 ἀμείβετο
1215 290 1383 332 τοῖσδε·

1429 285 1517 341 ,,Ὦ
1545 295 1628 334 παῖ

359 352 539 408 Κύρου,
579 355 631 397 τὰ
668 356 747 411 μὲν
777 355 923 412 οἰκήϊα
952 352 1008 412 ἦν
1036 358 1146 411 μέζω
1177 359 1289 402 κακοὶ
1328 360 1356 414 ἢ
1388 359 1492 403 ὥστε
1525 358 1681 403 ἄνα-60

359 426 544 468 κλαίειν·
593 425 642 468 τὸ
674 426 719 470 δὲ
751 431 832 470 τοῦ
869 426 1045 481 ἑταίρου
1074 428 1263 480 πένθος,
1313 429 1436 482 ἄξιον
1465 425 1520 486 ἦν
1550 433 1624 474 δα-

358 494 535 548 κρύων·
577 495 627 548 ὂς
656 497 703 540 ἐκ
732 501 908 540 πολλῶν
936 513 980 539 τε
1009 498 1083 540 καὶ
1113 496 1386 552 εὐδαιμόνων
1416 501 1623 554 ἐκπεσών,
1688 508 1764 546 201

359 564 402 616 ἐς
428 570 648 624 πτωχηΐην
677 567 855 611 ἀπῖκται
884 568 952 610 ἐπὶ
980 567 1145 624 γήραος
1167 566 1330 623 οὐδῷ-ιί
1373 572 1461 614 Καὶ
1489 576 1626 615 ταῦτα

303 719 487 768 spondeat
515 718 816 764 Psammitichrrs,
854 729 897 755 ac
929 719 960 755 si

303 787 382 811 cum
404 775 484 826 ipso
515 789 603 824 rege
633 776 818 824 praesenti
846 774 959 812 collo-

303 836 486 880 queretur.
545 831 636 867 Mihi
666 831 733 868 hoc
762 832 960 880 speciosius

302 900 410 936 quam
430 888 547 925 verius
565 887 719 924 videtur.
747 887 881 924 Matth.
900 901 961 925 ex·

300 943 415 980 hibuit
439 939 713 991 πυνθοῖνομαι.
764 942 823 980 Ad
850 944 961 982 verba

301 998 401 1050 μέζω
435 996 537 1038 κακοὶ
557 995 585 1051 ἢ
613 996 710 1038 ὥστε
732 994 962 1039 α’νακλαίειν

302 1053 379 1108 (ubi
403 1052 430 1106 ἢ
449 1057 556 1094 abest
575 1068 597 1093 a
618 1056 832 1094 Florentino
850 1058 963 1094 binis-

300 1125 373 1160 que
398 1111 494 1162 aliis)
522 1114 617 1150 conf.
642 1113 774 1151 Matth.
800 1113 865 1150 Gr.
893 1114 960 1151 Gr.

303 1165 340 1218 ἓ.
360 1167 457 1215 448,
476 1168 512 1206 b.
572 1169 654 1206 Alia
675 1170 838 1221 exempla
861 1169 962 1207 locu-

298 1225 421 1272 tionis,
451 1226 489 1262 in
508 1238 581 1275 qua
603 1222 703 1265 ὥστε
720 1227 840 1264 omitti
867 1240 961 1276 quo-

299 1294 372 1330 que
400 1287 538 1331 potest,
567 1284 615 1320 ad
635 1283 671 1320 h.
696 1283 816 1334 ipsum
845 1282 963 1321 locum

299 1336 446 1386 collegit
466 1338 641 1377 Valcken.

356 1392 421 1433 ἐπὶ
444 1390 594 1446 γήραος
619 1391 742 1451 ου’δῷ]
777 1398 817 1433 in
845 1396 963 1433 limine

299 1453 504 1498 senectutis,
548 1452 595 1489 de
627 1453 691 1499 iis,
723 1454 785 1502 qui
818 1453 865 1490 ad
900 1466 962 1490 ex-

299 1512 452 1544 tremam
472 1513 718 1558 pervenerunt
737 1514 959 1547 senectutem

298 1568 361 1601 aut
386 1565 548 1614 proxime
580 1566 627 1601 ad
657 1579 736 1603 eam
767 1567 959 1603 accedunt.

297 1620 383 1670 Qua
403 1621 557 1658 formula
577 1621 771 1659 Homerica
793 1621 905 1672 (conf.
926 1635 958 1659 V.

298 1690 329 1715 c.
352 1676 390 1712 ll.
411 1674 607 1724 Xthfio.
628 1679 763 1725 XXIV,
776 1681 869 1720 486.
883 1679 959 1715 Od.

297 1733 380 1780 XV,
401 1733 498 1782 346)
523 1747 588 1770 nec
606 1734 710 1772 Plato
733 1748 800 1773 nec
817 1735 875 1771 alii
895 1735 960 1771 ab-

284 1789 514 1832 stinuerunt.
545 1790 606 1827 Tu
616 1792 710 1828 conf.
728 1790 807 1829 Ast.
820 1792 868 1829 ad
878 1791 959 1828 Pla—

297 1850 372 1882 ton.
395 1846 500 1884 Polit.
531 1847 606 1893 1‚2
629 1861 714 1897 pag.
739 1850 832 1890 326
862 1849 957 1888 327-

297 1922 354 1929 —
392 1902 506 1939 Paulo
546 1907 655 1940 antea
691 1917 758 1954 pro
805 1902 959 1950 πένθος

297 1956 561 1996 Valckenaerio
587 1960 704 2008 magis
732 1959 852 2010 placet
882 1955 958 1997 πά-

297 2017 395 2060 θος,
425 2015 528 2063 quod
557 2028 650 2052 unus
675 2017 889 2066 suppeditat
918 2016 958 2052 li-

298 2070 374 2107 ber.
434 2070 512 2108 Nos
530 2084 610 2108 eam
632 2073 744 2108 secuti
763 2085 885 2109 sumus=
906 2071 958 2109 le-

298 2126 467 2173 ctionem,
488 2141 583 2176 quae
602 2130 822 2177 optimorum
849 2128 959 2164 libro-

297 2195 374 2219 rum
403 2185 581 2233 probatur
597 2197 790 2223 consensu.

354 2238 421 2277 καὶ
444 2242 566 2278 ταῦτα
590 2238 643 2286 ὥς
671 2236 957 2290 α’πενειχθέντα

296 2292 377 2334 ’ὑπὸ
410 2292 553 2335 τούτου
593 2312 628 2334 κ.
658 2313 686 2335 τ.
719 2298 773 2347 λ.]
819 2300 957 2334 Sensus

297 2352 488 2389 verborum
519 2354 736 2403 expeditus,
779 2359 957 2391 structura

297 2409 533 2457 grammatica
568 2411 720 2448 maxime
753 2411 954 2459 impedita;

296 2476 405 2512 quam
434 2469 474 2501 ut
501 2467 711 2515 expediret,
747 2466 952 2514 Schweigh.

297 2516 581 2570 ἀπενειχθέντα
619 2523 846 2572 participium
887 2535 954 2571 pro

295 2577 406 2615 verbo
429 2578 532 2614 finito
560 2579 720 2628 positum
741 2579 852 2615 videri
879 2584 955 2615 sta-

295 2634 382 2678 tuit3
415 2647 636 2683 quamquam
659 2647 751 2684 quos
769 2636 876 2673 affert
897 2634 952 2671 lo-

295 2703 357 2728 cos
378 2691 424 2727 ad
445 2691 536 2727 hanc
555 2696 770 2728 structuram
796 2692 955 2741 proban-

295 2747 379 2784 dam
401 2746 462 2792 Vl,
486 2749 550 2787 31.
570 2750 623 2789 79
641 2777 649 2793 ‚
681 2750 703 2785 ii
729 2749 883 2785 maxime
905 2748 956 2784 vi-

296 2803 428 2841 dentur
444 2815 524 2842 esse
542 2802 661 2842 alieni.
720 2804 780 2841 Ad
801 2805 955 2842 eandem

1016 720 1131 758 ferme
1147 719 1326 756 ratio-nem
1345 719 1490 768 Steger.
1510 721 1606 758 hunc
1626 724 1681 759 lo-

1017 789 1096 813 cum
1118 775 1295 826 explicat,
1324 777 1371 812 ad
1395 772 1682 827 ἀπενειχθέντα

1017 832 1222 883 supplendo
1254 825 1328 880 ἦν,
1371 834 1470 883 quod
1492 834 1588 871 idem
1615 847 1678 872 va-

1017 888 1090 926 leat
1115 893 1225 937 atque
1252 884 1484 940 ἄπενείχθη.
1543 891 1621 928 Sed
1643 891 1680 928 in

1017 945 1246 995 praefatione
1268 957 1355 995 pag.
1385 946 1455 982 ΧΠ
1477 959 1580 996 seqq.
1610 947 1680 984 hoc

1020 1001 1052 1038 ei
1079 1000 1269 1049 displicere
1289 1002 1392 1048 dicit3
1423 1003 1572 1040 rescribi
1602 1016 1680 1040 ma-

1018 1057 1097 1094 vult
1119 1052 1176 1095 ὧν
1205 1055 1290 1107 (pro
1324 1055 1419 1108 ὦς),
1451 1071 1545 1107 quae
1568 1059 1680 1109 parti-

1018 1114 1097 1151 cula
1117 1115 1217 1165 apud
1230 1114 1460 1151 Herodotum
1477 1115 1526 1152 ad
1544 1116 1682 1152 oratio-

1017 1183 1102 1207 nem
1162 1170 1446 1207 continuandam
1495 1171 1681 1209 inserviat.

1019 1227 1092 1264 Pro
1119 1222 1216 1265 ὑπό
1253 1222 1468 1274 τούτου,
1500 1228 1601 1276 quod
1631 1229 1680 1265 ad

1018 1284 1184 1321 nuntium
1203 1295 1224 1319 a
1241 1283 1425 1333 Cambyse
1436 1284 1585 1321 missum
1599 1297 1680 1333 per-

1020 1339 1125 1386 tinet,
1154 1340 1250 1377 idem
1282 1339 1354 1388 legi
1385 1339 1461 1377 vult
1488 1337 1544 1379 τα“
1579 1336 1678 1379 eino*

1018 1391 1227 1441 τούτου,
1258 1397 1280 1432 i.
1308 1410 1339 1433 e.
1364 1410 1452 1447 quae
1468 1397 1511 1433 ab
1534 1397 1594 1433 hoc
1613 1396 1678 1445 (sc.

1017 1452 1278 1501 Psamminito)
1349 1454 1678 1504 proficiscebantur,

1018 1522 1108 1558 quae
1128 1509 1171 1545 ab
1202 1509 1264 1545 hoc
1282 1509 1380 1546 (licta
1401 1513 1523 1547 erant!
1558 1510 1678 1548 Nobis

1017 1566 1137 1614 placet
1162 1566 1342 1615 apodosiu
1371 1568 1528 1604 exordiri
1554 1579 1576 1603 a
1598 1579 1679 1604 ver-

1017 1622 1075 1658 bis
1109 1620 1161 1667 ὥς
1196 1618 1238 1659 δὲ
1266 1620 1416 1672 λέγεται
1445 1638 1481 1660 κ.
1510 1637 1541 1660 τ.
1570 1625 1626 1671 λ.,
1656 1634 1679 1659 a

1016 1678 1147 1726 quibus
1170 1679 1258 1728 ipsis
1289 1678 1458 1716 infinitivi
1483 1683 1678 1728 sequentes

1017 1730 1204 1784 δακρύειν
1240 1749 1274 1773 κ.
1304 1749 1335 1773 τ.
1369 1737 1400 1773 λ.
1439 1737 1603 1786 pendent
1635 1734 1679 1773 ea

1016 1791 1219 1838 structura,
1249 1804 1359 1840 quam
1381 1793 1428 1829 ad
1450 1793 1478 1838 Ι,
1503 1794 1556 1834 58
1591 1791 1677 1828 atti-

1015 1848 1156 1895 gimus,
1185 1848 1232 1883 ad
1255 1848 1443 1896 protasia,
1473 1861 1582 1897 quam
1606 1861 1677 1897 ego

1014 1903 1100 1939 mihi
1138 1904 1316 1939 constituo
1358 1917 1378 1941 e
1416 1904 1559 1942 verbis:
1609 1902 1677 1942 καὶ

1015 1961 1138 1997 ταῦτα
1162 1957 1274 2004 ὥς-
1292 1959 1491 2010 εἰρῆσθαι,
1511 1961 1566 1998 vel
1578 1961 1676 1999 idem

1014 2016 1163 2052 verbum
1183 2014 1330 2066 λέγεται
1354 2017 1598 2067 supplendum
1619 2016 1677 2055 vel

1014 2072 1209 2109 infinitivus
1227 2073 1459 2122 explicandus
1478 2075 1676 2111 secundum

1016 2141 1096 2165 eam
1127 2129 1331 2176 rationem,
1361 2130 1407 2167 de
1441 2143 1514 2179 qua
1540 2130 1673 2167 Matth.

1016 2184 1082 2222 Gr.
1105 2186 1170 2221 (ir.
1194 2183 1228 2235 ᾗ
1245 2186 1338 2226 538.
1400 2185 1525 2235 ltaque
1546 2188 1576 2223 is
1598 2187 1675 2224 fere

1014 2242 1082 2277 loci
1113 2254 1239 2278 sensus
1272 2255 1352 2279 esse
1380 2242 1539 2280 videtur:
1589 2242 1674 2279 Cum

1013 2297 1110 2345 leaeo,
1141 2297 1255 2333 reluta
1281 2311 1303 2334 a
1323 2301 1445 2334 nuntio
1474 2299 1522 2335 ml
1548 2311 1674 2347 regem,

1013 2354 1092 2390 bene
1112 2356 1174 2390 isti
1185 2354 1283 2390 «licta
1296 2354 1504 2403 viderentur,
1515 2355 1672 2402 Croesus,

1011 2413 1051 2446 ut
1068 2411 1239 2459 Aegyptii
1251 2411 1385 2459 quidem
1396 2411 1534 2460 ferunt,
1552 2412 1670 2462 lacry-

1011 2478 1084 2503 mas
1109 2466 1214 2516 fudit
1240 2472 1306 2503 etc.
1381 2467 1579 2514 Matthiae,
1611 2469 1672 2517 qui

1015 2524 1143 2560 eodem
1175 2524 1250 2560 sere
1277 2524 1387 2559 modo
1419 2523 1536 2561 locum
1560 2525 1671 2562 inter-

1010 2579 1191 2629 pretando
1215 2580 1420 2626 constituit,
1453 2580 1521 2617 hoc
1548 2585 1671 2618 tamen

1011 2636 1154 2681 adiicit,
1187 2648 1232 2672 ne
1259 2636 1309 2673 sic
1331 2636 1479 2684 quidem
1509 2642 1673 2674 constru-

1012 2692 1169 2729 ctionem
1204 2696 1301 2729 recte
1331 2693 1550 2742 procedere,
1593 2706 1672 2731 cum

1011 2749 1123 2786 verba
1140 2743 1326 2798 δακρύειν
1347 2746 1418 2799 μὲν
1442 2752 1616 2801 Κροῖσον
1636 2765 1671 2788 κ.

1013 2819 1045 2842 τ.
1069 2807 1101 2844 λ.
1130 2805 1299 2856 opposita
1330 2806 1522 2844 videantur
1552 2807 1673 2846 verbis
