1863 3256
547 242 893 288 THALIA.
952 241 1016 281 111.

1334 243 1415 282 101
1450 233 1454 237 ’

146 375 255 408 τοισι
288 367 401 407 τοῖσι
437 356 712 412 ἀνθρώποισι
751 354 799 398 τό
839 350 1046 397 ἑωθινόν
1097 348 1176 401 ου’,
1221 349 1446 403 starcia-5295

146 441 259 478 τοῖσι
290 434 481 482 ἄλλοισι,
510 429 800 487 μεσαμβρίης·
843 423 938 468 ἀλλ’
968 422 1242 477 ὑπερτείλας,
1274 419 1421 476 μέχρις

117 503 206 552 3οὗ
239 505 400 561 ἄγορῆς
439 501 677 551 διαλύσιος.
736 501 898 542 τοῦτον
932 495 978 539 δὲ
1008 493 1085 537 τὸν
1114 493 1275 549 χρόνον
1308 493 1421 535 καίει

143 581 290 633 πολλῷ
324 579 488 630 μᾶλλον
517 573 546 629 ἢ
575 576 627 630 τῇ
658 570 902 627 μεσαμβρίῃ
930 566 1010 622 τήν
1035 564 1239 615 Ἑλλάδα,
1279 563 1421 614 οὕτως

145 646 248 692 ὥστ’
281 646 326 689 ἓν
355 645 482 688 ὕδατι
522 643 652 700 λόγος
690 639 852 691 αὐτούς
894 640 982 683 ἐστι
1028 637 1261 693 βρέχεσθαι
1305 652 1421 691 τηνι-

116 721 297 763 4καῦτα.
356 720 550 772 μεσοῦσα
597 716 642 760 δὲ
684 713 709 772 ἡ
749 712 887 770 ἡμέρη
927 709 1080 767 σχεδὸν
1109 710 1420 765 παραπλησίως
1437 715 1478 746 10

90 924 194 963 quam
217 910 444 947 altitudinem
464 911 502 945 in
526 909 615 946 coelo
632 920 753 959 perve-

88 972 153 1016 uit>
183 981 292 1018 usque
316 968 398 1004 (lum
418 970 552 1017 tempus
569 970 619 1004 est
637 980 657 1002 α
671 965 754 1016 foro

91 1026 306 1072 discedendi,
340 1039 368 1062 s.
388 1038 496 1074 usqne
522 1037 643 1060 vem-ns
665 1024 754 1059 diem

88 1083 240 1121 medium
266 1084 364 1130 (cum
386 1082 479 1118 circa
500 1081 754 1117 duodecimam

90 1141 203 1177 ferme
229 1139 355 1175 horam
386 1152 406 1175 e
433 1143 561 1174 nostra
592 1138 664 1174 diei
696 1138 752 1173 di-

91 1196 264 1234 metiendi
287 1197 429 1232 ratione
450 1208 470 1231 a
491 1195 570 1230 soro
589 1194 755 1230 discede-

90 1252 203 1302 rent).
263 1252 318 1288 lta
347 1255 446 1288 recte
474 1251 507 1287 h.
530 1251 552 1287 l.
583 1250 755 1287 intellexit

59 1309 62 1316 ‘
91 1309 320 1357 Schweigh.,
366 1306 598 1357 ὑπερτείλας
636 1314 754 1356 eoque

91 1371 206 1416 atque
245 1361 452 1410 α’νατείλας
484 1365 596 1415 (teste
632 1364 755 1413 Hesy-

91 1423 191 1472 chio)
221 1423 267 1460 de
297 1422 365 1459 sule
397 1423 529 1459 oriente
561 1421 754 1471 accipiens.

90 1479 171 1518 Nec
207 1479 310 1516 aliter
349 1480 518 1516 Bredow.
549 1479 688 1527 Geogr.
720 1481 757 1514 et

90 1536 293 1585 Uranolog.
319 1537 458 1573 Herod.
487 1549 585 1586 spec.
613 1549 649 1585 p.
671 1533 757 1571 VllI

91 1593 126 1630 h.
139 1594 160 1630 l.
171 1593 482 1643 interpretatussin
496 1606 567 1641 quo
579 1590 757 1640 ὑπερτεί-

92 1652 162 1695 λας
174 1650 355 1687 reddidit:
382 1663 417 1685 eo
439 1663 544 1699 usque
560 1651 673 1699 capiti
693 1652 758 1686 ιἰη-

93 1708 228 1743 minens
244 1706 303 1742 sol.
327 1706 384 1743 De
397 1707 473 1744 sole
486 1708 612 1743 Indico
628 1707 757 1744 eudem

93 1765 209 1805 ferme
224 1763 367 1800 Ctesias
380 1763 465 1799 Exc.
485 1763 589 1799 Indd.
610 1762 646 1813 ᾗ.
660 1766 684 1803 8
701 1763 758 1799 fin.

153 1817 285 1870 μέχρις
305 1813 353 1858 οὗ
367 1814 516 1870 εἷγορῆς
538 1816 757 1869 διαλύσιος]

94 1876 153 1915 De
172 1889 282 1913 sensu
311 1876 503 1913 locutionis
525 1878 681 1913 diximus
711 1877 759 1914 ad

94 1933 142 1979 Π,
169 1935 258 1973 173.
300 1933 358 1970 De
382 1934 556 1982 genitivu,
580 1935 640 1983 qui
665 1934 759 1971 exci—

93 1991 150 2040 pit
189 1989 384 2040 particulas
422 1988 554 2040 μέχρις
596 1984 646 2029 οὗ
686 1990 758 2028 vid.

95 2046 297 2084 Hermann.
328 2047 374 2084 ad
409 2047 534 2096 Viger.
566 2060 652 2097 pag.
676 2049 757 2088 788

98 2107 134 2141 et
153 2102 284 2140 Mataeh.
305 2104 370 2140 Gr.
392 2105 458 2141 Gr.
479 2117 563 2154 pag,
579 2106 672 2145 898.
707 2104 758 2141 Ac

96 2164 222 2197 monet
242 2161 374 2197 Struve
387 2161 521 2211 Spec.l
544 2162 694 2205 Quaest.
714 2161 761 2199 de

97 2216 182 2253 dial.
208 2217 347 2253 Herod.
371 2217 383 2253 l
403 2231 439 2268 p.
459 2217 513 2258 44
533 2218 760 2254 Herodotum

97 2273 134 2309 in
173 2273 226 2310 his
243 2286 386 2324 semper
417 2268 466 2312 οὗ
493 2275 665 2321 scribere,
695 2288 762 2313 nec

98 2343 259 2378 unquam
293 2343 336 2367 eu
373 2331 423 2367 uti
453 2332 570 2367 surina
608 2331 762 2379 relativi,

104 2399 198 2435 quae
220 2400 240 2423 a
260 2389 473 2424 consonanti
499 2388 657 2437 incipiat.

158 2439 285 2490 οὕτως
314 2439 409 2482 ὥστ’
439 2443 480 2483 ἐν
505 2442 621 2483 ὕδατι
646 2440 762 2496 λόγος

101 2494 248 2546 αὐτούς
262 2500 339 2539 ἐστι
362 2499 587 2551 βρέχεσθαι]
602 2501 763 2539 Verbum

103 2553 316 2605 βρέχεσθαι
354 2557 458 2596 Valla
496 2558 676 2595 reddidit:
725 2560 764 2595 in

103 2623 198 2659 aqua
219 2627 252 2649 se
271 2615 422 2661 abluere,
442 2615 646 2663 Schweigh.
665 2614 764 2665 aqud

102 2668 262 2713 madere3
293 2672 392 2719 quod
420 2672 451 2708 si
485 2672 530 2709 de
559 2672 684 2708 sudore
707 2685 766 2709 ve-

104 2724 252 2761 hementi
260 2728 467 2777 accipiatur,
481 2741 622 2774 vereor,
645 2733 683 2765 ut
697 2729 766 2767 hoc

105 2781 285 2818 Graccum
295 2784 352 2820 sit.
372 2783 575 2822 Larcberus
593 2784 705 2824 libere
716 2787 767 2823 sic

103 2837 280 2886 expressit
329 2839 440 2877 haee:
485 2842 684 2891 „pendant
724 2856 766 2881 ce

103 2897 223 2945 temps
241 2913 286 2922 —-
313 2893 348 2933 la
364 2895 407 2932 ils
427 2908 467 2935 se
485 2897 653 2937 tiennent
672 2899 766 2937 dans

811 907 951 952 l'eau;“
970 906 1076 952 Miot,
1091 906 1312 952 adsensum,
1332 905 1474 955 opinor,

810 965 962 1001 rectius:
993 977 1097 1012 „que
1125 963 1175 1000 les
1203 963 1350 999 ludiens
1379 968 1474 1009 sont,

812 1022 969 1067 dit-on,
1001 1020 1139 1070 obliges
1163 1021 1209 1057 (le
1248 1034 1282 1055 se
1313 1020 1406 1067 jeter
1433 1019 1475 1055 tle

812 1079 905 1115 ἰέαιι
932 1090 1021 1127 pour
1049 1091 1082 1114 se
1104 1077 1340 1127 *refluicla'rf‘
1401 1077 1475 1113 lta-
1513 1068 1517 1073 ⁴

811 1136 864 1172 lus
899 1136 1098 1184 interpres:
1125 1155 1181 1161 —
1208 1138 1383 1179 „costoro
1410 1133 1477 1169 ba-

811 1193 940 1241 gnansi
963 1191 1044 1228 n‹·ll’
1065 1192 1220 1240 acqua.“
1265 1190 1396 1240 Lange
1415 1190 1479 1226 de-

812 1250 922 1298 nique
953 1249 1005 1284 ita
1036 1247 1155 1285 locum
1189 1250 1317 1285 vertit:
1366 1247 1478 1295 „also

814 1307 901 1342 dass
924 1306 983 1342 die
1004 1305 1144 1351 Lente,
1174 1305 1243 1343 wie
1273 1317 1357 1341 man
1384 1309 1481 1352 sagt,

813 1362 968 1400 alsdann
1004 1362 1079 1399 sich
1114 1363 1162 1399 im
1200 1362 1354 1400 lVasser
1394 1374 1481 1398 nass

813 1419 1006 1458 machcnf‘

872 1479 1047 1526 μεσοῦσα
1067 1472 1115 1515 δὲ
1135 1473 1163 1526 ἦ
1182 1473 1310 1526 ἡμέρη
1333 1490 1368 1513 κ.
1385 1490 1416 1514 τ.
1431 1473 1479 1525 λ.]

816 1532 866 1572 δέ
884 1547 950 1584 pro
973 1529 1023 1583 δή
1043 1546 1123 1571 cum
1143 1539 1296 1571 recentt.
1317 1533 1403 1570 edd.
1423 1545 1482 1570 re·

814 1592 932 1641 posui.
994 1591 1060 1628 Est
1092 1591 1185 1627 enim
1225 1590 1293 1627 loci
1337 1603 1481 1638 sensus,

815 1649 1014 1698 interprete
1065 1647 1261 1685 Bredowio
1299 1647 1320 1684 l.
1365 1646 1386 1684 l.
1440 1650 1479 1683 et

815 1705 1024 1753 Schweigh.
1066 1706 1265 1751 „meridies
1305 1717 1392 1741 vero
1431 1699 1482 1754 (S.

816 1763 967 1801 meridie
986 1776 1071 1800 vero
1093 1762 1165 1807 sol)
1184 1762 1295 1798 Indos
1318 1763 1394 1798 sere
1411 1761 1483 1796 urit

816 1832 1002 1869 peraeque
1015 1824 1125 1868 atque
1144 1818 1481 1856 ceterosliomines:

819 1877 1023 1914 declinante
1051 1877 1201 1913 meridie
1219 1875 1302 1912 talis
1332 1880 1390 1912 est
1411 1874 1482 1910 illic

818 1934 892 1979 sol,
933 1933 1049 1982 qualis
1081 1933 1166 1970 alibi
1203 1932 1403 1969 matutinus
1431 1928 1482 1983 (s.

817 1992 995 2028 matutino
1015 1996 1194 2039 tempore,
1215 1990 1352 2037 mane),
1372 1992 1409 2026 et
1425 2001 1483 2025 re-

816 2047 952 2097 liquum
965 2047 1053 2085 coeli
1065 2047 1221 2097 spatium
1233 2047 1317 2083 dein
1334 2058 1484 2096 percur-

816 2118 899 2141 rens
911 2105 1027 2153 magis
1047 2105 1236 2153 magisque
1255 2104 1375 2152 friget,
1397 2103 1485 2138 dum

819 2162 866 2198 ad
894 2175 1059 2198 occasum
1085 2160 1301 2211 perveniens
1328 2159 1486 2196 maxime

818 2219 970 2266 friget.“
1001 2214 1323 2267 οἷποκλιναμένης
1343 2216 1486 2265 reliqui,

819 2289 1056 2325 quamquam,
1079 2275 1180 2324 quod
1192 2274 1376 2311 Sancrosti
1395 2273 1486 2310 liber

820 2333 950 2370 offert:
995 2328 1336 2378 ἄποκλινομένης,
1382 2329 1488 2366 valde

819 2390 966 2426 arridet.
1015 2390 1098 2426 Vid.
1124 2389 1219 2424 iufra
1244 2387 1306 2434 lll,
1337 2384 1417 2427 114
1452 2389 1491 2423 et

820 2446 882 2493 IV,
905 2447 1006 2491 181,
1035 2458 1108 2494 quo
1133 2444 1212 2481 loco
1235 2445 1312 2481 sine
1342 2442 1413 2480 ulla
1437 2441 1490 2480 le-

821 2503 948 2540 ctionis
961 2503 1139 2540 varietate
1156 2496 1487 2550 ἄποκλινομένης.

824 2581 871 2588 --
909 2557 972 2598 ἐπὶ
1005 2561 1176 2610 μᾶλλον,
1214 2558 1257 2605 (ἰ.
1289 2571 1320 2595 e.
1351 2557 1488 2605 magis)

820 2617 940 2666 recepi
969 2630 1048 2653 cum
1072 2615 1276 2664 Schweigh.
1305 2619 1341 2652 et
1368 2613 1485 2650 Gaisf.

823 2686 889 2722 pro
911 2673 1006 2722 vulg.
1035 2671 1104 2711 ἔτι
1127 2674 1291 2723 μᾶλλον,
1322 2671 1422 2720 quod
1448 2669 1485 2705 in

823 2729 954 2767 Matth.
1002 2730 1088 2767 edit.
1134 2729 1254 2766 adhuc
1292 2727 1483 2764 invenitur.

822 2787 883 2824 Tu
911 2786 984 2823 vid.
1007 2786 1079 2833 IV,
1106 2788 1198 2827 181.
1228 2785 1257 2830 l,
1277 2783 1331 2825 94
1362 2783 1485 2829 ibique

822 2846 917 2881 nott.
940 2846 975 2880 et
999 2855 1094 2892 quae
1118 2842 1152 2879 h.
1174 2842 1196 2878 1.
1217 2839 1370 2878 wessel.
1389 2841 1486 2874 attu-

823 2899 876 2938 lit.
905 2898 1066 2949 Diogen.
1090 2897 1215 2936 Laert.
1236 2896 1266 2944 1,
1291 2897 1383 2936 122-
1412 2891 1484 2930 1)ῑο
