1863 3256
456 128 539 168 332
851 126 1322 165 HERODOTI

329 241 395 285 28
451 236 500 278 ἓν
520 236 724 278 καλέουσι
745 233 938 285 Σκύθαι,
965 238 1078 277 σποῦ
1097 234 1142 278 δὲ
1165 235 1242 278 τὸν
1264 232 1509 290 ὀφθαλμόν.
1540 234 1717 288 Δυσχεί-

124 306 400 375 ἓζξξξζιωοᾚζὶξζ
458 320 590 361 μερος
630 305 674 348 δὲ
715 304 823 361 αὕτη
863 303 888 359 ἡ
930 308 1243 360 καταλεχθεῖσα
1284 308 1402 348 πᾶσα
1443 303 1561 361 χώρη
1602 303 1718 348 οὕτω

400 459 552 501 ctorum,
574 456 635 503 qui
655 455 690 490 in
716 455 752 490 in
774 453 922 490 sedibus
941 455 1062 503 gentis

401 511 658 560 investigandis
676 510 925 556 desudarunt,
961 524 1061 547 com-

400 573 533 605 menta.
581 567 679 601 Inter
709 577 800 613 quos
818 565 875 603 De
894 566 1061 614 Guignes

400 624 532 671 (Mem.
544 622 589 658 de
599 620 736 658 l’Acad.
751 622 786 658 d.
802 621 909 658 lnscr.
922 623 1061 658 XXXV

399 693 436 730 p.
458 679 585 725 562),
622 681 664 713 ut
690 677 776 714 inde
803 679 947 721 ordiar,
975 679 1060 715 Ari-

398 748 532 783 maspos
552 734 766 770 Sinensibus
792 733 867 770 vult
889 735 1058 782 cognitos

396 792 508 827 fuisse
541 790 606 826 sub
635 790 782 827 nomine
810 790 1058 838 Hz'ong-nou‚

395 847 459 895 qui
480 859 501 882 a
528 846 779 895 septentrione
800 846 912 883 Sinae
938 847 1060 883 orien-

396 901 477 939 talis
498 902 693 938 habitarint
724 902 811 939 inde
832 914 854 938 a
877 902 985 938 fluvio
1006 902 1058 939 Ir-

396 959 489 995 tisch
508 957 783 994 Calmuccorum
814 958 850 994 in
879 961 975 995 terra
998 971 1060 995 us-

395 1028 467 1063 qne
489 1015 535 1050 ad
558 1014 649 1051 fines
671 1014 706 1051 T
710 1014 868 1052 artariae
897 1015 1058 1051 orienta-

393 1070 468 1116 les,
501 1071 599 1107 unde
622 1071 782 1108 secundo
807 1075 892 1107 ante
915 1070 1002 1107 Chr.
1023 1083 1058 1107 n.

393 1126 539 1164 saeculo
570 1127 606 1162 in
638 1132 754 1163 terras
785 1127 968 1177 proximas
1001 1128 1057 1163 in·-

393 1184 578 1220 cursiones
598 1183 762 1230 fecerint,
792 1184 985 1234 ipsamque
998 1183 1057 1219 Si-

392 1251 479 1276 nam
503 1243 641 1277 terrore
662 1239 908 1289 impleverint.
969 1239 1053 1282 Quo

391 1295 448 1333 vel
476 1296 592 1344 magis
621 1308 642 1332 a
663 1308 751 1332 vero
772 1296 962 1333 aberrasse
985 1308 1053 1344 pu-

391 1352 524 1389 tandus
549 1357 602 1388 est
622 1352 815 1389 Reichard.
836 1352 857 1389 l.
882 1352 904 1388 l.
927 1365 964 1402 p.
989 1356 1052 1398 17,

393 1408 456 1457 qui
477 1408 744 1457 Arinmsporum
769 1421 902 1446 nomen
938 1408 1056 1444 adhuc

395 1464 529 1501 servari
549 1466 738 1501 contendit
757 1465 793 1501 in
813 1464 1056 1515 oppidoAra-

392 1520 580 1557 mascltews
600 1520 685 1556 lcaz'a
704 1521 871 1569 gubernii
884 1521 1056 1558 Permen-

370 1584 373 1587 ’
394 1576 453 1613 sis.
483 1575 638 1614 Bennel.
657 1590 741 1626 pag.
763 1576 843 1617 437
864 1577 957 1613 circa
973 1576 1056 1613 ludi

392 1633 512 1670 fontes
551 1630 611 1669 ad
637 1639 800 1669 montem
831 1632 944 1679 Altai,
992 1633 1055 1682 qui

393 1689 473 1740 ipse
505 1689 551 1726 ab
584 1689 662 1726 auri
687 1690 792 1740 copia
813 1690 967 1727 traxerit
988 1702 1055 1725 no-

394 1757 490 1791 men,
522 1758 599 1782 cum
618 1745 707 1783 Alta
728 1746 828 1795 apud
840 1745 1054 1783 Calmuccos

394 1801 666 1851 Mongolosque
717 1802 870 1839 denotet
913 1815 1053 1848 aurum,

395 1863 526 1908 gentes
587 1858 771 1896 habitasse
839 1859 1054 1909 suspicatur,

393 1927 546 1964 quarum
586 1927 720 1952 nomen
759 1927 840 1951 cum
886 1915 1056 1952 indicarit

392 1971 577 2017 unoculos,
619 1971 831 2021 Arimaspos
852 1971 937 2009 inde
957 1972 1054 2020 Gry-

391 2028 560 2078 phosque
587 2028 760 2064 confictos
794 2040 874 2065 esse
897 2028 1054 2064 arbitra-

394 2089 464 2121 tur.
507 2084 565 2120 Ad
584 2097 693 2133 quam
712 2085 928 2121 sententiam
949 2097 1053 2121 acce-

394 2141 506 2186 dunt,
538 2152 632 2189 quae
651 2141 697 2178 de
716 2140 916 2190 Arimaspis
937 2153 1053 2191 nuper

395 2196 566 2233 disseruit
586 2197 752 2234 Viilcker.
772 2197 889 2247 Myth.
913 2197 1051 2246 Geogr.

393 2252 409 2287 1
428 2265 513 2301 pag.
540 2254 617 2293 193
636 2266 713 2302 seq.
751 2253 868 2290 Aliam
890 2253 1052 2304 appella-

393 2308 501 2344 tionis
566 2322 710 2346 causam
774 2310 1052 2346 comminiscitur

396 2364 515 2401 Wahl.
537 2364 701 2413 (Ostind.
726 2378 811 2414 pag.
831 2364 955 2413 490),
991 2366 1053 2415 qui

396 2418 608 2470 Arimaspos
630 2434 739 2471 supra
754 2421 965 2458 Essedones
979 2421 1053 2459 col-

395 2476 490 2514 locat
525 2477 641 2526 iisque
672 2479 854 2527 proximos
892 2478 1052 2515 tenuisse

394 2533 522 2570 statuit
541 2533 791 2571 meridionalcs
807 2534 937 2570 montis
955 2533 1050 2570 Altai

394 2593 544 2627 tractus.
603 2589 697 2627 Nam
735 2595 884 2638 gentem
922 2603 1051 2627 noma-

394 2646 513 2683 dicam
536 2646 621 2683 inde
639 2646 825 2683 unat-ulam
854 2646 923 2683 dici
954 2647 1051 2684 arbi-

395 2706 532 2749 tratur,
571 2703 670 2752 quod
695 2708 822 2740 contra
847 2703 962 2751 frigus
986 2715 1047 2739 ca-

392 2759 476 2810 pitis
501 2760 664 2809 tegmine
687 2772 752 2797 usa
774 2760 821 2796 sit
838 2759 918 2807 tali,
949 2760 1049 2809 quod

1120 467 1192 491 uno
1230 460 1368 493 tantum
1412 455 1591 492 foramine
1628 453 1776 490 videndi

1119 524 1229 548 causa
1268 513 1375 550 suerit
1415 512 1649 557 instructum,
1701 511 1776 546 sive

1119 569 1217 616 quod
1248 580 1392 605 arcuum
1421 567 1690 605 tractandorum
1710 578 1776 616 pe-

1118 624 1288 660 ritissima
1312 637 1403 673 gens
1432 625 1468 660 in
1496 623 1706 669 iaculando,
1737 625 1777 658 ut

1118 679 1179 726 fit,
1210 693 1320 717 unum
1341 679 1483 717 oculum
1508 679 1699 716 occludere
1716 691 1776 714 so-

1116 735 1178 772 lita
1215 737 1272 772 sit.
1329 735 1383 773 Ac
1419 737 1577 784 denique
1610 736 1775 773 Ritterus

1118 791 1306 839 (Vorhalle
1334 804 1418 841 pag.
1451 794 1533 833 282
1564 804 1640 840 seq.
1672 790 1774 838 305)

1116 846 1349 897 Arimaspos,
1390 848 1602 893 IssedoneS,
1632 847 1775 884 Massa-

1116 907 1222 951 getas
1254 904 1302 940 ad
1332 902 1605 940 meridionalem
1630 903 1701 938 Oxi
1727 903 1775 938 ri-

1115 971 1200 1009 pam
1234 959 1271 995 in
1305 960 1457 1008 antiqua
1491 958 1639 996 Bactria
1672 958 1776 995 habi-

1114 1020 1212 1053 tasse
1243 1028 1407 1066 ponens,
1448 1015 1547 1064 ipsos
1573 1015 1774 1065 Arimaspos

1113 1084 1180 1122 pro
1210 1084 1283 1108 una
1308 1072 1404 1109 tribu
1430 1071 1626 1108 Medorum
1648 1071 1774 1108 Cadu-

1114 1128 1295 1164 siorumve
1331 1126 1442 1164 nobili
1474 1127 1609 1174 habet,
1654 1140 1771 1177 eaque

1113 1184 1262 1230 bellica,
1312 1197 1392 1220 cum
1432 1183 1622 1221 Issedones
1662 1188 1773 1233 atque

1112 1240 1346 1290 Hyperborei
1368 1239 1476 1290 plane
1501 1240 1634 1277 diversi
1655 1240 1773 1290 pacis-

1112 1309 1184 1345 que
1203 1301 1239 1333 et
1261 1297 1392 1332 artium
1413 1297 1512 1346 pacis
1535 1296 1773 1333 amantissimi

1111 1353 1267 1398 suerint3
1289 1353 1448 1401 indeque
1465 1353 1572 1389 etiam
1593 1365 1655 1389 eos
1674 1365 1774 1389 com-

1111 1410 1217 1459 ponit
1251 1422 1328 1446 eum
1355 1408 1535 1458 Maspz'is,
1573 1409 1619 1447 de
1642 1409 1772 1459 quibus

1110 1464 1251 1503 Noster
1273 1465 1303 1511 Ι,
1329 1465 1419 1506 125.

1291 1521 1397 1571 Cap.
1427 1519 1594 1557 XXYllI.

1169 1576 1434 1627 Λυσχείμερος
1455 1573 1497 1615 δὲ
1515 1572 1615 1626 αὕτη
1634 1590 1668 1614 κ.
1679 1591 1710 1614 τ.
1723 1573 1771 1625 λ.]

1115 1634 1219 1678 Quae
1251 1634 1464 1671 Herodotus
1494 1634 1541 1670 de
1573 1633 1682 1669 nimio
1711 1633 1774 1669 sri-

1113 1703 1203 1739 gore
1221 1690 1318 1727 hisce
1341 1691 1377 1726 in
1398 1689 1607 1739 regionibus
1620 1689 1772 1739 perscri-

1112 1747 1187 1794 bit,
1218 1759 1261 1784 ea
1285 1747 1432 1783 modum
1459 1746 1563 1782 nimis
1594 1746 1772 1783 excedere

1112 1802 1187 1840 vult
1205 1802 1357 1841 Rennel.
1380 1815 1467 1854 pag.
1496 1801 1601 1848 443,
1641 1814 1770 1852 parum

1111 1859 1168 1897 ille
1187 1872 1325 1896 memor
1346 1871 1493 1904 eorum,
1538 1871 1631 1907 quae
1649 1858 1770 1895 Hero-

1111 1916 1230 1953 doteis
1254 1915 1451 1952 consimilia
1473 1915 1622 1951 tradunt
1635 1914 1769 1951 Strabo

1110 1972 1192 2016 Vll,
1208 1973 1233 2012 3
1252 1985 1288 2022 p.
1311 1974 1392 2012 307
1414 1985 1440 2008 s,
1460 1971 1542 2012 472
1563 1970 1605 2009 A.
1621 1999 1632 2017 ,
1659 1975 1769 2019 atque

1111 2029 1264 2065 Ovidius
1284 2030 1319 2065 in
1329 2028 1439 2065 Ponti
1457 2028 1586 2064 Euxini
1606 2026 1669 2064 ora
1689 2027 1770 2063 diu-

1109 2086 1179 2121 tius
1196 2090 1447 2122 commoratus.
1477 2084 1535 2120 Ex
1551 2084 1659 2121 Pont.
1681 2083 1709 2130 I,
1727 2084 1768 2129 3,

1109 2143 1174 2181 37.
1214 2142 1278 2188 111,
1302 2145 1338 2187 1,
1363 2142 1425 2182 15.
1464 2141 1526 2187 IV,
1548 2144 1586 2188 9,
1613 2139 1667 2181 84
1688 2151 1766 2188 seq.

1109 2202 1176 2234 etc.
1228 2198 1442 2248 Hippocrat.
1473 2197 1532 2234 De
1556 2209 1629 2234 aer.
1651 2209 1707 2245 aq.
1731 2199 1768 2232 et

1108 2254 1194 2291 loce.
1222 2252 1259 2304 ὃ.
1282 2256 1356 2301 96,
1395 2254 1455 2290 ubi
1477 2254 1569 2290 adeo
1601 2253 1691 2289 haec
1715 2250 1767 2288 le-

1108 2315 1243 2359 guntur
1275 2311 1321 2347 de
1349 2309 1517 2358 Scythia:
1556 2331 1642 2354 ,‚-
1668 2303 1765 2345 ὥστε

1108 2363 1178 2404 τόν
1199 2363 1271 2416 μὲν
1291 2368 1465 2416 χειμῶνα
1486 2364 1563 2402 αἰεὶ
1584 2361 1698 2409 εἶναι,
1719 2360 1763 2402 τό

1109 2419 1152 2460 δὲ
1184 2420 1304 2472 θέρος
1343 2418 1473 2473 ὀλίγας
1510 2419 1659 2471 ἡμέρας
1697 2418 1765 2458 καὶ

1107 2473 1252 2524 ταύτας
1291 2474 1345 2528 μή
1383 2478 1523 2527 λίην.“
1582 2478 1635 2514 Ac
1666 2480 1766 2514 recte

1107 2547 1256 2571 monere
1279 2535 1420 2571 videtur
1444 2534 1600 2571 Heeren.
1624 2533 1652 2579 l,
1681 2535 1706 2573 2
1727 2546 1764 2583 p.

1108 2593 1188 2632 297
1211 2591 1410 2639 antiquitus
1437 2591 1551 2627 maius
1572 2590 1686 2628 videri
1706 2590 1764 2626 su-

1106 2647 1177 2684 isse
1204 2648 1240 2684 in
1270 2647 1322 2683 his
1351 2647 1559 2696 regionibus
1583 2660 1649 2697 per
1675 2645 1764 2694 hye-

1106 2716 1200 2741 mem
1221 2705 1356 2753 srigus‚
1394 2716 1502 2753 quam
1535 2703 1654 2741 adhuc
1683 2714 1763 2740 esse

1107 2761 1257 2806 dicitur,
1295 2765 1335 2797 ut
1361 2759 1513 2811 pellibus
1539 2772 1627 2798 sane
1647 2759 1762 2798 maxi·
