1863 3256
222 397 323 442 104

48 458 116 486 Diei
129 462 253 501 tempus-
262 461 325 489 ido-

48 501 137 521 neum
188 502 324 529 rapinae,

49 535 107 560 quo
135 527 178 554 sol
207 528 327 555 ferven-

49 561 199 588 tissimus:
248 562 326 595 quod

49 595 226 622 matutinum
254 596 325 624 illic.

386 218 469 261 19⁰

771 219 1237 261 HERODOTI

383 344 495 372 νατοε
523 327 719 384 τέσσερα·
768 328 822 373 τὰ
850 328 896 372 δὲ
927 330 1073 373 αἰδοῖα
1104 328 1176 373 διοέ
1203 332 1290 373 τῶν
1320 327 1540 374 ὀπισθίων
1566 343 1654 376 σκε-

382 398 493 442 λέων
523 399 634 454 πρὸς
665 399 745 455 τήν
776 398 914 455 οὐρὴν
944 400 1223 456 τετραμμένα.

1285 401 1338 443 oc
1368 400 1413 444 δὲ
1443 401 1496 458 δή
1524 402 1655 446 Ἰνδοὶ

381 468 529 527 τρόπῳ
561 470 747 529 τοιούτῳ
778 471 850 513 καὶ
882 469 1015 522 ζεύξει
1043 471 1222 528 τοιαύτῃ
1244 471 1502 526 χρεώμενοι,
1533 472 1682 517 ἐλαύ-1

383 554 513 584 νουσι
544 541 610 584 ἐπὶ
641 541 719 585 τὸν
749 540 934 597 χρυσὸν,
985 542 1296 597 λελογισμένως
1326 542 1438 593 ὅκως
1466 543 1521 586 ἂν
1550 561 1654 588 καυ-

384 611 532 668 μάτων
571 616 659 655 τῶν
702 609 985 666 θερμοτάτων
1027 611 1188 656 ἐόντων
1222 613 1392 657 ἔσονται
1423 615 1468 658 ἐν
1496 619 1547 672 τῇ
1578 616 1655 671 ἁρ-

385 687 526 740 παγῇ·
563 681 650 726 ὑπὸ
681 683 766 739 γάρ
795 686 875 726 τοῦ
903 680 1126 737 καύματος
1156 685 1199 727 οἱ
1225 683 1448 741 μύρμηκες
1468 684 1655 741 ἀφανέες

355 756 587 811 Ξγίνονται
609 751 697 798 ὑπὸ
719 757 813 809 γῆν.
860 752 1127 809 θερμότατος
1157 755 1203 798 δέ
1233 754 1322 799 ἐστι
1350 754 1373 799 ὁ
1404 755 1525 813 ἥλιος
1555 756 1655 802 τού-

327 931 461 981 femora
489 931 612 968 reddit
643 930 698 967 his
724 930 863 968 verbis:
904 942 991 976 „ar-

328 988 455 1026 ticulos
476 991 631 1036 quatuor
656 1001 734 1024 cum
760 988 912 1024 totidem
932 999 992 1023 os-

329 1045 428 1081 sibus
446 1044 660 1081 interiectis:
690 1057 755 1094 per
776 1057 840 1081 eos
859 1043 992 1080 articu-

328 1101 395 1147 los,
428 1112 519 1149 quos
541 1102 577 1137 in
605 1101 742 1138 femore
763 1100 872 1138 habet
894 1100 990 1136 solus

328 1157 506 1202 camelus,
536 1157 694 1193 medium
715 1158 831 1193 femur
856 1157 904 1193 illi
925 1158 991 1193 sse·

329 1214 475 1250 ctitur.“
509 1213 714 1262 Schweigh.
739 1214 774 1249 in
796 1213 884 1250 Lex.
914 1213 991 1249 He-

284 1294 288 1298 ·
327 1269 406 1306 rod.
431 1266 583 1320 μηρούς
605 1270 652 1307 de
671 1269 835 1319 qualibet
859 1269 992 1306 intelli-

329 1326 384 1375 git
403 1330 508 1375 parte
520 1327 630 1362 cruris
645 1326 769 1363 cameli
790 1327 883 1362 inter
899 1326 990 1361 duos

329 1382 495 1418 articulos
516 1382 786 1432 comprehensa.
826 1382 905 1419 Nec
922 1382 991 1418 du-

329 1438 440 1485 bium,
471 1435 624 1489 μηροὺς
648 1440 694 1476 de
724 1439 857 1476 ossibus
879 1451 907 1475 s.
932 1451 992 1474 αι·-

330 1495 463 1541 ticulis,
483 1508 603 1544 neque
635 1496 681 1532 de
711 1496 877 1532 carnibus
909 1495 989 1531 dici.

328 1551 412 1588 Vid.
425 1552 547 1588 Bothe
562 1552 607 1588 ad
621 1551 792 1603 Sophocl.
815 1552 990 1600 Antigon.

328 1620 383 1645 vs.
402 1610 493 1649 929.
525 1608 664 1656 Tangit
684 1608 896 1645 Herodotea
910 1608 989 1644 Ari-

328 1664 480 1702 stoteles
501 1664 550 1701 H.
564 1664 607 1701 A.
630 1665 672 1711 ll,
696 1667 713 1705 1
738 1678 822 1714 pag.
837 1665 917 1704 779
931 1664 962 1701 D
980 1693 991 1711 ‚

326 1721 484 1768 itemque
513 1720 682 1757 Aelianus
721 1734 764 1758 ex
798 1720 990 1757 Herodoto

326 1777 481 1828 profecit
497 1776 545 1813 N.
567 1776 609 1813 A.
631 1777 678 1826 X,
698 1779 736 1824 3,
759 1777 819 1814 nbi
840 1776 991 1814 Schnei-

327 1834 436 1870 derus
466 1833 556 1870 haec
586 1834 797 1883 adscripsit:
830 1846 993 1880 „narra-

327 1890 464 1927 tionem
508 1890 687 1926 Herodoti
733 1891 785 1927 ita
833 1889 991 1938 explicat

329 1946 483 1983 Gesner.
496 1946 590 1982 Hist.
601 1946 837 1995 Quadruped.
849 1959 883 1996 p.
898 1945 987 1985 165.

328 2001 433 2052 Eg0,
464 2002 592 2050 inquit,
623 2015 690 2052 per
714 2015 834 2051 genua
857 2003 991 2039 articu-

329 2058 383 2096 los
419 2058 602 2106 intelligo,
640 2071 704 2107 per
733 2060 872 2095 femora
902 2070 988 2095 vero

328 2127 432 2160 ossa,
463 2128 556 2163 quue
581 2115 675 2152 inter
694 2114 861 2152 articulos
890 2118 989 2151 recta

329 2171 520 2208 habentur.
552 2171 654 2208 Haec
664 2176 783 2208 autem
797 2177 898 2208 terna
911 2184 990 2208 esse

327 2227 364 2263 in
389 2227 567 2276 prioribus
598 2228 772 2274 cruribus,
802 2229 838 2263 in
866 2232 992 2276 poste·-

329 2283 481 2321 rioribus
503 2288 693 2332 quaterna,
710 2284 786 2333 ipse
805 2285 889 2320 dum
902 2283 990 2320 haec

329 2340 534 2383 scriberem,
566 2341 601 2376 in
624 2341 800 2377 dromnde
820 2340 990 2376 obsona-

328 2396 372 2432 vi.
424 2396 567 2431 Contra
592 2398 786 2433 anatomici
807 2397 988 2432 Purisicn-

329 2463 386 2487 ses
406 2451 440 2486 in
464 2451 574 2487 Mem.
593 2465 628 2501 p.
652 2453 764 2488 servir
787 2453 809 2487 ’Σι
828 2452 931 2489 l'hist.
952 2452 988 2488 d.

329 2508 497 2543 animaux
521 2507 532 2544 l
555 2520 638 2556 pag.
663 2507 715 2546 74
738 2521 856 2556 genna
877 2508 990 2544 inter-

329 2568 519 2613 pretantur
536 2563 658 2608 callos,
679 2565 808 2612 quibus
827 2569 987 2600 sternum

330 2623 369 2657 et
386 2621 546 2657 flexurae
562 2620 696 2668 pedum
717 2621 750 2656 in
772 2620 908 2657 camelo
923 2620 989 2655 ob·-

328 2675 418 2712 sitae
440 2681 544 2720 sunt,
575 2677 641 2712 sed
666 2677 753 2724 quid
776 2681 850 2712 tum
874 2676 987 2713 semo-

328 2731 425 2769 ribus
457 2731 575 2769 θεαί(
617 2732 738 2769 Callus
755 2732 930 2780 quosdam
950 2731 985 2767 in

327 2788 471 2826 camelis
493 2800 618 2826 recens
637 2788 732 2825 natis
753 2788 823 2825 inm
840 2788 985 2837 conspi-

325 2857 414 2884 cuos
450 2845 646 2883 Herodoto
680 2845 810 2883 erroris
839 2856 984 2883 causam

1048 929 1157 967 fnisse
1179 931 1360 969 existimat
1377 932 1485 983 Miot,
1507 932 1633 970 Gallus
1655 934 1710 970 in-

1049 989 1200 1036 terpres.

1105 1039 1152 1080 zo?
1175 1039 1217 1081 δὲ
1239 1041 1372 1082 αἰδοῖα
1393 1058 1429 1082 κ.
1449 1059 1479 1082 τ.
1502 1045 1552 1096 λ.]
1575 1045 1710 1083 Verum

1049 1111 1137 1136 sane
1172 1103 1248 1144 est,
1280 1100 1378 1148 quod
1412 1102 1568 1139 camelus
1607 1115 1712 1140 vere-

1048 1159 1143 1192 trum
1165 1160 1260 1192 retro
1284 1168 1427 1193 versum
1455 1157 1591 1196 habere
1620 1159 1711 1195 dici-

1048 1215 1109 1248 tur
1130 1212 1287 1260 indeque
1318 1218 1416 1249 retro
1442 1215 1608 1264 mingens
1641 1219 1710 1262 est,

1047 1280 1265 1316 quamquam
1279 1269 1409 1305 coitum
1428 1274 1467 1306 ut
1478 1271 1618 1320 reliqua
1628 1272 1707 1307 ani-

1048 1324 1155 1361 maiia
1172 1330 1325 1361 exercet.
1356 1326 1438 1362 Yid.
1459 1327 1644 1364 Aristotel.
1664 1327 1709 1364 H.

1048 1381 1091 1416 A.
1116 1379 1158 1425 V,
1179 1383 1204 1420 2
1228 1379 1305 1417 coll.
1332 1381 1376 1429 11,
1399 1386 1434 1427 1,
1456 1384 1512 1420 cui
1534 1384 1710 1421 recentio-

1049 1437 1097 1473 ris
1127 1437 1256 1473 aetatis
1283 1438 1347 1474 wiri
1378 1439 1475 1475 docti
1502 1440 1711 1488 suffragan-

1048 1497 1118 1529 tur.
1178 1493 1329 1542 Spectat
1348 1494 1416 1532 huc
1436 1496 1596 1533 Arabum
1623 1509 1711 1547 pro-

1049 1549 1223 1595 verbium,
1236 1551 1335 1586 cuius
1355 1552 1519 1588 meminit
1538 1553 1708 1590 Bochart.

1048 1605 1070 1642 1.
1091 1605 1112 1641 1.
1131 1619 1209 1655 cap.
1233 1606 1277 1646 5:
1309 1609 1425 1655 magis
1448 1612 1709 1658 praeposterus,

1049 1674 1153 1711 quam
1174 1664 1279 1699 urina
1301 1664 1436 1710 cameli,
1459 1666 1543 1713 quia
1565 1665 1636 1703 scil.
1653 1678 1711 1704 re-

1048 1723 1202 1757 trorsum
1222 1719 1349 1768 mingit
1371 1720 1503 1758 animal
1522 1721 1711 1770 genitalia·

1048 1787 1120 1824 que
1144 1779 1340 1813 retrorsum
1364 1777 1474 1814 habet
1495 1791 1612 1816 versa.

1261 1834 1369 1882 Cap.
1402 1833 1496 1871 CN.

1103 1887 1385 1938 λελογισμένως
1424 1885 1528 1935 ὅκως
1564 1885 1616 1930 c'ae'v
1653 1911 1708 1920 -

1048 1941 1217 1993 ἔσονται]
1238 1945 1258 1981 i.
1272 1958 1302 1982 e.
1326 1947 1486 1995 temporis
1508 1949 1708 1985 rationeita

1046 2001 1149 2045 inita,
1180 2004 1219 2035 ut
1248 2002 1389 2050 quaudo
1413 2006 1530 2040 aestus
1556 2006 1707 2041 maxime

1037 2055 1157 2105 fierit,
1188 2069 1314 2094 aarum
1338 2061 1496 2108 rapiant.
1541 2060 1706 2098 Particu-

1047 2112 1116 2148 lum
1143 2108 1206 2159 ἂν,
1238 2127 1345 2162 quum
1371 2115 1450 2152 libri
1470 2129 1596 2154 omnes
1616 2116 1707 2154 affe-

1046 2173 1142 2213 runt,
1159 2170 1258 2206 uncis
1279 2171 1420 2209 inclusit
1438 2172 1569 2209 Mutth.
1601 2172 1706 2210 Unus

1047 2225 1157 2261 modo
1182 2225 1271 2262 liber
1293 2227 1400 2264 affert
1428 2227 1624 2266 ἔσωνται.
1651 2248 1706 2256 —-

1047 2281 1106 2318 Tu
1130 2282 1202 2318 vid.
1228 2288 1318 2319 nott.
1344 2284 1390 2321 ad
1411 2284 1473 2328 lll,
1491 2286 1556 2324 36.
1595 2284 1705 2321 Paulo

1048 2342 1132 2373 antc-
1145 2337 1179 2373 in
1198 2339 1301 2374 simili
1315 2345 1492 2377 structura
1510 2354 1587 2390 cup.
1605 2343 1704 2380 102:

1047 2389 1326 2442 ἐπιτηδεύσας,
1364 2391 1465 2441 ὅκως
1491 2417 1546 2423 -
1578 2391 1705 2450 ζεύξῃ.

1047 2450 1093 2486 Et
1123 2462 1209 2486 sane
1240 2451 1408 2500 displicet
1437 2453 1612 2502 particula
1641 2449 1704 2500 ἂν,

1047 2519 1154 2554 quam
1175 2507 1500 2556 suturonunqnam,
1521 2510 1624 2558 quod
1635 2510 1705 2548 sci-

1046 2575 1117 2608 am,
1139 2562 1279 2599 addidit
1299 2563 1520 2602 Herodotus.

1103 2614 1346 2666 θερμότατος
1373 2619 1414 2658 δέ
1436 2620 1516 2660 ἐστι
1539 2636 1574 2660 κ.
1598 2637 1629 2660 τ.
1653 2622 1701 2672 L]

1044 2674 1066 2712 i.
1087 2687 1117 2713 e.
1140 2675 1407 2713 ardentissimus
1434 2682 1549 2716 (tutem
1568 2678 1624 2715 lais
1641 2678 1703 2715 lw-

1042 2731 1193 2767 mim'bus
1209 2732 1259 2767 sol
1281 2737 1328 2768 est
1343 2737 1489 2783 tempore
1507 2737 1701 2778 matutino,-

1043 2800 1110 2823 mm
1130 2790 1167 2824 ut
1179 2788 1262 2824 aliis
1279 2789 1487 2837 hominibus,
1499 2791 1606 2829 medio
1624 2791 1702 2835 die;

1041 2843 1103 2882 sed
1131 2844 1176 2882 ab
1201 2857 1238 2885 eo
1272 2849 1431 2898 tempore,
1461 2861 1529 2899 quo
1553 2847 1604 2886 ad
1631 2847 1701 2886 ali-
