1863 3256
411 175 496 214 600

791 169 1272 210 ‚HERODOTI

411 280 487 323 καὶ
521 278 606 335 γοὲρ
636 280 685 323 τὸ
725 279 772 323 ἐν
811 278 1003 334 Θήβῃσι,
1043 275 1103 329 ὥς
1140 279 1214 322 καὶ
1251 276 1468 334 πρότερον
1504 279 1670 334 εἴρηταί

384 358 512 406 5μοι,
541 349 876 405 κριοπρόσωπον
904 352 984 391 τοῦ
1003 348 1114 399 Διὸς
1141 347 1347 404 τῶγαλμά
1377 349 1477 392 ἐστι.
1515 347 1726 404 τυγχά-ΕΟ

412 437 477 464 νει
515 421 560 464 δὲ
598 421 669 463 καὶ
709 419 814 462 ἄλλο
855 429 935 474 σφι
963 419 1085 475 ὕδωρ
1116 424 1328 475 κρηναῖον
1357 419 1453 463 ἐόν·
1510 420 1559 463 τὸ
1591 421 1671 464 τόν

411 491 491 547 μὲν
519 490 689 543 ὄρθρον
715 492 880 545 γίνεται
905 479 1102 545 χλιαρὸν,
1137 490 1301 546 ἀγορῆς
1323 490 1368 534 δὲ
1386 490 1671 546 πληθυούσης

411 560 703 617 ’ψυχρότερον-

762 564 1006 618 μεσαμβρίη
1036 561 1080 605 τέ
1110 562 1221 614 ἐστι,
1267 562 1340 605 καὶ
1367 561 1416 604 τὸ
1446 560 1581 616 κάρτα
1609 563 1672 616 γί-

412 649 531 676 νεται
560 629 749 686 ψυχρόν·
796 637 1032 694 τηνικαῦτα
1062 634 1107 677 δὲ
1137 633 1322 690 ἄρδουσι
1349 632 1452 684 τοὺς
1480 631 1670 690 κήπους·

358 782 419 819 toli
440 782 462 818 l.
491 781 513 818 l.
542 794 621 831 cap.
649 779 683 817 V
712 793 798 831 pag.
826 780 879 822 95
909 794 1013 832 seqq.

360 840 451 879 166.
480 839 556 878 168
579 850 704 886 seqq.‚
726 850 834 885 quem
856 851 1015 887 sequun-

358 898 417 930 tur
436 894 598 931 Heeren.
625 894 739 930 ldeen
760 894 805 938 ΙΙ,
828 897 849 934 1
872 907 906 944 p.
931 896 1014 935 213

358 962 463 999 seqq.
491 950 623 987 Ritter.
642 949 757 986 Erdk.
781 950 797 985 Ι
817 963 853 1000 p.
875 952 969 991 982.

416 1003 470 1052 οἷς
514 1005 594 1055 καὶ4
625 1001 819 1059 πρότερον
862 1005 1016 1059 εἴρηταί

358 1061 443 1114 μοι]
475 1061 558 1100 Vid.
581 1062 628 1109 ΙΙ,
645 1061 712 1103 42.

417 1115 601 1171 τυγχάνει
633 1116 675 1157 δὲ
711 1115 779 1156 καὶ
808 1114 903 1157 ἄλλο
944 1130 1017 1167 σφι

300 1173 302 1177 ”
357 1170 467 1225 ’ὕδωρ
490 1191 524 1214 κ.
538 1191 571 1226 fir.
591 1176 638 1225 λ.]
682 1175 788 1219 Quae
811 1177 921 1216 refert
939 1176 1018 1213 He-

359 1233 534 1279 rodotus,
568 1232 616 1269 ad
637 1244 716 1269 eum
737 1232 919 1280 pertinent
935 1233 1017 1268 fon-

361 1291 460 1336 tem,
519 1301 628 1338 quem
671 1287 766 1324 Solis
814 1287 1015 1337 appellant,

361 1348 456 1382 teste
478 1344 575 1382 Mela
597 1344 626 1391 Ι,
655 1347 680 1385 8
701 1344 779 1380 init.
810 1344 888 1390 (ubi
908 1343 1019 1393 pluri-

361 1413 420 1437 ma
432 1401 552 1437 attulit
561 1400 774 1438 Tzschuckc
784 1404 875 1436 nott.
889 1413 1019 1449 exegg.

361 1456 444 1493 vol.
468 1457 518 1493 111
539 1457 580 1494 P.
602 1457 617 1493 1
640 1470 675 1506 p.
700 1455 781 1495 205
800 1458 918 1505 seq),
958 1456 1019 1505 qui

361 1525 445 1553 mox
467 1513 555 1550 haec
575 1513 739 1550 subiicit:
770 1513 878 1559 „sons
898 1514 1019 1549 media

361 1573 468 1606 nocte
496 1571 635 1616 fervet,
672 1581 755 1605 mox
785 1573 823 1606 et
846 1568 1018 1618 paulatim

362 1629 574 1675 tepescens,
625 1625 667 1661 fit
717 1625 795 1662 luce
844 1625 1018 1673 frigidus:

362 1685 449 1718 tunc
468 1686 506 1717 ut
525 1682 578 1718 sol
602 1682 740 1730 surgit,
780 1681 830 1718 ita
855 1682 1021 1730 frigidior

363 1738 537 1775 subinde:
576 1752 641 1788 per
661 1738 846 1775 meridiem
867 1739 1020 1776 maxime

363 1795 468 1843 riget.
526 1794 644 1831 Sumit
687 1795 821 1832 deinde
872 1799 1018 1844 tepores

363 1851 494 1887 iterum
523 1856 558 1888 et
590 1852 707 1900 prima
736 1855 846 1888 nocte
873 1851 1020 1899 calidus,

363 1912 476 1955 atque
496 1911 535 1943 ut
555 1907 616 1944 illa
631 1908 817 1957 procedit,
856 1908 906 1944 ita
934 1908 1020 1944 cali-

364 1963 464 2000 dior:
514 1976 636 2000 rursus
671 1977 749 2000 cum
789 1968 847 2000 est
886 1965 1019 2011 media,

363 2021 582 2069 perservet.“
610 2019 706 2056 Add.
728 2020 819 2057 Plin.
838 2020 885 2056 H.
906 2019 954 2056 N.
976 2021 1020 2066 ΙΙ,

365 2077 445 2115 103
468 2075 603 2121 (106).
634 2076 679 2124 V,
702 2075 737 2115 5.
785 2076 930 2113 Lucret.
956 2077 1022 2122 Vl,

364 2131 444 2171 849
455 2144 529 2180 seq.
562 2133 670 2169 Ovid.
685 2132 926 2182 Metamorph.
939 2133 1022 2181 XV,

364 2190 457 2228 309.
489 2189 634 2225 Curtius
661 2188 722 2235 lv,
743 2192 767 2229 7
790 2187 826 2238 ἓ.
852 2192 911 2229 12.
953 2188 1022 2225 Ar-

365 2244 452 2279 riun.
476 2243 617 2293 Exped.
641 2244 739 2281 Alex.
763 2245 823 2293 ΙΙΙ,
846 2248 883 2286 4.
927 2245 1020 2282 Dio-

364 2299 442 2334 dor.
485 2300 557 2336 Sic.
584 2301 700 2349 XVH,
727 2302 793 2342 50.
847 2302 1020 2349 Antigon.

365 2354 511 2403 Caryst.
544 2357 641 2401 155),
694 2358 753 2393 ubi
794 2359 864 2394 vid.
900 2359 1022 2394 Beck-

364 2423 485 2447 munu.
509 2424 545 2459 p.
568 2412 660 2451 205.
692 2414 798 2456 Quae
817 2427 890 2451 nou
914 2427 1020 2464 prae-

365 2467 516 2503 termisit
536 2467 703 2503 Miuutoli
733 2472 753 2504 Ι.
782 2470 802 2505 Ι.
835 2483 912 2519 cap.
940 2470 1020 2507 Ylll

364 2536 402 2572 P·
430 2525 507 2563 163
528 2536 563 2572 p-
585 2525 636 2563 96
663 2524 762 2567 (coll.
782 2525 939 2562 Hom-en.
963 2526 1016 2564 ld.

366 2578 411 2622 ΙΙ,
440 2581 455 2617 1
488 2592 522 2628 p.
543 2579 635 2619 215.
667 2581 794 2617 Ritter.
818 2581 928 2616 Erdix.
951 2582 962 2616 Ι
985 2596 1019 2631 p.

366 2632 491 2682 983),
524 2635 583 2670 ubi
602 2636 737 2685 primus
759 2637 915 2682 edocuit,
941 2637 1021 2674 sou-

365 2694 461 2737 tem,
500 2704 607 2739 quem
637 2692 727 2728 miru
757 2693 890 2729 virtute
913 2706 1019 2742 prue-

366 2747 483 2782 ditum
515 2747 741 2784 celebrarunt
761 2754 920 2794 veteres,
954 2750 1021 2785 ad-

365 2802 433 2840 huc
452 2808 594 2841 exstare
617 2817 687 2843 uno
705 2805 816 2843 horae
836 2805 1020 2855 quadran-

1070 786 1108 821 te
1135 796 1157 820 a
1176 782 1272 820 Iovis
1292 780 1475 819 Ammonii
1501 781 1638 832 templo
1667 794 1726 819 re-

1071 844 1206 876 motum
1223 839 1407 876 meridiem
1419 851 1543 875 versus
1555 840 1591 875 iu
1604 851 1727 875 amoe-

1070 896 1220 932 nissimo
1240 894 1439 944 palmarum
1454 896 1547 941 luco,
1574 895 1634 931 ubi
1652 894 1727 930 exi-

1071 965 1182 1000 guum
1203 951 1336 988 efficiat
1357 950 1495 997 lacum,
1525 963 1633 999 quem
1654 950 1727 987 Pli-

1071 1008 1152 1045 nius
1170 1008 1191 1044 Ι.
1203 1007 1225 1044 Ι.
1248 1010 1412 1055 stagnum
1423 1011 1530 1044 vocat
1543 1006 1612 1056 (ita
1631 1007 1727 1043 enim

1072 1069 1171 1102 reete
1187 1077 1283 1101 nunc
1304 1063 1477 1113 legitur),
1507 1067 1582 1100 tam
1603 1062 1730 1100 diluci-

1074 1121 1160 1158 dum
1194 1125 1236 1157 ut
1268 1120 1315 1156 ad
1341 1120 1494 1156 fundum
1532 1132 1668 1168 usque,
1707 1132 1729 1156 e

1073 1190 1145 1226 quo
1168 1177 1301 1214 multae
1321 1176 1489 1222 bullulae,
1510 1180 1552 1213 ut
1572 1189 1592 1213 e
1609 1176 1730 1213 lebete

1072 1234 1248 1279 ferventi,
1293 1233 1329 1269 in
1369 1233 1483 1270 altum
1523 1231 1729 1283 prosiliunt,

1073 1303 1223 1327 cernere
1253 1289 1372 1326 liceat.
1423 1287 1591 1337 Aquam,
1620 1294 1730 1326 noctu

1075 1346 1281 1382 calidiorem
1325 1358 1432 1395 quam
1475 1346 1561 1392 diu,
1613 1346 1730 1395 prima

1075 1402 1153 1439 luce
1188 1403 1325 1438 sumum
1361 1402 1542 1451 quendam
1574 1402 1731 1439 excitare

1075 1459 1171 1495 idem
1189 1463 1371 1504 testatur,
1409 1459 1462 1494 ita
1484 1464 1526 1494 ut
1545 1459 1626 1494 fons
1646 1458 1731 1494 cali·

1076 1515 1143 1551 dus
1164 1528 1244 1552 esse
1261 1515 1445 1561 videatur,
1475 1515 1574 1551 cuius
1595 1514 1657 1562 qui
1675 1518 1731 1551 est

1074 1571 1246 1607 naturalis
1268 1569 1387 1617 calor,
1431 1571 1492 1607 diu
1516 1570 1662 1619 quidem
1683 1571 1731 1608 ob

1076 1627 1186 1664 solem
1209 1627 1315 1664 nimis
1344 1627 1554 1673 ardentem,
1592 1627 1731 1677 percipi

1076 1687 1246 1732 nequeat.
1298 1684 1390 1721 Cum
1413 1688 1533 1721 autem
1550 1683 1732 1721 Herodoti

1077 1754 1096 1777 e
1124 1741 1241 1777 verbis
1272 1740 1348 1777 iure
1375 1740 1542 1788 colligas,
1586 1744 1731 1790 praeter

1076 1797 1171 1833 huuc
1192 1796 1285 1832 Solis
1306 1797 1467 1843 sontem,
1497 1796 1544 1833 de
1565 1810 1638 1845 quo
1654 1796 1731 1833 Pli-

1075 1854 1154 1890 nius
1177 1853 1221 1899 V,
1245 1853 1269 1893 5
1283 1882 1292 1900 ,
1316 1853 1420 1890 aliam
1440 1866 1587 1902 quoque
1606 1854 1644 1890 in
1664 1853 1731 1890 hac

1076 1910 1153 1946 oasi
1200 1922 1281 1946 esse
1329 1923 1483 1959 aquam,
1534 1923 1578 1947 eo
1618 1911 1733 1948 refert

1076 1967 1236 2003 Heeren.
1268 1965 1291 2002 Ι.
1326 1965 1348 2002 Ι.
1380 1966 1556 2013 rivulum,
1613 1968 1674 2015 qui
1709 1979 1731 2004 e

1077 2022 1156 2059 lacu
1179 2024 1363 2072 prossueus
1384 2027 1419 2060 et
1438 2036 1518 2059 cum
1539 2022 1608 2059 alio
1628 2025 1731 2062 fonte

1077 2092 1121 2116 ex
1140 2080 1268 2116 eadem
1289 2079 1488 2129 palmarum
1509 2079 1610 2128 sylva
1627 2093 1733 2117 exora

1078 2148 1119 2171 50
1150 2136 1360 2172 coniunctus
1389 2136 1436 2172 ud
1463 2136 1575 2185 ipsius
1607 2137 1731 2186 templi

1077 2192 1199 2228 ruinas
1229 2192 1264 2227 in
1291 2191 1458 2241 paludem
1487 2193 1729 2241 demergatur.

1076 2247 1131 2284 Ac
1156 2248 1259 2284 Plinii
1290 2248 1404 2284 locum
1431 2248 1479 2283 H.
1502 2247 1550 2284 N.
1575 2248 1610 2284 iu
1639 2249 1730 2285 libro

1077 2304 1235 2341 secundo
1257 2305 1304 2340 ad
1326 2305 1460 2340 fontem
1482 2303 1577 2340 Solis
1604 2305 1731 2342 referri

1075 2372 1185 2410 posse
1202 2365 1315 2408 negat
1336 2361 1478 2396 Marcus
1499 2373 1534 2408 p.
1550 2363 1627 2401 170
1639 2373 1733 2410 seq„

1077 2429 1156 2452 cum
1176 2417 1205 2452 is
1224 2417 1346 2465 potius
1370 2416 1429 2451 illo
1453 2415 1530 2452 loco
1553 2417 1730 2466 intelliga-

1076 2476 1134 2508 tur
1153 2473 1245 2517 sous,
1267 2472 1327 2519 qui
1340 2472 1386 2507 ad
1401 2472 1492 2507 iiam
1511 2484 1531 2507 a
1545 2473 1730 2511 Gadames

1074 2528 1122 2563 ad
1146 2528 1281 2563 Germa
1303 2528 1496 2564 ducentem
1519 2530 1732 2578 reperiatur.

1135 2579 1281 2633 ἄγορῆς
1303 2581 1344 2621 δὲ
1367 2581 1641 2636 πληθυούσης]
1673 2586 1731 2623 Ad

1078 2638 1296 2676 locutionem
1334 2642 1425 2676 cous.
1469 2646 1562 2678 nott.
1601 2643 1648 2679 ad
1685 2642 1731 2689 ΙΙ,

1082 2696 1171 2734 173.
1204 2695 1264 2741 ΙΙΙ,
1292 2697 1380 2742 104,
1410 2701 1446 2733 et
1465 2698 1511 2734 ad
1527 2710 1628 2734 usum
1644 2710 1730 2748 par-

1077 2750 1264 2788 ticulorum
1302 2767 1339 2791 τε
1369 2776 1423 2780 —
1453 2754 1520 2792 καί
1552 2759 1644 2792 nott.
1683 2754 1732 2792 ad

1078 2807 1146 2854 lv,
1173 2807 1238 2847 53.
