1863 3256
418 222 503 262 236

812 219 1279 261 HERODOTI

420 346 533 387 ymv,
561 329 708 373 ὕπνου
735 330 779 372 τέ
809 346 886 385 μιν
914 330 1145 386 λαγχάνειν
1175 329 1336 380 ἐποίεε,
1368 328 1441 371 καὶ
1471 326 1517 370 ἐν
1546 326 1688 386 χρόνῳ

423 401 554 459 ὀλίγῳ
573 399 696 456 ὑγιέα
720 417 796 455 μιν
826 399 952 443 ἐόντα
983 400 1182 454 ἀπέδεξε,
1212 397 1385 454 ου’δαμά
1416 398 1475 441 ἔτι
1501 398 1689 451 ἐλπίζον-

395 479 475 516 5τα
506 470 720 526 ἀρτίπουν
752 471 938 514 ἔσεσθαι.
983 471 1203 525 Δωρέεται
1233 471 1285 526 δή
1313 486 1388 525 μιν
1419 470 1522 525 μετὰ
1552 473 1688 512 ταῦτα

419 541 442 587 ὁ
481 547 668 596 Δαρεῖος
707 541 872 585 πεδέων
908 541 1103 597 χρυσέων
1139 543 1220 585 δύο
1256 542 1432 597 ζεύγεσι.
1481 541 1504 583 ὁ
1536 540 1582 583 δέ
1612 543 1745 594 μιν40

418 614 631 667 ἐπείρετο,
677 614 717 655 εἴ
744 614 786 656 οἷ
815 611 1043 668 διπλήσιον
1080 612 1129 655 τό
1168 612 1305 655 κακὸν
1339 613 1529 667 ἐπίτηδες
1557 611 1688 666 νέμει,

390 692 410 725 6
423 683 489 727 ὅτι
508 699 584 737 μιν
602 681 726 739 ὑγιέα
746 683 929 738 ἐποίησε.

422 751 663 809 ἀποπέμπει
700 770 775 808 μιν
807 753 927 807 παρὰ
963 753 1041 804 τὰς
1071 752 1237 796 ἑωυτοῦ
1266 759 1487 809 γυναῖκας.

988 682 1138 738 ἡσθεὶς
1160 683 1204 726 δὲ
1232 687 1292 739 τῷ
1313 683 1404 726 ἔπεϊ
1434 683 1456 726 ὁ
1487 682 1686 736 Δαρεῖός,

1549 752 1688 807 παρά-

422 840 572 880 γοντες
607 824 652 867 δὲ
681 826 725 867 οἵ
760 823 986 880 εὐνοῦχοι,
1036 825 1183 880 ἔλεγον
1206 823 1317 878 πρὸς
1357 823 1431 875 τοῖς
1459 829 1687 878 γυναῖκας,

391 903 412 936 7
428 895 486 946 ὥς
504 895 673 952 βασιλέϊ
698 890 827 947 οὗτος
848 898 912 952 εἰἠ
935 895 983 948 ὃς
1004 896 1083 953 τήν
1112 895 1254 951 ψυχὴν
1280 893 1484 938 ἀπέδωκε.
1532 894 1743 938 ὑποτύ-45

363 1011 424 1048 ubi
463 1006 589 1058 ἤπια
631 1003 841 1057 εἷκέσματα.
913 1006 1025 1046 Unde

363 1067 550 1117 proprium
571 1067 608 1102 in
622 1066 793 1103 remediis
811 1065 1025 1112 mitioribus,

364 1135 458 1171 quae
485 1135 554 1159 nec
580 1122 667 1171 igne
697 1134 764 1158 nee
794 1122 890 1159 ferro
921 1121 1023 1157 fiunt.

362 1179 470 1215 Plura
512 1179 639 1216 Iacobs
670 1176 793 1215 Lectt.
822 1178 952 1214 Stobb.
987 1190 1024 1226 p.

361 1238 439 1281 32,
478 1235 541 1271 ubi
571 1236 679 1272 etiam
701 1234 747 1272 de
773 1233 903 1271 tralata
926 1235 1025 1270 vocis

360 1291 638 1340 significatione.
659 1312 705 1318 —
723 1290 774 1327 Ac
796 1291 1024 1327 Democedes

361 1349 413 1385 ita
452 1360 575 1396 regem
621 1359 771 1384 sanasse
819 1348 1021 1384 censendus

362 1409 438 1451 est,
479 1410 519 1441 ut
545 1409 628 1454 post
652 1404 813 1441 remedia
833 1403 1024 1440 violentio-

361 1474 425 1506 ra,
476 1461 521 1497 ab
550 1460 740 1510 Aegyptiis
774 1459 944 1505 medicis,
985 1463 1023 1495 ut

361 1517 525 1564 videtur,
564 1517 749 1563 adhibita,
791 1529 886 1552 nunc
904 1516 1023 1553 Grae-

362 1583 484 1611 corum
525 1574 746 1610 medicorum
775 1586 819 1610 ex
854 1585 956 1609 more
985 1577 1021 1609 et

363 1629 557 1680 disciplina
578 1630 790 1666 admoveret
819 1628 887 1664 alia
904 1641 1021 1665 reme-

364 1687 427 1723 dia
449 1686 627 1735 prioribus
653 1686 847 1735 opposita,
886 1698 932 1721 sc.
954 1686 1022 1721 mi-

361 1742 543 1790 tigantia,
582 1741 763 1779 lenientia.
803 1742 938 1778 Coraes
965 1742 1021 1789 (in

361 1803 454 1835 nott.
496 1811 554 1849 ap.
592 1798 791 1846 Larcher.)
830 1805 1022 1847 utramque

363 1867 511 1901 vocem,
551 1859 588 1892 et
612 1850 750 1904 ἰσχυρά
772 1859 808 1891 et
824 1851 947 1902 ἤπια,
974 1855 1023 1899 ad

360 1924 480 1948 curam
521 1924 543 1947 a
577 1911 789 1948 Democede
823 1911 1021 1947 adhibitam

359 1973 528 2018 spectare
570 1972 723 2012 censet3
775 1971 812 2003 ut
843 1967 905 2015 qui
935 1971 1022 2016 post

360 2025 608 2074 operationem
619 2053 630 2071 ,
660 2036 771 2072 quam
787 2024 823 2058 in
839 2023 950 2060 Dario
966 2024 1021 2060 fa-

359 2094 442 2118 cere
462 2086 607 2117 coactus
628 2085 704 2117 erat
717 2076 832 2129 (μετα
845 2076 891 2117 τοὶ
915 2079 1020 2129 ἰσχυ-

359 2134 428 2187 ρά)
442 2165 453 2182 ,
482 2138 529 2173 ad
551 2137 699 2173 dolores
721 2137 943 2184 mitigandos
963 2149 1020 2174 re-

358 2194 394 2241 gi
414 2193 557 2230 dederit
575 2193 746 2229 narcotici
766 2193 856 2241 quid
876 2189 1017 2242 (ἤπια)

358 2263 390 2285 v.
412 2263 441 2286 c.
464 2250 599 2299 opium,
633 2262 705 2298 quo
725 2250 934 2298 consopiret
956 2262 1019 2286 ae-

357 2310 511 2353 grotum.
542 2306 596 2342 lta
613 2306 707 2343 enim
725 2307 775 2342 ait
794 2305 953 2354 praecipi
971 2306 1017 2342 ab

357 2362 584 2411 Hippocrate
613 2362 671 2399 De
698 2362 870 2398 sterilibb.
893 2360 930 2412 ὃ.
952 2364 1016 2408 10,

357 2418 465 2455 Τοιη.
486 2417 515 2453 ΙΙ
537 2431 573 2467 p.
595 2420 698 2463 623,
727 2430 880 2465 eamque
899 2419 1016 2467 ipsam

355 2486 437 2511 esse
455 2475 647 2519 rationem,
678 2486 786 2522 quam
805 2473 1016 2510 Herodotus

355 2530 494 2567 verbis:
561 2527 823 2578 Ἑλληνικοῖσι
876 2525 1016 2578 ἰήμασι

354 2581 579 2637 χρεώμενος
620 2586 778 2632 iudicet,
831 2598 1016 2634 quamque

354 2643 537 2691 hodieque
562 2642 678 2691 quivis
708 2642 794 2678 boni
820 2641 1017 2678 adhibeant

358 2699 498 2737 medici.
529 2699 648 2742 Quam
667 2698 1015 2747 interpretationem,

357 2755 451 2793 Italo
467 2754 654 2804 interpreti
676 2754 889 2804 probatam,
928 2766 1015 2790 num

356 2811 540 2849 Herodoti
562 2811 674 2847 verba
691 2810 910 2855 admittant,
937 2811 1016 2859 ipse

348 2868 488 2907 ,viderit
526 2868 580 2906 vir
610 2867 854 2904 doctissimus·
900 2866 1017 2916 Equi-

1081 1007 1165 1045 dem
1186 1007 1389 1044 adscribam
1408 1005 1538 1043 Dionis
1555 1006 1742 1055 Chrysost.

1080 1064 1197 1101 locum
1218 1076 1260 1100 ex
1282 1067 1374 1099 orat.
1402 1061 1575 1100 Lxxvn
1596 1076 1631 1112 p.
1659 1065 1743 1104 653

1081 1121 1124 1157 A.
1160 1119 1239 1156 Vol.
1261 1119 1291 1156 11
1310 1132 1395 1169 pag.
1415 1118 1497 1158 417
1510 1118 1652 1166 Reisk„
1669 1131 1742 1168 quo

1081 1181 1255 1227 apparet,
1282 1188 1350 1212 nec
1367 1175 1525 1212 Dionem
1546 1174 1620 1212 tale
1640 1176 1743 1223 quid,

1081 1234 1180 1282 quod
1217 1233 1355 1269 Cora'es
1388 1231 1486 1278 vult,
1548 1233 1740 1280 cogitasse.

1081 1290 1137 1326 lta
1161 1290 1256 1326 enim
1286 1287 1365 1326 ille:
1408 1283 1646 1335 Δημόδοκος
1674 1288 1740 1335 (cf.

1080 1358 1192 1395 supra
1220 1345 1291 1391 ΙΙΙ,
1329 1357 1357 1380 c.
1380 1346 1488 1392 129)
1528 1342 1551 1383 ὁ
1583 1347 1742 1394 Κροτω-

1080 1397 1219 1451 νιάτης
1236 1396 1742 1451 (Δαρεῖον)-καταπλα’τ-

1080 1473 1157 1497 των
1180 1457 1246 1496 καὶ
1272 1459 1497 1495 καταιονῶν
1523 1457 1572 1504 (i.
1598 1471 1629 1495 e.
1652 1458 1741 1494 obli-

1078 1514 1187 1552 nemlo
1209 1513 1529 1581 etn¹12crf112111e11‹10;
1569 1527 1664 1563 quae
1687 1514 1742 1552 le-

1079 1573 1220 1609 nioras.
1232 1567 1345 1620 ἤπια,
1363 1571 1506 1619 opinor,
1529 1575 1740 1609 suntreme-

1079 1629 1143 1665 dia
1179 1626 1280 1677 [,‚De
1302 1627 1412 1663 verbo
1441 1629 1679 1674 καταιονᾶν,
1709 1640 1737 1664 s.

1078 1686 1319 1729 καταιονεῖν,
1338 1683 1414 1732 egit
1422 1682 1471 1718 W
1474 1683 1678 1731 yttenbach.
1690 1684 1739 1721 ad

1079 1740 1261 1778 Plutarch.
1292 1740 1339 1776 de
1368 1739 1522 1776 discern.
1553 1741 1668 1776 amico
1691 1740 1737 1776 ab

1079 1797 1174 1835 adul.
1204 1810 1241 1846 p.
1260 1796 1364 1842 550,
1412 1796 1474 1832 ubi
1502 1800 1538 1833 et
1566 1796 1739 1833 Herodo-

1078 1859 1175 1891 teum
1205 1858 1240 1890 et
1266 1853 1447 1889 Dioneum
1474 1851 1592 1889 locum
1619 1866 1737 1903 appo-

1079 1911 1192 1947 suit.“
1225 1907 1335 1958 Cr.])
1365 1907 1430 1946 καὶ
1458 1905 1506 1946 τοὶ
1532 1905 1630 1946 ἄλλα
1652 1908 1738 1947 ἑπι-

1079 1963 1266 2016 μεληθεις
1305 1960 1363 2003 δι’
1398 1959 1542 2017 ὀλίγων
1576 1963 1737 2017 ἡμερῶν

1076 2021 1182 2088 υγιῆ
1197 2018 1386 2068 α’πέδειξε.

1133 2073 1291 2127 ου’δαμα
1318 2077 1373 2116 ε’τι
1405 2076 1634 2124 ἐλπίζοντα]
1676 2077 1736 2116 De

1075 2136 1187 2173 verbo
1211 2134 1379 2181 ἐλπίζειν
1400 2135 1495 2171 conf.
1523 2139 1618 2171 nott.
1639 2135 1687 2171 ad
1708 2135 1735 2181 Ι,

1076 2195 1140 2232 27.
1188 2191 1227 2227 lu
1250 2192 1411 2240 proxime
1439 2203 1544 2240 seqq.
1574 2203 1655 2228 cum
1677 2203 1737 2227 re-

1075 2248 1282 2286 centhedd.
1303 2248 1350 2285 ob
1372 2246 1605 2297 plurimorum
1627 2247 1734 2283 codd.

1074 2316 1292 2342 consensum
1343 2301 1529 2355 δωρέεται
1564 2298 1625 2353 δή
1665 2317 1734 2352 μιν

1074 2374 1140 2412 pro
1170 2359 1221 2399 δέ
1247 2375 1326 2411 μιν.

1129 2432 1204 2467 την
1233 2427 1372 2465 ψυχην
1401 2411 1599 2463 α’πέδωκε]
1631 2415 1733 2451 Citat

1074 2473 1107 2510 h.
1138 2473 1160 2509 Ι.
1197 2472 1361 2509 Thomas
1394 2471 1495 2520 Mag.
1523 2484 1611 2538 pag.
1637 2472 1732 2517 928,

1073 2542 1147 2577 quo
1191 2529 1440 2575 demonstrat,
1483 2524 1556 2576 τήν
1593 2524 1732 2577 ψυχήν

1073 2586 1229 2621 subinde
1262 2583 1471 2632 simpliciter
1507 2583 1627 2621 valere
1657 2580 1732 2633 τήν

1075 2637 1179 2690 ζωήν
1205 2641 1364 2687 (vitam).
1435 2639 1510 2676 Ubi
1543 2640 1645 2690 plura
1675 2640 1732 2677 iu-

1073 2703 1265 2745 terpreteS.
1324 2696 1384 2733 Tu
1403 2697 1496 2733 conf.
1528 2709 1638 2747 supra
1667 2696 1730 2744 ΙΙΙ,

1076 2754 1167 2793 119.
1188 2753 1252 2798 ΙΙΙ,
1276 2754 1366 2792 108.
1386 2753 1411 2796 Ι,
1432 2751 1498 2791 24.
1519 2753 1563 2799 ΙΙ,
1584 2753 1672 2794 134.

1130 2805 1417 2847 ’ὑποτύπτουσα
1445 2806 1488 2847 δὲ
1517 2805 1667 2847 αὐτέων
1694 2823 1727 2847 κ.

1074 2881 1104 2904 τ.
1123 2865 1172 2916 λ-]
1202 2865 1396 2903 Fluctuant
1417 2866 1452 2903 in
1473 2866 1528 2904 his
1545 2866 1626 2904 libri
1643 2866 1730 2904 scri-
