1863 3256
471 179 1030 220 MELI‘OMENE.

1095 181 1105 216 l
1115 181 1153 219 V·
1369 188 1452 225 5:35»

177 293 300 350 νήσῳ
338 293 408 336 ἐπὶ
446 296 527 335 τοῦ
565 289 761 335 οἰκιστέω
795 289 919 344 Θήρα
955 287 983 343 ἡ
1014 287 1238 343 ἐπωνυμίη
1271 290 1449 344 ἐγένετο.
1464 302 1507 335 75

1507 367 1568 392 00
1553 367 1629 401 010()
1661 368 1782 395 I'Iierue

32 366 130 413 149
177 362 229 407 ‘O
265 363 311 408 δὲ
342 369 468 415 παῖς,
506 360 562 406 ου’
591 361 672 417 γὰρ
704 360 788 416 ἔφη
816 362 860 404 οἱ
890 358 1264 415 συμπλεύσεσθαι,
1307 377 1449 416 τοιγα-

178 438 270 490 ρῶν
311 435 394 491 ἐφη
435 432 573 478 αὐτον
612 435 887 484 καταλείψειν
925 430 995 474 ὄϊν
1034 430 1081 473 ἐν
1118 427 1314 474 λύκοισι·

176 509 256 550 τοῦ
292 506 415 556 ἔπεος
443 505 604 548 τούτου
636 502 806 559 οὔνομα
835 507 897 559 τῷ
925 502 1141 559 νεηνίσκῳ
1170 500 1314 558 τούτῳ
1341 501 1449 546 ’Or-0¹
1505 516 1517 525 ⁸

1505 565 1569 592 Laii
1588 575 1603 591 e

175 581 308 627 λυκος
342 576 532 630 ἐγένετο”
577 577 652 618 καί
686 591 774 625 κως
812 572 867 618 ου’
906 573 1076 629 οὕνομα
1109 576 1240 616 τοῦτο
1271 571 1448 628 ἐπεκρά-

147 654 293 704 Ξτησε.
343 645 574 689 Ὀϊολύκου
602 644 647 688 δὲ
678 647 843 701 γίνεται
864 644 1042 701 Αἰγεύς·
1082 642 1154 688 ἔπ’
1175 640 1231 688 οὗ
1251 647 1450 702 Αἰγεῖδαι
1461 653 1506 687 80

119 792 212 826 nert.
232 787 319 825 VllI
349 801 386 838 p.
406 791 489 831 489
511 788 580 825 11οο
601 789 714 826 refert
735 790 784 826 ad

118 844 409 883 Messenicorum
437 845 614 883 bellorum
640 849 782 896 tempo-

118 915 182 949 ra,
212 902 250 939 in
278 901 411 950 quibus
438 901 511 939 Elii
538 915 560 939 a
577 903 782 953 Spartano-

119 971 198 995 rum
242 958 410 1009 partibus
446 963 610 1005 stantes,
649 960 696 997 ab
728 959 781 996 1115

119 1015 230 1066 ipsiS,
271 1015 382 1053 tertio
401 1015 496 1054 bello
516 1016 643 1064 finito,
679 1017 782 1053 auxi-

117 1071 156 1108 lii
205 1071 271 1109 lati
325 1073 525 1122 praemium
577 1074 784 1123 acceperint

118 1140 265 1166 omnem
278 1128 485 1178 Minyarum
510 1133 621 1179 atque
640 1130 781 1168 Cauco-

119 1198 206 1222 num
235 1190 390 1224 terram:
430 1199 503 1236 quo
533 1187 609 1224 sere
636 1191 782 1237 tempo-

119 1254 159 1279 re
181 1242 245 1279 has
266 1242 474 1292 Minyarum
494 1243 602 1280 urbes
623 1243 669 1280 ab
681 1242 782 1281 Eleis

118 1311 263 1337 eversas
286 1311 367 1337 esse
387 1304 495 1350 putat
515 1299 699 1340 Mannert.
730 1298 780 1336 At

117 1356 234 1393 multo
267 1357 381 1394 serius
420 1357 489 1394 hoc
526 1357 663 1393 factum
699 1368 780 1394 esse

116 1412 308 1450 contendit
327 1412 547 1451 Dahlmann.
577 1413 719 1451 Herod.
741 1425 779 1463 p.

118 1468 172 1509 59
189 1497 200 1516 ,
241 1469 469 1520 potissimum
501 1470 549 1506 ob
575 1471 691 1508 verba
720 1464 779 1509 ἐπ’

117 1522 230 1576 ἐμέο,
268 1527 398 1576 quibus
421 1527 634 1564 Herodotus
655 1527 723 1565 hac
740 1527 777 1563 in

117 1583 327 1621 narratione
350 1584 398 1620 ad
427 1583 466 1620 id
492 1584 658 1634 proxime
686 1588 779 1621 tem-

117 1651 186 1690 pus
216 1641 407 1690 respiciat,
445 1652 518 1689 quo
557 1640 688 1677 itinera
725 1640 778 1677 fa-

119 1696 219 1733 ciens
250 1709 318 1747 per
350 1697 544 1734 Graeciam
584 1697 650 1734 has
682 1697 779 1746 ipsas

118 1752 241 1790 viserit
287 1754 418 1801 urbes,
471 1754 518 1790 ab
559 1753 780 1804 Olympiade

119 1807 328 1856 LXXVIII,
348 1811 373 1851 4
394 1814 431 1848 01
450 1822 546 1859 quae
565 1814 780 1859 sequuntur,

120 1865 177 1904 vel
217 1878 289 1915 quo
327 1867 485 1904 Graecia
529 1867 612 1918 ipsa
656 1866 779 1904 relicta

118 1922 267 1960 Thuriis
332 1924 504 1961 historiae
565 1924 780 1961 scribendae

119 1991 271 2030 operam
309 1981 476 2028 dederit,
543 1981 653 2030 igitur
695 1985 782 2031 post

119 2036 332 2087 Olympiad.
357 2037 572 2084 LXXXIII,
602 2036 641 2078 4.

176 2091 258 2132 ἐπὶ
276 2095 350 2133 τοῦ
363 2092 556 2144 οἰκιστέω]
575 2093 660 2131 Duo
674 2093 782 2130 codd.

118 2144 214 2189 οἷπό.
257 2150 368 2188 Conf.
392 2154 485 2187 nott.
510 2152 558 2188 ad
581 2150 643 2195 1V‚
668 2149 722 2191 45
744 2154 783 2187 et

120 2206 158 2254 Ι,
190 2204 264 2256 14,
296 2208 359 2245 ubi
379 2208 487 2245 etiam
506 2208 553 2244 de
574 2220 663 2245 voce
681 2205 782 2246 ἐπω-

119 2263 257 2315 νυμίη.

291 2321 403 2372 Cap.

176 2374 220 2416 ‘O
246 2374 290 2416 δὲ
317 2381 436 2425 παῖς,
474 2372 523 2416 ου’
546 2374 622 2429 γὰρ
644 2375 721 2427 ἔφη
747 2391 781 2415 κ-

120 2448 154 2471 τ.
174 2432 223 2483 λ.]
254 2435 443 2472 Orationis
461 2438 680 2472 structuram
698 2434 783 2470 atti-

123 2490 178 2538 git
199 2489 333 2528 Matth.
357 2492 424 2528 Gr.
446 2491 513 2528 Gr.
542 2503 628 2542 pag.
660 2489 782 2532 1295.

127 2547 248 2587 1297.
323 2547 507 2585 Particula
566 2549 782 2599 τοιγαροῦν

123 2602 362 2641 concludendi
388 2605 461 2642 vim
485 2605 521 2641 h.
544 2604 566 2642 l.
597 2617 784 2642 assumere

124 2660 289 2697 videtur:
320 2661 451 2710 itaque.
498 2661 608 2699 Conf.
630 2661 785 2710 Hooge-

124 2728 228 2754 veen.
250 2716 379 2754 Doctr.
399 2717 554 2754 Particc.
576 2731 656 2769 cap.
674 2718 728 2758 53
746 2716 783 2769 §-

125 2771 150 2812 4
170 2785 274 2822 seqq.
295 2785 381 2822 pag.
401 2772 481 2813 751
507 2786 584 2823 seq.

182 2825 531 2880 συμπλεύσεσθαι]
580 2831 601 2867 1.
637 2844 669 2868 0.
713 2843 787 2868 una

446 2319 612 2358 CXLIX.

841 802 923 826 cum
957 790 1038 839 ipso
1078 788 1262 839 proficisci
1297 789 1334 824 in
1369 800 1502 825 novam

841 845 916 883 scil.
946 845 1124 883 coloniam
1158 858 1178 882 e
1207 844 1502 892 Lacedaemone,

840 903 916 940 sive
934 903 982 939 ad
1002 915 1116 939 novas
1128 901 1359 951 quaerendas
1381 902 1500 939 sedes.

896 955 963 998 ὄϊν
982 958 1026 998 ἐν
1046 954 1216 1007 λύκοισι]
1235 959 1415 995 Referunt
1432 957 1502 995 huc

839 1016 940 1066 apud
958 1015 1183 1065 Evangelist.
1205 1015 1339 1052 Matth.
1361 1015 1408 1060 X,
1430 1016 1499 1055 16:

841 1071 895 1119 ὥς
931 1068 1113 1125 πρόβατα
1140 1072 1182 1112 ἐν
1213 1070 1318 1124 μέσῳ
1345 1067 1499 1119 λύκωνς

839 1130 888 1166 ad
912 1142 1021 1178 quem
1050 1129 1166 1166 locum
1190 1128 1296 1179 plura
1317 1128 1501 1165 dederunt

839 1186 1038 1223 doctissimi
1055 1187 1285 1237 interpretes
1323 1184 1421 1221 Hinc
1440 1185 1500 1221 vix

839 1255 951 1293 opus,
983 1243 1032 1280 de
1052 1242 1157 1279 huius
1177 1242 1261 1279 dicti
1283 1253 1392 1279 sensu
1416 1241 1500 1291 plu-

838 1299 937 1336 ribus
958 1311 1152 1349 exponere.
1201 1297 1259 1335 De
1281 1297 1432 1346 Oeolyco
1452 1299 1496 1335 cf.

838 1356 949 1394 etiam
970 1356 1131 1393 Pausan.
1153 1354 1227 1401 III,
1254 1355 1317 1395 15.
1347 1354 1410 1400 lv,
1431 1357 1467 1393 7.

895 1412 963 1451 καί
984 1406 1394 1461 κως-ἐπεκράτησε]
1426 1411 1449 1446 1.
1466 1424 1498 1448 0.

839 1469 945 1519 idque
974 1481 1094 1506 nomen
1116 1467 1197 1519 sere
1225 1467 1382 1505 invaluit
1406 1467 1496 1514 sive,

834 1531 875 1564 ut
895 1525 998 1564 Valla
1027 1526 1210 1563 reddidit:
1260 1528 1293 1561 et
1317 1524 1357 1561 id
1375 1537 1497 1561 nomen

835 1584 1060 1632 (cognomen
1087 1583 1161 1619 scil.
1195 1595 1217 1619 a
1249 1584 1358 1631 patre
1380 1581 1499 1618 disce-

835 1641 950 1677 dente
959 1639 1117 1676 inditum
1127 1638 1216 1686 filio)
1226 1637 1337 1674 alteri
1346 1637 1497 1683 (nomini

837 1696 910 1734 scil.
923 1724 935 1743 ‚
971 1708 1045 1746 quo
1065 1695 1220 1733 30101130
1241 1693 1416 1745 appellari
1438 1706 1499 1730 so-

838 1754 921 1790 litus
937 1754 1036 1801 erat)
1048 1752 1266 1802 praevaluit.
1298 1751 1399 1788 Idem
1416 1763 1497 1787 ver-

836 1811 920 1848 bum
956 1808 1181 1860 ἐπικρατεῖν
1215 1808 1346 1846 eodem
1388 1820 1497 1844 sensu

836 1867 939 1917 apud
959 1867 1089 1906 Athen.
1112 1864 1201 1902 XIII
1222 1878 1257 1915 p.
1281 1862 1363 1904 578
1381 1864 1424 1903 E.
1462 1869 1500 1901 et

837 1923 996 1973 Diogen.
1014 1923 1138 1961 Laert.
1160 1922 1230 1969 III,
1261 1919 1301 1960 4.
1349 1920 1400 1966 V,
1422 1921 1498 1961 38:

837 1993 933 2029 quae
958 1980 1084 2017 laudat
1101 1978 1277 2016 Valcken.
1314 1976 1381 2015 Cr.
1413 1977 1500 2014 citat

838 2037 958 2087 Toup.
986 2037 1034 2074 ad
1060 2035 1218 2085 Longin.
1249 2038 1336 2072 sect.
1365 2033 1435 2070 XV
1462 2046 1499 2082 p.

838 2096 921 2135 313
942 2093 1021 2141 (ed.
1042 2094 1164 2130 Oxou.
1189 2089 1340 2141 1778),
1370 2090 1432 2126 ubi
1452 2090 1499 2125 si-

838 2150 933 2188 milis
968 2149 1066 2187 locus
1103 2162 1124 2187 e
1157 2147 1310 2185 Philone
1347 2146 1500 2183 affertur

839 2207 982 2245 advers.
1001 2206 1172 2244 Flaccum
1191 2219 1225 2255 p.
1239 2205 1340 2245 520:
1381 2205 1498 2241 τοῦτο

839 2261 915 2317 γάρ
932 2258 1150 2318 κεκράτηκέ
1171 2276 1258 2307 πως
1273 2257 1462 2309 τοῦνομα

899 2315 963 2359 ἐπ’
989 2320 1037 2358 οὑ
1066 2318 1249 2370 Αἰγεῖδαι
1271 2315 1498 2366 καλεῦνται]

839 2377 871 2414 Ε
889 2377 1080 2423 Mediceo,
1122 2374 1362 2420 Florentino,
1420 2373 1499 2410 aliis

839 2434 961 2484 recepi
989 2428 1055 2472 ἐπ’
1088 2426 1159 2479 οὗ,
1199 2431 1296 2468 cuius
1324 2429 1405 2467 loco
1442 2429 1502 2467 alii

841 2485 918 2530 ἄπ’
954 2484 1025 2537 οὗ,
1064 2488 1123 2526 3111
1146 2484 1225 2528 dno
1257 2489 1352 2536 τοῦς
1392 2498 1501 2535 quam

839 2548 1031 2586 1001100010
1050 2546 1237 2596 vulgatam
1263 2541 1502 2582 recentissimi

840 2604 999 2643 editores
1030 2603 1270 2641 retinuerunt.
1329 2600 1387 2638 De
1422 2599 1502 2647 ipsa

840 2661 1063 2710 Aegzdarum
1109 2663 1220 2709 gente
1267 2654 1504 2698 nobilissima,

840 2718 931 2756 alios
962 2722 1004 2754 ut
1027 2722 1191 2762 taceam,
1232 2713 1328 2749 conf.
1357 2709 1502 2747 Miiller.

841 2774 1063 2812 Orchomen.
1083 2784 1171 2823 pag.
1193 2770 1275 2810 329
1302 2779 1405 2816 seqq.
1429 2765 1503 2815 (cui

844 2831 907 2868 Cr.
932 2827 1163 2867 additTafel.
1175 2824 1356 2863 Dilucidd.
1372 2822 1506 2860 Pindd.

1525 400 1586 426 11101
1606 406 1691 427 natus
1712 404 1764 427 Ae-

1650 443 1657 458 (
