1863 3256
425 80 984 121 MELPOMENE.
1044 82 1100 119 IV.

1305 90 1387 128 457

136 190 420 246 Μνησάρχου·
458 191 659 235 ἐνθεῦτεν
692 190 737 233 δὲ
767 188 922 240 αὐτόν,
952 187 1189 244 γενόμενον
1218 189 1437 234 {zadae-90

137 277 238 313 ρον,
289 262 481 318 χρήματα
521 260 763 317 κτήσασθαι
803 258 960 316 συχνά·
1012 258 1283 314 κτησάμενον
1327 261 1390 312 δὲ,

108 337 128 354 ⁶,
157 329 166 344 ²
303 338 318 345 -.
390 333 400 346 s
494 332 502 344 ι
568 332 580 345 ‹-
709 337 726 344 ..

108 336 343 375 «απελθειν
385 349 426 383 ες
455 348 532 388 την
561 348 740 376 εωυτου.

800 331 871 375 ἅτε
902 330 947 373 δὲ
977 331 1196 386 κακοβίων
1225 345 1268 372 τε
1298 329 1392 373 ἐόν-

136 416 221 443 των
249 406 334 444 τῶν
365 405 566 458 Θρηΐκων
597 402 670 445 καὶ
706 398 1120 456 ὑπαφρονεστέρων,
1166 399 1242 444 τὸν
1272 399 1388 444 Ζάλ-

135 472 260 525 μοξιν
307 476 465 515 τοῦτον
513 470 798 525 ἐπιστάμενον
836 472 1007 515 δίαιτάν
1051 489 1095 516 τε
1128 471 1266 523 Ἰάδα,
1316 472 1389 515 καὶ

131 541 242 594 ἤθεα
284 540 507 597 βαθύτερα
543 541 572 597 ἢ
610 541 718 584 κατὰ
759 540 971 596 Θρήϊκας,

1029 540 1101 585 οἷα
1129 543 1303 598 ““Έλλησί
1343 550 1444 586 τε95

133 607 396 665 ὁμιλήσαντα
425 613 497 656 καὶ
520 610 736 669 Ἑλλήνων
766 608 821 655 οὐ
851 615 912 670 τῷ
935 611 1233 671 ἀσθενεστάτῳ
1263 624 1386 670 σοφι-

76 798 264 847 thagoram
283 800 392 837 Samo
422 800 627 838 discessisse
651 813 729 838 cum

77 859 240 892 statuant
278 869 373 893 anno
401 856 481 898 566
511 870 544 893 a.
568 857 655 894 Chr.
695 870 730 894 n.

78 923 107 947 s.
128 911 270 963 Olymp.
290 912 434 965 LVIII}
463 914 575 959 (conf.
599 914 732 951 Ritter.

79 966 212 1004 Gesch.
235 969 299 1005 der
318 969 510 1019 pythagor.
523 968 730 1019 Philosoph.

77 1035 166 1073 pag.
196 1027 222 1065 7
252 1027 349 1073 seq.)
379 1026 445 1063 iter
476 1027 650 1062 facturum
685 1025 732 1062 ad

79 1084 193 1117 terras
257 1082 468 1131 peregrinas
528 1081 731 1118 lustrandas

79 1136 173 1182 sive,
204 1141 242 1173 ut
267 1137 346 1173 aliis
367 1137 505 1187 placet,
535 1138 584 1174 ad
607 1138 730 1174 sedem

78 1192 114 1228 in
154 1191 256 1229 Italia
284 1193 466 1241 figendam
499 1192 732 1243 philosopho·

76 1259 228 1297 rumque
272 1248 430 1286 scholam
488 1249 731 1294 condendam,

76 1315 302 1354 consequens
340 1309 414 1352 est,
463 1305 657 1354 religiones
693 1309 732 1342 et

78 1371 180 1397 sacra
215 1372 235 1397 a
261 1361 426 1399 Zalmoxi
456 1362 504 1398 ad
533 1362 650 1399 Getas
680 1360 733 1398 al-

0 1453 1 1465 }
75 1415 150 1453 lata
174 1417 211 1452 in
240 1421 382 1467 tempus
409 1417 466 1455 vel
487 1418 648 1468 proxime
668 1430 733 1454 an-

77 1473 248 1510 tecedens
267 1473 323 1511 vel
347 1474 568 1523 subsequens
589 1475 730 1511 cadere.

78 1527 140 1566 Tu
159 1530 252 1566 conf.
268 1530 447 1567 Schultze.
465 1532 642 1581 Apparat.
664 1531 730 1567 cri-

77 1585 137 1623 tic.
175 1598 260 1635 pag.
291 1587 345 1627 33
376 1599 478 1635 seqq.
503 1591 539 1624 et
563 1591 655 1624 nott.
684 1586 732 1623 ad

77 1641 217 1679 Herod.
246 1641 317 1689 IV,
349 1644 413 1683 96.
457 1642 641 1680 Herodoti
674 1647 730 1680 te-

77 1698 279 1735 stimonium
313 1700 360 1737 de
391 1697 623 1746 Mnesarcho,
660 1699 733 1747 Py-

77 1753 253 1803 thagorae
271 1759 387 1805 patre,
408 1756 482 1792 sive
499 1755 634 1793 artifice
656 1756 731 1793 sive

0 1820 7 1832 »
77 1815 303 1857 mercatore,
343 1811 390 1849 ad
418 1824 542 1848 verum
578 1812 731 1848 maxime

79 1867 252 1904 accedere
279 1871 378 1905 recte
405 1868 532 1904 statuit
551 1868 683 1905 Ritter.
703 1867 727 1906 I.

77 1921 99 1959 l.
121 1935 207 1972 pag.
224 1926 272 1969 2,
298 1936 319 1959 a
339 1923 405 1961 Cr.
425 1923 604 1961 laudatus.
634 1923 729 1961 Nam

78 1978 137 2015 alii
164 1978 220 2016 vel
240 1978 465 2017 Marmacum
480 1980 538 2018 vel
557 1980 731 2017 Demara-

79 2038 152 2072 tum
174 2040 305 2073 vocant
329 2041 468 2087 patrem
489 2036 731 2085 Pythagorae.

78 2091 178 2129 ldem
213 2091 277 2129 Cr.
314 2093 454 2131 confert
482 2092 649 2143 Append.
684 2093 731 2129 ad

78 2147 238 2197 Etymol.
268 2161 388 2198 magn.
414 2149 495 2187 Vol.
520 2149 553 2186 11
580 2162 616 2199 p.
638 2151 731 2197 636,

81 2204 106 2244 5
129 2204 184 2241 ed.
197 2203 296 2255 Lips.

136 2257 291 2300 δίαιτάν
310 2275 350 2300 τε
368 2255 486 2310 Ἰάδα]
515 2260 573 2298 Ad
591 2273 733 2298 omnem

80 2316 174 2354 vitae
201 2317 379 2363 cultioris,
410 2318 483 2367 qua
512 2317 617 2354 Iones
645 2330 734 2367 prae

81 2374 233 2409 caeteris
252 2378 328 2411 tum
345 2373 585 2419 excellebant,
624 2374 736 2410 ratio-

80 2440 163 2464 nem
185 2430 314 2466 refero.
354 2430 462 2468 conf.
485 2430 521 2477 Ι,
548 2429 612 2469 35.
642 2429 734 2470 157.

82 2483 188 2527 Quae
231 2490 429 2534 sequuntur
467 2486 599 2524 verba:
666 2483 734 2524 καὶ

81 2535 189 2590 ἤθεα
219 2536 421 2592 βαθύτερα
441 2538 469 2593 ἢ
492 2539 590 2581 κατὰ
613 2537 733 2592 Θρήϊ-

82 2610 154 2641 κας
201 2596 403 2645 Schweigh.
461 2598 511 2636 sic
554 2598 733 2636 reddidit:

82 2651 303 2699 „Zalmoxin
321 2651 412 2689 hunc
425 2674 480 2680 ——
508 2655 658 2692 moribus
675 2656 734 2691 in-

84 2709 244 2746 stitutum
284 2708 506 2757 cultioribus,
547 2723 649 2760 quam
676 2712 737 2761 qui

765 1095 883 1131 „rasse
928 1081 1116 1118 exhedram
1153 1082 1248 1119 etc.“

787 800 884 852 apud
903 799 1062 838 Thracas
1078 802 1288 847 obtinerent,
1321 806 1360 837 ut
1379 799 1442 849 qui

787 871 867 894 cum
899 857 1048 894 Graecis
1083 857 1265 894 habuisset
1291 869 1443 894 consue-

787 914 950 951 tudinem
973 919 1010 951 et
1029 927 1106 950 cum
1119 914 1339 962 Pythagora,
1366 913 1443 949 viro

788 971 879 1007 inter
923 970 1083 1006 Graecos
1126 970 1261 1018 ingenii
1306 969 1443 1006 cultura

790 1027 991 1071 eminente,
1027 1025 1275 1061 exstruendam
1298 1026 1367 1061 sz'bz·
1384 1038 1444 1061 cu-

1314 1080 1447 1117 Attulit

787 1137 1004 1184 lVesseIing.
1021 1137 1158 1185 aliquot
1177 1137 1287 1181 locos,
1309 1136 1345 1172 in
1365 1137 1463 1186 qui-·

788 1193 854 1230 bus
885 1186 990 1243 ἦθος
1020 1189 1131 1243 βαθὺ
1164 1193 1205 1229 de
1224 1192 1340 1228 indole
1355 1205 1446 1241 pru-

789 1249 890 1286 denti
931 1255 969 1286 et
1007 1251 1119 1297 gravi
1160 1248 1444 1296 intelligendum.

787 1306 849 1343 Sic
892 1318 1038 1355 quoque
1072 1306 1203 1342 dicitur
1235 1300 1368 1355 βαθύς
1395 1305 1447 1357 τῇ

787 1363 920 1414 ψυχῇ,
950 1364 999 1415 τῆ
1017 1373 1137 1411 φυσει
1158 1373 1214 1397 vzr
1227 1360 1386 1411 prudens
1409 1365 1446 1398 et

788 1407 1050 1464 consideratus,
1099 1422 1253 1454 notante
1300 1417 1365 1454 Dis
1368 1429 1444 1454 sen.

787 1476 834 1512 ad
856 1475 961 1512 Pind.
983 1474 1089 1512 Nem.
1108 1475 1158 1510 IV
1161 1502 1171 1520 ,
1197 1477 1222 1514 7
1243 1486 1327 1523 pag.
1347 1474 1444 1519 396,

788 1531 847 1568 ubi
885 1534 1049 1567 nostrum
1089 1530 1206 1566 Iocum
1237 1542 1310 1566 non
1337 1541 1444 1578 prae-

785 1587 902 1634 teriit,
951 1587 988 1623 in
1027 1600 1099 1636 quo
1137 1585 1240 1622 simul
1277 1586 1325 1622 ad
1352 1598 1445 1631 eam,

788 1655 896 1692 quam
936 1643 1060 1680 dicunt
1092 1642 1350 1678 humanitatem
1386 1654 1444 1677 ar-

787 1703 915 1749 tesque
939 1698 1106 1736 liberales
1135 1702 1246 1746 atque
1267 1698 1443 1746 ingenuas

787 1756 915 1806 respici
945 1760 1079 1806 putem.
1122 1753 1231 1791 Italus
1265 1754 1444 1804 interpres

787 1824 830 1849 ex
858 1811 988 1849 Dantis
1018 1811 1175 1848 carmine
1202 1810 1307 1847 affert
1331 1809 1445 1847 simile

787 1868 905 1904 istud:
945 1896 969 1915 ,‚
973 1881 1039 1905 con
1068 1868 1128 1917 piu
1159 1866 1263 1904 dolze
1292 1879 1443 1915 camon,

789 1937 805 1961 e
831 1926 896 1974 pin
919 1923 1105 1974 profonda
1111 1925 1135 1943 ‘⁴
1176 1923 1233 1960 De
1263 1926 1443 1959 structura

787 1976 815 2029 ἢ
853 1977 952 2018 κατά
984 1981 1078 2018 conf.
1114 1979 1244 2016 Matth.
1277 1979 1343 2016 Gr.
1379 1980 1446 2015 Gr.

790 2035 826 2088 §-
849 2035 930 2077 449
949 2049 1033 2086 pag
1052 2036 1146 2077 843.

846 2092 911 2131 καὶ
938 2088 1134 2142 Ελληνων
1166 2087 1214 2131 ov'
1240 2093 1295 2145 τῷ
1318 2085 1445 2129 α’σθε-

789 2163 832 2187 νε
837 2145 962 2201 στάτῳ
995 2150 1164 2201 σοφιστῇ
1186 2133 1442 2200 Πυθαγόρῃ]

789 2205 894 2242 Haec
935 2206 1045 2243 verba
1085 2206 1242 2242 excitans
1273 2203 1445 2241 Eustath.

790 2262 840 2298 ad
872 2261 972 2298 Iliad.
1002 2261 1051 2298 IV
1082 2273 1167 2311 pag.
1198 2261 1303 2306 365,
1333 2262 1387 2300 30
1417 2272 1445 2296 S·

792 2318 898 2365 479,
928 2320 977 2358 17
997 2317 1164 2355 exhibet:
1205 2312 1253 2355 ου’
1274 2318 1332 2370 τῷ
1349 2311 1448 2355 οἷσο-

794 2370 961 2428 φωτάτῳ
981 2374 1090 2423 idque
1110 2373 1257 2424 exponit
1274 2375 1328 2426 τῷ
1341 2368 1449 2411 πάνυ

793 2432 921 2484 σοφῷ.
972 2429 1103 2479 Neque
1132 2442 1217 2466 vero
1246 2413 1446 2478 quidquam

792 2487 829 2523 in
864 2486 1053 2524 Herodoto
1099 2485 1311 2523 mutandum
1350 2484 1447 2521 libris

791 2543 921 2582 invitis.
987 2542 1108 2593 Ipsum
1146 2542 1290 2579 dicendi
1331 2551 1447 2588 genus

791 2600 889 2649 apud
913 2598 1165 2648 Thucydidem
1196 2599 1367 2646 frequens
1389 2599 1445 2630 at-

791 2655 872 2704 tigit
905 2654 1036 2692 Matth.
1078 2655 1143 2690 Gr.
1183 2653 1247 2688 Gr.
1291 2650 1328 2701 §.
1363 2649 1446 2691 463

792 2716 829 2748 et
866 2710 1002 2760 aliquot
1040 2707 1212 2759 exemplis
1259 2706 1448 2743 illustravit
