1863 3256
430 219 514 259 210
828 216 1298 256 HERODOTI

398 324 521 369 4ἐστι
557 324 610 369 τὰ
650 324 846 369 ἐπέκεινα
885 329 960 381 τῆς
991 325 1221 381 Εὐρώπης.
1281 325 1322 377 ἐξ
1353 322 1531 378 ἐσχάτης
1560 321 1601 366 δ’
1635 317 1698 366 ὦν

429 396 455 440 ὅ
496 412 541 439 τε
579 398 830 451 κασσίτερος
879 397 984 452 ἡμῖν
1035 402 1194 455 φοιτᾷ,
1249 397 1323 439 καὶ
1368 395 1417 437 τὸ
1470 393 1753 450 ἤλεκτρον.55

265 467 366 511 116
425 467 547 521 Πρὸς
578 467 623 510 δὲ
663 467 829 520 ἄρκτου
867 472 943 521 τῆς
984 466 1202 522 Εὐρώπης
1235 471 1381 523 πολλῷ
1421 483 1461 507 τι
1499 469 1698 514 πλεῖστος

94 533 216 599 {⁴1:¹⁹2}ss
232 531 293 598 ἐξ).
308 532 372 592 ΑΜ·
427 536 586 594 χρυσὸς
627 541 830 594 φαίνεται
873 536 975 580 ἐών·
1034 536 1147 588 ὅκως
1191 538 1270 593 μὲν
1313 535 1562 592 γινόμενος,
1612 534 1694 579 οὐκ
1760 533 1842 576 255

1266 607 1432 664 λέγεται
1463 606 1508 650 δὲ
1538 605 1618 650 ὑπ’
1651 607 1697 650 ἐκ

94 606 161 660 istim
212 607 283 634 ”m
307 607 372 626 ⁰¹¹¹‘
429 610 508 666 ἔχω
541 608 644 653 οὐὸὲ
673 612 804 651 τοῦτο
834 605 1046 662 ἀτρεκέως
1076 606 1212 651 εἶπαι·

425 684 515 725 τῶν
543 682 725 735 γρυπῶν
754 677 963 732 ἁρπάζειν
988 676 1301 733 Ἀριμασπούς,
1337 678 1502 731 ἄνδρας
1531 694 1695 733 μουνο·

397 751 677 808 Ξφθάλμους.
735 750 944 804 πείθομαι
974 749 1019 792 δὲ
1051 747 1153 793 ου’ὁὲ
1185 754 1336 801 τοῦτο,

370 923 506 959 Plinius
517 919 876 967 Hist.Nat.XXXIlI‚
890 923 928 966 4,
944 922 1033 969 23),

370 979 480 1016 modo
501 978 697 1024 succinum,
718 977 818 1025 quod
832 977 962 1015 (licitur
983 979 1033 1014 si-

370 1035 527 1084 gnificet.
569 1034 798 1071 Herodotum
825 1033 872 1071 de
889 1036 1033 1072 succino

372 1092 493 1140 (quod
528 1091 651 1127 forsan
685 1102 752 1138 pro
792 1091 937 1128 metallo
969 1091 1035 1127 ha-

372 1148 475 1194 buit,
523 1148 634 1184 modo
672 1147 769 1182 norit
816 1148 1033 1194 accuratius,

372 1204 473 1253 quod
491 1204 609 1253 ipsum
628 1202 809 1249 dubitem)
839 1205 1033 1253 cogitasse,

370 1262 429 1297 vix
453 1266 511 1297 est
535 1259 635 1308 quod
663 1270 844 1298 moneam.
892 1260 1030 1305 „Confi

372 1317 479 1354 etiam
493 1316 622 1353 Millin.
644 1316 679 1351 in
695 1315 931 1364 Mineralogie
954 1317 1034 1353 Ho-

370 1373 536 1421 merique
555 1372 671 1410 Class.
692 1371 724 1406 V
741 1384 776 1420 p.
798 1370 851 1412 48
870 1385 950 1421 sqq.
974 1373 1031 1409 ed.

369 1429 533 1474 secund„
568 1429 629 1464 ubi
659 1441 694 1478 p.
723 1429 776 1468 58
798 1428 1031 1466 Herodoteus

368 1498 515 1535 quoque
536 1485 636 1522 locus
658 1484 888 1531 attingitur.“
921 1484 950 1522 C
962 1498 990 1521 r.

376 1578 379 1582 .
561 1541 592 1578 C
605 1554 673 1590 ap.
705 1540 835 1578 cxvi.

425 1593 538 1648 Πρὸς
565 1593 772 1648 ὅὲμόἷρκτου
795 1599 866 1645 τῆς
889 1593 1032 1648 Εὐρώ-

367 1653 460 1703 πης]
492 1653 547 1689 ΕΧ
567 1653 599 1689 h.
622 1652 643 1689 l.
667 1657 702 1689 et
724 1652 783 1700 IV,
803 1651 869 1694 42.
898 1652 950 1693 45
974 1655 1031 1690 in-

367 1710 484 1758 telligi
505 1710 555 1745 ait
573 1708 780 1757 Schweigh.
794 1737 805 1755 ‚
845 1709 1031 1759 Europam

368 1779 413 1805 ex
441 1766 624 1803 Herodoti
657 1766 800 1802 ratione
830 1766 1030 1803 secundum

368 1827 484 1859 totam
524 1822 648 1858 Asiam
693 1835 851 1872 superne
893 1822 1031 1872 porrigi

368 1874 648 1927 universamque
669 1878 799 1923 Asiae,
829 1891 938 1927 quam
962 1891 1030 1915 nos

368 1947 559 1981 vocamus,
596 1941 738 1984 partem
759 1935 1029 1984 septentriona-

369 1992 439 2029 lem
459 1990 782 2040 comprehendere.
820 1991 1030 2028 Accuratius

368 2048 405 2084 in
428 2048 518 2085 haec
538 2047 723 2095 inquisivit
735 2047 891 2084 Heeren.
916 2047 1028 2084 ldeen

368 2103 398 2150 I,
420 2107 436 2143 1
461 2117 497 2153 p.
517 2104 584 2150 93,
614 2108 901 2140 commonstrans
918 2104 1031 2140 verba

367 2156 468 2209 πρός
494 2156 640 2210 ἄρκτου
668 2161 740 2207 τῆς
761 2155 965 2210 Εὐρώπης
993 2164 1029 2196 et

369 2228 463 2264 quae
486 2228 590 2264 seqq.
626 2228 699 2252 non
730 2221 804 2253 tam
832 2217 883 2253 ad
913 2216 1030 2252 Euro-

369 2284 440 2321 pae
471 2278 617 2308 nostrae
656 2276 779 2322 partes
811 2273 1030 2323 septentrio-

369 2328 470 2364 nales
498 2333 534 2364 et
567 2328 811 2365 occidentales
851 2334 1030 2378 spectare,

369 2395 478 2432 qnam
502 2384 549 2419 ad
560 2382 671 2421 Asiae
692 2385 861 2433 regiones
881 2390 1030 2433 septen-

367 2438 542 2477 trionales
571 2440 645 2486 (ad
675 2453 766 2489 quas
796 2441 944 2478 easdem
973 2442 1029 2477 sa-

368 2494 489 2531 bulam
527 2496 574 2532 ‹le
604 2497 804 2546 Arimaspis
844 2497 1030 2545 pertinere

367 2555 471 2601 patet
489 2551 606 2597 ele,
628 2555 703 2600 27)
719 2566 761 2589 ac
781 2553 961 2601 sigillatim
982 2553 1030 2590 ad

368 2619 431 2644 cos
461 2613 626 2654 montes,
683 2610 745 2658 qui
787 2609 966 2646 Siberiam
1008 2621 1030 2646 a

367 2662 539 2701 Tartaria
557 2676 690 2713 magna
706 2665 914 2712 seiungant,
934 2677 1030 2702 nunc

366 2720 530 2768 cognitos
559 2721 707 2758 nomine
736 2720 840 2757 Altai
869 2726 907 2758 et
939 2734 1028 2758 auro

366 2776 512 2813 minime
531 2781 718 2822 carentes,
748 2790 826 2814 cum
845 2790 939 2826 quae
960 2777 1028 2815 illic

366 2830 551 2870 habitasse
562 2832 727 2870 dicantur
738 2838 881 2882 gentes,
901 2845 1027 2871 omnes

1386 748 1500 800 ὅκως
1539 748 1695 805 μουνό-
1709 756 1753 789 63

1090 935 1179 959 auro
1199 921 1388 957 abundare
1407 922 1686 969 perhibeantur,
1715 926 1751 958 et

1090 978 1318 1016 metallorum
1357 976 1528 1024 reliquiae
1567 979 1684 1014 adhuc
1714 979 1751 1015 in

1090 1036 1132 1072 iis
1161 1035 1248 1084 ipsis
1280 1033 1488 1081 regionibus
1508 1035 1752 1081 inveniantur,

1091 1092 1223 1141 quibus
1254 1090 1376 1126 orbem
1403 1094 1578 1127 terrarum
1605 1091 1751 1127 omnino

1089 1147 1207 1185 claudi
1259 1151 1295 1183 et
1342 1147 1527 1183 terminari
1577 1147 1753 1196 putarint.

1090 1205 1199 1241 Conf.
1227 1203 1337 1240 etiam
1367 1215 1462 1251 quae
1491 1203 1540 1240 ad
1563 1203 1637 1250 ΙΙΙ,
1671 1205 1752 1244 102

1089 1260 1357 1309 adscripsimus.

1146 1318 1280 1354 πολλῶ
1315 1331 1358 1353 τι
1393 1318 1574 1361 πλεῖστος
1607 1327 1751 1366 γρυσος

1091 1387 1260 1423 φαινετε
1264 1370 1293 1421 ι]
1332 1387 1368 1410 τι
1390 1386 1469 1409 cum
1491 1378 1642 1409 recentt.
1666 1372 1750 1410 edd.

1089 1430 1244 1481 plurium
1267 1429 1373 1465 codd.
1388 1429 1602 1466 auctoritate
1616 1428 1750 1478 recepi,

1088 1500 1169 1523 cnm
1184 1486 1292 1534 vulgo
1312 1486 1471 1522 abesset.
1494 1506 1546 1512 ——
1578 1484 1751 1522 Locutio-

1089 1556 1172 1580 nem
1199 1537 1271 1580 ὑπ’
1305 1540 1346 1580 ἐκ
1375 1544 1455 1580 τῶν
1475 1543 1640 1592 γρυπῶν
1670 1541 1751 1578 illu-

1088 1604 1206 1636 strant
1237 1598 1433 1634 Homerica
1462 1598 1500 1633 ΙΙ.
1516 1597 1622 1644 XVI,
1651 1599 1749 1637 353.

1089 1656 1162 1692 Od.
1183 1654 1251 1699 XI,
1286 1657 1351 1694 37.
1388 1654 1428 1690 ll.
1451 1654 1496 1699 V,
1520 1652 1612 1693 854.
1652 1653 1750 1700 VIII,

1089 1711 1181 1752 504.
1202 1710 1285 1755 XV,
1299 1712 1496 1751 628720.
1526 1710 1643 1756 XVII,
1655 1710 1751 1752 461.

1088 1770 1182 1809 581.
1230 1767 1330 1804 Idem
1360 1767 1505 1804 dicendi
1537 1778 1652 1814 genus
1678 1767 1751 1804 fre-

1087 1836 1202 1872 quens
1236 1823 1335 1873 apud
1377 1823 1609 1873 Apollonium
1647 1823 1750 1860 Rho-

1087 1881 1185 1916 dium
1199 1909 1211 1925 ‚
1241 1881 1338 1916 cuius
1359 1880 1458 1916 locos
1479 1879 1627 1927 collegit
1647 1878 1750 1917 Wel-

1086 1935 1195 1973 lauer.
1220 1936 1257 1971 in
1288 1936 1410 1972 Indice
1441 1936 1526 1972 edit.
1553 1947 1640 1972 suae
1662 1948 1689 1972 S.
1713 1948 1747 1972 v·

1085 2012 1140 2019 —
1158 1991 1217 2029 De
1232 1991 1417 2041 Gryplm‘m
1442 1990 1563 2028 sabula
1584 1992 1751 2042 disputa-

1086 2049 1200 2084 vimus
1230 2049 1266 2084 in
1288 2048 1454 2084 Excursu
1487 2048 1535 2084 ad
1565 2047 1599 2084 h.
1619 2048 1641 2084 l.
1689 2048 1749 2086 De

1086 2104 1286 2154 Arimaspis
1340 2104 1544 2141 videbimus
1593 2105 1643 2141 ad
1684 2104 1749 2151 IV,

1066 2163 1151 2209 27.
1181 2161 1245 2200 32.

1143 2213 1293 2266 ἄνδρας
1376 2210 1746 2267 μουνοφθάλμους]

1085 2273 1191 2310 Unus
1231 2274 1415 2309 Sancrosti
1465 2272 1554 2308 liber
1595 2286 1746 2321 μονο-

1087 2326 1748 2376 madal.C0111.P›11nx11,62.-

1086 2385 1174 2423 Mox
1195 2386 1326 2423 retinui
1346 2399 1387 2422 αι
1410 2381 1459 2433 δη
1484 2377 1540 2421 ὧν
1561 2384 1747 2434 ἐσχατιαί,

1087 2443 1188 2479 cuius
1219 2442 1297 2478 loco
1317 2442 1420 2477 Reiz.
1448 2440 1533 2478 αι’ὁε
1557 2441 1614 2478 ὠν
1636 2441 1748 2491 ἐσχα-

1087 2499 1189 2545 τιαίς
1220 2504 1257 2535 et
1280 2498 1315 2533 in
1334 2497 1403 2534 fine
1423 2510 1501 2545 cap.
1517 2511 1633 2535 rai-wa
1653 2499 1748 2548 (quo

1089 2554 1233 2602 longius
1260 2559 1437 2590 remotum
1458 2552 1629 2603 ἐσχατιαί
1651 2567 1748 2603 quo-

1088 2610 1286 2647 dammodo
1308 2610 1506 2659 repetitur)
1539 2623 1604 2660 pro
1632 2605 1748 2657 αὐτά,

1086 2666 1206 2715 quod,
1243 2666 1422 2715 probante
1443 2666 1707 2716 ll'esselingio,
1727 2679 1749 2704 e

1085 2722 1228 2759 duobus
1272 2721 1369 2758 libris
1413 2727 1601 2772 receperat
1642 2723 1747 2760 Reiz.

1084 2778 1259 2826 quodque
1278 2791 1358 2814 mea
1384 2780 1567 2816 sententia
1590 2779 1748 2830 explica-

1084 2838 1125 2872 tu
1141 2839 1198 2872 est
1218 2833 1409 2871 difficiIius.
