<?xml version="1.0" encoding="UTF-8"?>
<!DOCTYPE html PUBLIC "-//W3C//DTD XHTML 1.0 Transitional//EN"
    "http://www.w3.org/TR/xhtml1/DTD/xhtml1-transitional.dtd">
<html xmlns="http://www.w3.org/1999/xhtml" xml:lang="en" lang="en">
 <head>
  <title>
</title>
<meta http-equiv="Content-Type" content="text/html;charset=utf-8" />
  <meta name='ocr-system' content='tesseract 3.04.00' />
  <meta name='ocr-capabilities' content='ocr_page ocr_carea ocr_par ocr_line ocrx_word'/>
</head>
<body>
  <div class='ocr_page' id='page_1' title='image "./musaeher02hero/musaeher02hero_0463.png"; bbox 0 0 1863 3256; ppageno 0'>
   <div class='ocr_carea' id='block_1_1' title="bbox 3 1517 7 2059">
    <p class='ocr_par' dir='ltr' id='par_1_1' title="bbox 3 1517 7 2059">
     <span class='ocr_line' id='line_1_1' title="bbox 3 1517 7 2059; baseline 0 0"><span class='ocrx_word' id='word_1_1' title='bbox 3 1517 7 2059; x_wconf 95' lang='lat' dir='ltr'> </span> 
     </span>
    </p>
   </div>
   <div class='ocr_carea' id='block_1_2' title="bbox 448 82 1123 126">
    <p class='ocr_par' dir='ltr' id='par_1_2' title="bbox 448 82 1123 126">
     <span class='ocr_line' id='line_1_2' title="bbox 448 82 1123 126; baseline -0.006 0"><span class='ocrx_word' id='word_1_2' title='bbox 448 82 1004 126; x_wconf 85' lang='lat' dir='ltr'>MELPOMENE.</span> <span class='ocrx_word' id='word_1_3' title='bbox 1063 83 1123 123; x_wconf 92' lang='lat' dir='ltr'>IV.</span> 
     </span>
    </p>
   </div>
   <div class='ocr_carea' id='block_1_3' title="bbox 1330 89 1413 128">
    <p class='ocr_par' dir='ltr' id='par_1_3' title="bbox 1330 89 1413 128">
     <span class='ocr_line' id='line_1_3' title="bbox 1330 89 1413 128; baseline 0 0"><span class='ocrx_word' id='word_1_4' title='bbox 1330 89 1413 128; x_wconf 69' lang='lat'>445</span> 
     </span>
    </p>
   </div>
   <div class='ocr_carea' id='block_1_4' title="bbox 162 191 1416 256">
    <p class='ocr_par' dir='ltr' id='par_1_4' title="bbox 162 191 1416 256">
     <span class='ocr_line' id='line_1_4' title="bbox 162 191 1416 256; baseline -0.004 -15"><span class='ocrx_word' id='word_1_5' title='bbox 162 201 311 256; x_wconf 77' lang='grc' dir='ltr'><strong><em>πολλῷ</em></strong></span> <span class='ocrx_word' id='word_1_6' title='bbox 340 197 421 254; x_wconf 84' lang='grc' dir='ltr'><strong><em>τέῳ</em></strong></span> <span class='ocrx_word' id='word_1_7' title='bbox 448 194 612 240; x_wconf 78' lang='grc' dir='ltr'><em>ἐλάσσω</em></span> <span class='ocrx_word' id='word_1_8' title='bbox 643 195 832 239; x_wconf 79' lang='grc' dir='ltr'><em>ἑωυτοῦ·</em></span> <span class='ocrx_word' id='word_1_9' title='bbox 870 192 899 250; x_wconf 83' lang='grc' dir='ltr'><strong><em>ἢ</em></strong></span> <span class='ocrx_word' id='word_1_10' title='bbox 919 193 1107 248; x_wconf 82' lang='grc' dir='ltr'><strong><em>Μαιῆτίς</em></strong></span> <span class='ocrx_word' id='word_1_11' title='bbox 1136 207 1180 234; x_wconf 90' lang='grc' dir='ltr'>τε</span> <span class='ocrx_word' id='word_1_12' title='bbox 1209 191 1416 245; x_wconf 79' lang='grc' dir='ltr'><strong><em>καλέεται,</em></strong></span> 
     </span>
    </p>
   </div>
   <div class='ocr_carea' id='block_1_5' title="bbox 163 266 731 324">
    <p class='ocr_par' dir='ltr' id='par_1_5' title="bbox 163 266 731 324">
     <span class='ocr_line' id='line_1_5' title="bbox 163 266 731 324; baseline -0.004 -13"><span class='ocrx_word' id='word_1_13' title='bbox 163 269 236 311; x_wconf 87' lang='grc' dir='ltr'>καὶ</span> <span class='ocrx_word' id='word_1_14' title='bbox 263 267 402 324; x_wconf 83' lang='grc' dir='ltr'><strong><em>μήτηρ</em></strong></span> <span class='ocrx_word' id='word_1_15' title='bbox 431 271 509 312; x_wconf 89' lang='grc' dir='ltr'><strong><em>τοῦ</em></strong></span> <span class='ocrx_word' id='word_1_16' title='bbox 540 266 731 310; x_wconf 85' lang='grc' dir='ltr'><strong>Πόντου.</strong></span> 
     </span>
    </p>
   </div>
   <div class='ocr_carea' id='block_1_6' title="bbox 270 332 1749 402">
    <p class='ocr_par' dir='ltr' id='par_1_6' title="bbox 270 332 1749 402">
     <span class='ocr_line' id='line_1_6' title="bbox 270 332 1749 402; baseline -0.003 -19.959"><span class='ocrx_word' id='word_1_17' title='bbox 270 338 320 382; x_wconf 86' lang='lat'>‘0</span> <span class='ocrx_word' id='word_1_18' title='bbox 349 339 394 382; x_wconf 79' lang='grc' dir='ltr'>ὁὲ</span> <span class='ocrx_word' id='word_1_19' title='bbox 416 344 625 392; x_wconf 82' lang='grc' dir='ltr'><strong><em>Δαρεῖος,</em></strong></span> <span class='ocrx_word' id='word_1_20' title='bbox 657 336 715 387; x_wconf 77' lang='grc' dir='ltr'>ὦς</span> <span class='ocrx_word' id='word_1_21' title='bbox 744 334 957 392; x_wconf 77' lang='grc' dir='ltr'><strong><em>ἐθηήσατο</em></strong></span> <span class='ocrx_word' id='word_1_22' title='bbox 979 333 1056 377; x_wconf 89' lang='grc' dir='ltr'><strong><em>τὸν</em></strong></span> <span class='ocrx_word' id='word_1_23' title='bbox 1077 334 1269 384; x_wconf 89' lang='grc' dir='ltr'><strong><em>Πόντον,</em></strong></span> <span class='ocrx_word' id='word_1_24' title='bbox 1301 332 1420 376; x_wconf 83' lang='grc' dir='ltr'><strong><em>ε’πλεε</em></strong></span> <span class='ocrx_word' id='word_1_25' title='bbox 1478 334 1550 373; x_wconf 77' lang='lat' dir='ltr'>M.¹²</span> <span class='ocrx_word' id='word_1_26' title='bbox 1478 334 1588 401; x_wconf 56' lang='lat' dir='ltr'>magd</span> <span class='ocrx_word' id='word_1_27' title='bbox 1591 336 1673 402; x_wconf 59' lang='grc' dir='ltr'><strong>ῗξξξξὶ</strong></span> <span class='ocrx_word' id='word_1_28' title='bbox 1678 336 1749 395; x_wconf 55' lang='grc' dir='ltr'>ᾖ</span> 
     </span>
    </p>
   </div>
   <div class='ocr_carea' id='block_1_7' title="bbox 1478 375 1733 428">
    <p class='ocr_par' dir='ltr' id='par_1_7' title="bbox 1478 375 1733 428">
     <span class='ocr_line' id='line_1_7' title="bbox 1478 375 1733 428; baseline 0.006 -1.183"><span class='ocrx_word' id='word_1_29' title='bbox 1478 375 1637 427; x_wconf 57' lang='grc' dir='ltr'>ωιιιίιέοῑιιη</span> <span class='ocrx_word' id='word_1_30' title='bbox 1648 401 1733 428; x_wconf 86' lang='lat' dir='ltr'>·uod</span> 
     </span>
    </p>
   </div>
   <div class='ocr_carea' id='block_1_8' title="bbox 160 403 1750 494">
    <p class='ocr_par' dir='ltr' id='par_1_8' title="bbox 160 403 1750 494">
     <span class='ocr_line' id='line_1_8' title="bbox 160 403 1750 494; baseline -0.003 -41"><span class='ocrx_word' id='word_1_31' title='bbox 160 410 298 454; x_wconf 81' lang='grc' dir='ltr'><em>ὀπίσω</em></span> <span class='ocrx_word' id='word_1_32' title='bbox 343 409 411 452; x_wconf 81' lang='grc' dir='ltr'>ἐπὶ</span> <span class='ocrx_word' id='word_1_33' title='bbox 440 410 518 464; x_wconf 82' lang='grc' dir='ltr'>τὴν</span> <span class='ocrx_word' id='word_1_34' title='bbox 555 408 777 463; x_wconf 77' lang='grc' dir='ltr'><strong><em>γέφυραν,</em></strong></span> <span class='ocrx_word' id='word_1_35' title='bbox 825 409 900 460; x_wconf 88' lang='grc' dir='ltr'><strong><em>τῆς</em></strong></span> <span class='ocrx_word' id='word_1_36' title='bbox 939 404 1198 460; x_wconf 78' lang='grc' dir='ltr'><strong><em>ἁρχιτέκτων</em></strong></span> <span class='ocrx_word' id='word_1_37' title='bbox 1242 403 1507 460; x_wconf 57' lang='lat' dir='ltr'>{ye&#39;vevo9Oe-3‘</span> <span class='ocrx_word' id='word_1_38' title='bbox 1475 433 1551 467; x_wconf 56' lang='lat' dir='ltr'>„W</span> <span class='ocrx_word' id='word_1_39' title='bbox 1578 434 1615 492; x_wconf 57' lang='lat'>3⁰</span> <span class='ocrx_word' id='word_1_40' title='bbox 1625 410 1696 461; x_wconf 62' lang='lat'>³330„</span> <span class='ocrx_word' id='word_1_41' title='bbox 1683 443 1750 494; x_wconf 51' lang='grc' dir='ltr'>8ιῖΡῖ</span> 
     </span>
    </p>
   </div>
   <div class='ocr_carea' id='block_1_9' title="bbox 133 472 1712 593">
    <p class='ocr_par' dir='ltr' id='par_1_9' title="bbox 133 472 1712 560">
     <span class='ocr_line' id='line_1_9' title="bbox 133 472 1712 560; baseline -0.003 -39"><span class='ocrx_word' id='word_1_42' title='bbox 133 478 483 534; x_wconf 67' lang='grc' dir='ltr'><strong><em>ΞΜανδροκλέης</em></strong></span> <span class='ocrx_word' id='word_1_43' title='bbox 512 479 692 533; x_wconf 81' lang='grc' dir='ltr'><strong><em>Σάμιος.</em></strong></span> <span class='ocrx_word' id='word_1_44' title='bbox 750 474 1024 530; x_wconf 82' lang='grc' dir='ltr'><strong><em>θηησάμενος</em></strong></span> <span class='ocrx_word' id='word_1_45' title='bbox 1054 475 1100 519; x_wconf 80' lang='grc' dir='ltr'>δὲ</span> <span class='ocrx_word' id='word_1_46' title='bbox 1119 474 1287 519; x_wconf 78' lang='grc' dir='ltr'><strong><em>καὶτὸν</em></strong></span> <span class='ocrx_word' id='word_1_47' title='bbox 1310 472 1420 518; x_wconf 90' lang='grc' dir='ltr'><strong><em>Βόσ-</em></strong></span> <span class='ocrx_word' id='word_1_48' title='bbox 1478 474 1593 527; x_wconf 67' lang='grc' dir='ltr'>ἷ“’““</span> <span class='ocrx_word' id='word_1_49' title='bbox 1538 507 1590 532; x_wconf 69' lang='lat' dir='ltr'>q„</span> <span class='ocrx_word' id='word_1_50' title='bbox 1595 503 1674 560; x_wconf 49' lang='lat'>‘2⁴5⁸</span> <span class='ocrx_word' id='word_1_51' title='bbox 1655 488 1712 559; x_wconf 58' lang='lat'>„⁶3”</span> 
     </span>
     <span class='ocr_line' id='line_1_10' title="bbox 1476 537 1507 593; baseline 0 -33"><span class='ocrx_word' id='word_1_52' title='bbox 1476 537 1507 593; x_wconf 62' lang='grc' dir='ltr'>εἰ</span> 
     </span>
    </p>
   </div>
   <div class='ocr_carea' id='block_1_10' title="bbox 161 544 1416 604">
    <p class='ocr_par' dir='ltr' id='par_1_10' title="bbox 161 544 1416 604">
     <span class='ocr_line' id='line_1_11' title="bbox 161 544 1416 604; baseline -0.005 -10"><span class='ocrx_word' id='word_1_53' title='bbox 161 566 326 604; x_wconf 88' lang='grc' dir='ltr'><strong><em>πορον,</em></strong></span> <span class='ocrx_word' id='word_1_54' title='bbox 362 547 517 603; x_wconf 78' lang='grc' dir='ltr'><strong><em>στήλας</em></strong></span> <span class='ocrx_word' id='word_1_55' title='bbox 546 549 690 604; x_wconf 80' lang='grc' dir='ltr'><strong><em>ἔστησε</em></strong></span> <span class='ocrx_word' id='word_1_56' title='bbox 722 546 803 590; x_wconf 84' lang='grc' dir='ltr'>δύο</span> <span class='ocrx_word' id='word_1_57' title='bbox 832 544 898 589; x_wconf 81' lang='grc' dir='ltr'>ἐπ’</span> <span class='ocrx_word' id='word_1_58' title='bbox 932 545 1050 603; x_wconf 78' lang='grc' dir='ltr'><strong><em>αὐτῷ</em></strong></span> <span class='ocrx_word' id='word_1_59' title='bbox 1080 548 1211 590; x_wconf 85' lang='grc' dir='ltr'><strong><em>λίθου</em></strong></span> <span class='ocrx_word' id='word_1_60' title='bbox 1243 548 1416 596; x_wconf 82' lang='grc' dir='ltr'><strong><em>λευκοῦ,</em></strong></span> 
     </span>
    </p>
   </div>
   <div class='ocr_carea' id='block_1_11' title="bbox 107 677 378 684">
    <p class='ocr_par' dir='ltr' id='par_1_11' title="bbox 107 677 378 684">
     <span class='ocr_line' id='line_1_12' title="bbox 107 677 378 684; baseline 0 2572"><span class='ocrx_word' id='word_1_61' title='bbox 107 677 378 684; x_wconf 95' lang='lat' dir='ltr'> </span> 
     </span>
    </p>
   </div>
   <div class='ocr_carea' id='block_1_12' title="bbox 108 755 758 806">
    <p class='ocr_par' dir='ltr' id='par_1_12' title="bbox 108 755 758 806">
     <span class='ocr_line' id='line_1_13' title="bbox 108 755 758 806; baseline -0.003 -11"><span class='ocrx_word' id='word_1_62' title='bbox 108 758 244 795; x_wconf 64' lang='lat' dir='ltr'>Pontus</span> <span class='ocrx_word' id='word_1_63' title='bbox 261 758 307 795; x_wconf 86' lang='lat' dir='ltr'>ab</span> <span class='ocrx_word' id='word_1_64' title='bbox 328 755 571 806; x_wconf 82' lang='lat' dir='ltr'>Hellesponto</span> <span class='ocrx_word' id='word_1_65' title='bbox 593 755 758 806; x_wconf 80' lang='lat' dir='ltr'>proxime</span> 
     </span>
    </p>
   </div>
   <div class='ocr_carea' id='block_1_13' title="bbox 103 809 759 917">
    <p class='ocr_par' dir='ltr' id='par_1_13' title="bbox 103 809 759 917">
     <span class='ocr_line' id='line_1_14' title="bbox 103 809 759 863; baseline -0.014 -10"><span class='ocrx_word' id='word_1_66' title='bbox 103 818 316 853; x_wconf 88' lang='lat' dir='ltr'>memorato.</span> <span class='ocrx_word' id='word_1_67' title='bbox 365 812 423 850; x_wconf 92' lang='lat' dir='ltr'>De</span> <span class='ocrx_word' id='word_1_68' title='bbox 451 811 562 849; x_wconf 88' lang='lat' dir='ltr'>verbo</span> <span class='ocrx_word' id='word_1_69' title='bbox 599 809 759 863; x_wconf 77' lang='grc' dir='ltr'><strong><em>παρέχε-</em></strong></span> 
     </span>
     <span class='ocr_line' id='line_1_15' title="bbox 104 866 560 917; baseline -0.015 -6"><span class='ocrx_word' id='word_1_70' title='bbox 104 875 202 910; x_wconf 81' lang='grc' dir='ltr'>σθαι</span> <span class='ocrx_word' id='word_1_71' title='bbox 224 871 320 908; x_wconf 86' lang='lat' dir='ltr'>conf.</span> <span class='ocrx_word' id='word_1_72' title='bbox 338 869 402 917; x_wconf 86' lang='lat' dir='ltr'>IV,</span> <span class='ocrx_word' id='word_1_73' title='bbox 422 866 476 909; x_wconf 80' lang='grc'>44</span> <span class='ocrx_word' id='word_1_74' title='bbox 499 868 560 904; x_wconf 87' lang='lat' dir='ltr'>fin.</span> 
     </span>
    </p>
   </div>
   <div class='ocr_carea' id='block_1_14' title="bbox 103 941 759 1110">
    <p class='ocr_par' dir='ltr' id='par_1_14' title="bbox 103 941 759 1110">
     <span class='ocr_line' id='line_1_16' title="bbox 159 941 756 1001; baseline -0.01 -12"><span class='ocrx_word' id='word_1_75' title='bbox 159 946 287 1001; x_wconf 80' lang='grc' dir='ltr'><strong><em>μήτηρ</em></strong></span> <span class='ocrx_word' id='word_1_76' title='bbox 323 949 398 987; x_wconf 79' lang='grc' dir='ltr'><strong><em>τοῦ</em></strong></span> <span class='ocrx_word' id='word_1_77' title='bbox 435 941 619 998; x_wconf 83' lang='grc' dir='ltr'><strong><em>Πόντον]</em></strong></span> <span class='ocrx_word' id='word_1_78' title='bbox 673 947 756 984; x_wconf 89' lang='lat' dir='ltr'>Vid.</span> 
     </span>
     <span class='ocr_line' id='line_1_17' title="bbox 103 1003 759 1054; baseline -0.006 -10"><span class='ocrx_word' id='word_1_79' title='bbox 103 1012 194 1045; x_wconf 88' lang='lat' dir='ltr'>nott.</span> <span class='ocrx_word' id='word_1_80' title='bbox 214 1007 261 1044; x_wconf 87' lang='lat' dir='ltr'>ad</span> <span class='ocrx_word' id='word_1_81' title='bbox 278 1004 341 1052; x_wconf 90' lang='lat' dir='ltr'>IV,</span> <span class='ocrx_word' id='word_1_82' title='bbox 361 1004 426 1046; x_wconf 80' lang='lat'>52.</span> <span class='ocrx_word' id='word_1_83' title='bbox 474 1004 650 1054; x_wconf 85' lang='lat' dir='ltr'>Respexit</span> <span class='ocrx_word' id='word_1_84' title='bbox 668 1003 759 1041; x_wconf 87' lang='lat' dir='ltr'>haec</span> 
     </span>
     <span class='ocr_line' id='line_1_18' title="bbox 103 1060 756 1110; baseline -0.006 -11"><span class='ocrx_word' id='word_1_85' title='bbox 103 1062 272 1101; x_wconf 83' lang='lat' dir='ltr'>Eustath.</span> <span class='ocrx_word' id='word_1_86' title='bbox 290 1062 337 1099; x_wconf 88' lang='lat' dir='ltr'>ad</span> <span class='ocrx_word' id='word_1_87' title='bbox 357 1060 509 1108; x_wconf 82' lang='lat' dir='ltr'>Dionys.</span> <span class='ocrx_word' id='word_1_88' title='bbox 524 1060 668 1110; x_wconf 86' lang='lat' dir='ltr'>Perieg.</span> <span class='ocrx_word' id='word_1_89' title='bbox 693 1061 756 1101; x_wconf 81' lang='grc'>14.</span> 
     </span>
    </p>
   </div>
   <div class='ocr_carea' id='block_1_15' title="bbox 107 1121 607 1264">
    <p class='ocr_par' dir='ltr' id='par_1_15' title="bbox 107 1121 607 1264">
     <span class='ocr_line' id='line_1_19' title="bbox 107 1121 198 1160; baseline -0.022 -1"><span class='ocrx_word' id='word_1_90' title='bbox 107 1121 127 1159; x_wconf 91' lang='grc'>1</span> <span class='ocrx_word' id='word_1_91' title='bbox 134 1121 198 1160; x_wconf 84' lang='lat'>63.</span> 
     </span>
     <span class='ocr_line' id='line_1_20' title="bbox 252 1210 607 1264; baseline -0.014 -13"><span class='ocrx_word' id='word_1_92' title='bbox 252 1214 283 1251; x_wconf 93' lang='lat' dir='ltr'>C</span> <span class='ocrx_word' id='word_1_93' title='bbox 292 1226 313 1251; x_wconf 92' lang='lat' dir='ltr'>a</span> <span class='ocrx_word' id='word_1_94' title='bbox 321 1227 358 1264; x_wconf 86' lang='lat' dir='ltr'>p.</span> <span class='ocrx_word' id='word_1_95' title='bbox 387 1210 607 1250; x_wconf 87' lang='lat' dir='ltr'><strong>LXXXVII.</strong></span> 
     </span>
    </p>
   </div>
   <div class='ocr_carea' id='block_1_16' title="bbox 100 1286 758 1907">
    <p class='ocr_par' dir='ltr' id='par_1_16' title="bbox 100 1286 758 1907">
     <span class='ocr_line' id='line_1_21' title="bbox 160 1286 755 1341; baseline -0.005 -11"><span class='ocrx_word' id='word_1_96' title='bbox 160 1290 271 1331; x_wconf 76' lang='grc' dir='ltr'><strong><em>ἔπλεε</em></strong></span> <span class='ocrx_word' id='word_1_97' title='bbox 299 1287 428 1331; x_wconf 77' lang='grc' dir='ltr'><strong><em>ὀπίσω</em></strong></span> <span class='ocrx_word' id='word_1_98' title='bbox 458 1287 523 1330; x_wconf 82' lang='grc' dir='ltr'>ἐπὶ</span> <span class='ocrx_word' id='word_1_99' title='bbox 540 1286 615 1340; x_wconf 75' lang='grc' dir='ltr'>τήν</span> <span class='ocrx_word' id='word_1_100' title='bbox 636 1288 755 1341; x_wconf 81' lang='grc' dir='ltr'><strong><em>γε’φν-</em></strong></span> 
     </span>
     <span class='ocr_line' id='line_1_22' title="bbox 103 1346 755 1400; baseline -0.006 -13"><span class='ocrx_word' id='word_1_101' title='bbox 103 1347 192 1400; x_wconf 84' lang='grc' dir='ltr'><strong><em>ραν]</em></strong></span> <span class='ocrx_word' id='word_1_102' title='bbox 219 1348 300 1386; x_wconf 81' lang='lat' dir='ltr'>Rex</span> <span class='ocrx_word' id='word_1_103' title='bbox 322 1361 366 1387; x_wconf 91' lang='lat' dir='ltr'>eo</span> <span class='ocrx_word' id='word_1_104' title='bbox 387 1360 432 1386; x_wconf 85' lang='lat' dir='ltr'>ex</span> <span class='ocrx_word' id='word_1_105' title='bbox 452 1346 531 1385; x_wconf 90' lang='lat' dir='ltr'>loco</span> <span class='ocrx_word' id='word_1_106' title='bbox 542 1376 554 1394; x_wconf 90' lang='lat'><strong><em>,</em></strong></span> <span class='ocrx_word' id='word_1_107' title='bbox 583 1346 644 1384; x_wconf 89' lang='lat' dir='ltr'>ubi</span> <span class='ocrx_word' id='word_1_108' title='bbox 660 1347 755 1383; x_wconf 89' lang='lat' dir='ltr'>Bos-</span> 
     </span>
     <span class='ocr_line' id='line_1_23' title="bbox 101 1403 755 1456; baseline -0.006 -13"><span class='ocrx_word' id='word_1_109' title='bbox 101 1418 213 1456; x_wconf 85' lang='lat' dir='ltr'>porus</span> <span class='ocrx_word' id='word_1_110' title='bbox 234 1409 347 1455; x_wconf 89' lang='lat' dir='ltr'>ponte</span> <span class='ocrx_word' id='word_1_111' title='bbox 367 1405 509 1441; x_wconf 86' lang='lat' dir='ltr'>iunctus</span> <span class='ocrx_word' id='word_1_112' title='bbox 539 1407 615 1441; x_wconf 89' lang='lat' dir='ltr'>erat</span> <span class='ocrx_word' id='word_1_113' title='bbox 641 1403 755 1451; x_wconf 89' lang='lat' dir='ltr'>(conf.</span> 
     </span>
     <span class='ocr_line' id='line_1_24' title="bbox 102 1460 756 1510; baseline -0.003 -12"><span class='ocrx_word' id='word_1_114' title='bbox 102 1461 176 1510; x_wconf 85' lang='lat' dir='ltr'>IV,</span> <span class='ocrx_word' id='word_1_115' title='bbox 205 1460 259 1502; x_wconf 90' lang='lat'>85</span> <span class='ocrx_word' id='word_1_116' title='bbox 291 1461 413 1509; x_wconf 56' lang='lat' dir='ltr'>init),</span> <span class='ocrx_word' id='word_1_117' title='bbox 458 1460 541 1497; x_wconf 89' lang='lat' dir='ltr'>navi</span> <span class='ocrx_word' id='word_1_118' title='bbox 571 1460 756 1510; x_wconf 89' lang='lat' dir='ltr'>profectus</span> 
     </span>
     <span class='ocr_line' id='line_1_25' title="bbox 102 1515 757 1568; baseline -0.006 -12"><span class='ocrx_word' id='word_1_119' title='bbox 102 1522 180 1556; x_wconf 88' lang='lat' dir='ltr'>erat</span> <span class='ocrx_word' id='word_1_120' title='bbox 199 1518 249 1555; x_wconf 87' lang='lat' dir='ltr'>ad</span> <span class='ocrx_word' id='word_1_121' title='bbox 266 1518 434 1568; x_wconf 87' lang='lat' dir='ltr'>Cyaneas</span> <span class='ocrx_word' id='word_1_122' title='bbox 453 1515 586 1553; x_wconf 88' lang='lat' dir='ltr'>insulas</span> <span class='ocrx_word' id='word_1_123' title='bbox 598 1544 609 1562; x_wconf 90' lang='lat'>,</span> <span class='ocrx_word' id='word_1_124' title='bbox 652 1516 757 1553; x_wconf 89' lang='lat' dir='ltr'>inde-</span> 
     </span>
     <span class='ocr_line' id='line_1_26' title="bbox 102 1572 758 1624; baseline -0.005 -12"><span class='ocrx_word' id='word_1_125' title='bbox 102 1587 174 1624; x_wconf 88' lang='lat' dir='ltr'>que</span> <span class='ocrx_word' id='word_1_126' title='bbox 195 1587 361 1612; x_wconf 85' lang='lat' dir='ltr'>reversus</span> <span class='ocrx_word' id='word_1_127' title='bbox 383 1574 430 1611; x_wconf 89' lang='lat' dir='ltr'>ad</span> <span class='ocrx_word' id='word_1_128' title='bbox 450 1572 544 1610; x_wconf 88' lang='lat' dir='ltr'>Iovis</span> <span class='ocrx_word' id='word_1_129' title='bbox 565 1572 644 1609; x_wconf 89' lang='lat' dir='ltr'>Urii</span> <span class='ocrx_word' id='word_1_130' title='bbox 665 1576 758 1610; x_wconf 92' lang='lat' dir='ltr'>tem-</span> 
     </span>
     <span class='ocr_line' id='line_1_27' title="bbox 100 1628 755 1682; baseline -0.006 -14"><span class='ocrx_word' id='word_1_131' title='bbox 100 1630 198 1682; x_wconf 89' lang='lat' dir='ltr'>plum</span> <span class='ocrx_word' id='word_1_132' title='bbox 225 1631 263 1668; x_wconf 89' lang='lat' dir='ltr'>in</span> <span class='ocrx_word' id='word_1_133' title='bbox 289 1631 370 1680; x_wconf 90' lang='lat' dir='ltr'>ipso</span> <span class='ocrx_word' id='word_1_134' title='bbox 395 1629 502 1667; x_wconf 85' lang='lat' dir='ltr'>Ponti</span> <span class='ocrx_word' id='word_1_135' title='bbox 535 1629 682 1665; x_wconf 90' lang='lat' dir='ltr'>introitu</span> <span class='ocrx_word' id='word_1_136' title='bbox 707 1628 755 1664; x_wconf 87' lang='lat' dir='ltr'>si-</span> 
     </span>
     <span class='ocr_line' id='line_1_28' title="bbox 101 1685 755 1734; baseline -0.005 -10"><span class='ocrx_word' id='word_1_137' title='bbox 101 1692 199 1734; x_wconf 84' lang='lat' dir='ltr'>tum,</span> <span class='ocrx_word' id='word_1_138' title='bbox 229 1687 289 1724; x_wconf 89' lang='lat' dir='ltr'>ubi</span> <span class='ocrx_word' id='word_1_139' title='bbox 309 1687 473 1724; x_wconf 84' lang='lat' dir='ltr'>assidens</span> <span class='ocrx_word' id='word_1_140' title='bbox 495 1698 637 1723; x_wconf 88' lang='lat' dir='ltr'>omnem</span> <span class='ocrx_word' id='word_1_141' title='bbox 657 1685 755 1722; x_wconf 90' lang='lat' dir='ltr'>Pon-</span> 
     </span>
     <span class='ocr_line' id='line_1_29' title="bbox 100 1742 755 1793; baseline -0.005 -12"><span class='ocrx_word' id='word_1_142' title='bbox 100 1747 178 1781; x_wconf 88' lang='lat' dir='ltr'>tum</span> <span class='ocrx_word' id='word_1_143' title='bbox 198 1744 466 1793; x_wconf 84' lang='lat' dir='ltr'>contemplatus</span> <span class='ocrx_word' id='word_1_144' title='bbox 487 1746 566 1788; x_wconf 81' lang='lat' dir='ltr'>est3</span> <span class='ocrx_word' id='word_1_145' title='bbox 607 1754 679 1791; x_wconf 94' lang='lat' dir='ltr'>quo</span> <span class='ocrx_word' id='word_1_146' title='bbox 701 1742 755 1778; x_wconf 87' lang='lat' dir='ltr'>fa-</span> 
     </span>
     <span class='ocr_line' id='line_1_30' title="bbox 101 1797 752 1845; baseline -0.005 -8"><span class='ocrx_word' id='word_1_147' title='bbox 101 1804 161 1837; x_wconf 92' lang='lat' dir='ltr'>cto</span> <span class='ocrx_word' id='word_1_148' title='bbox 184 1799 292 1838; x_wconf 86' lang='lat' dir='ltr'>rediit</span> <span class='ocrx_word' id='word_1_149' title='bbox 317 1812 400 1837; x_wconf 90' lang='lat' dir='ltr'>eum</span> <span class='ocrx_word' id='word_1_150' title='bbox 436 1799 484 1836; x_wconf 89' lang='lat' dir='ltr'>ad</span> <span class='ocrx_word' id='word_1_151' title='bbox 514 1797 654 1845; x_wconf 84' lang='lat' dir='ltr'>locum,</span> <span class='ocrx_word' id='word_1_152' title='bbox 691 1797 752 1834; x_wconf 89' lang='lat' dir='ltr'>ubi</span> 
     </span>
     <span class='ocr_line' id='line_1_31' title="bbox 100 1859 478 1907; baseline -0.005 -13"><span class='ocrx_word' id='word_1_153' title='bbox 100 1869 194 1907; x_wconf 91' lang='lat' dir='ltr'>pons</span> <span class='ocrx_word' id='word_1_154' title='bbox 211 1859 368 1894; x_wconf 86' lang='lat' dir='ltr'>structus</span> <span class='ocrx_word' id='word_1_155' title='bbox 389 1860 478 1893; x_wconf 84' lang='lat' dir='ltr'>erat.</span> 
     </span>
    </p>
   </div>
   <div class='ocr_carea' id='block_1_17' title="bbox 99 1929 757 2772">
    <p class='ocr_par' dir='ltr' id='par_1_17' title="bbox 99 1929 757 2772">
     <span class='ocr_line' id='line_1_32' title="bbox 158 1929 756 1985; baseline -0.005 -12"><span class='ocrx_word' id='word_1_156' title='bbox 158 1932 449 1985; x_wconf 81' lang='grc' dir='ltr'><strong><em>Μανδροκλέης</em></strong></span> <span class='ocrx_word' id='word_1_157' title='bbox 469 1929 635 1984; x_wconf 75' lang='grc' dir='ltr'>Σάμιος]</span> <span class='ocrx_word' id='word_1_158' title='bbox 670 1932 756 1980; x_wconf 89' lang='lat' dir='ltr'>„De</span> 
     </span>
     <span class='ocr_line' id='line_1_33' title="bbox 99 1989 757 2029; baseline -0.005 -1"><span class='ocrx_word' id='word_1_159' title='bbox 99 1990 168 2029; x_wconf 89' lang='lat' dir='ltr'>hoc</span> <span class='ocrx_word' id='word_1_160' title='bbox 186 1989 400 2028; x_wconf 80' lang='lat' dir='ltr'>Mandrocle</span> <span class='ocrx_word' id='word_1_161' title='bbox 420 1991 493 2029; x_wconf 88' lang='lat' dir='ltr'>vid.</span> <span class='ocrx_word' id='word_1_162' title='bbox 513 1991 642 2029; x_wconf 86' lang='lat' dir='ltr'>Tzetz.</span> <span class='ocrx_word' id='word_1_163' title='bbox 668 1989 757 2026; x_wconf 92' lang='lat' dir='ltr'>Chi-</span> 
     </span>
     <span class='ocr_line' id='line_1_34' title="bbox 100 2045 754 2094; baseline -0.003 -10"><span class='ocrx_word' id='word_1_164' title='bbox 100 2047 187 2086; x_wconf 89' lang='lat' dir='ltr'>liad.</span> <span class='ocrx_word' id='word_1_165' title='bbox 223 2047 263 2094; x_wconf 90' lang='lat'>1,</span> <span class='ocrx_word' id='word_1_166' title='bbox 303 2047 383 2085; x_wconf 84' lang='lat' dir='ltr'>hist.</span> <span class='ocrx_word' id='word_1_167' title='bbox 423 2050 474 2089; x_wconf 84' lang='lat'>31</span> <span class='ocrx_word' id='word_1_168' title='bbox 530 2052 567 2085; x_wconf 89' lang='lat' dir='ltr'>et</span> <span class='ocrx_word' id='word_1_169' title='bbox 613 2045 754 2083; x_wconf 88' lang='lat' dir='ltr'>Iunium</span> 
     </span>
     <span class='ocr_line' id='line_1_35' title="bbox 99 2103 754 2153; baseline 0 -11"><span class='ocrx_word' id='word_1_170' title='bbox 99 2104 137 2142; x_wconf 93' lang='lat' dir='ltr'>in</span> <span class='ocrx_word' id='word_1_171' title='bbox 155 2103 323 2153; x_wconf 87' lang='lat' dir='ltr'>Catalog.</span> <span class='ocrx_word' id='word_1_172' title='bbox 346 2104 485 2142; x_wconf 87' lang='lat' dir='ltr'>Artific.</span> <span class='ocrx_word' id='word_1_173' title='bbox 513 2104 550 2141; x_wconf 85' lang='lat' dir='ltr'>in</span> <span class='ocrx_word' id='word_1_174' title='bbox 571 2115 647 2140; x_wconf 88' lang='lat' dir='ltr'>voc.</span> <span class='ocrx_word' id='word_1_175' title='bbox 667 2115 754 2153; x_wconf 84' lang='lat' dir='ltr'>pag.</span> 
     </span>
     <span class='ocr_line' id='line_1_36' title="bbox 102 2160 756 2210; baseline -0.008 -9"><span class='ocrx_word' id='word_1_176' title='bbox 102 2162 181 2202; x_wconf 87' lang='lat'>118</span> <span class='ocrx_word' id='word_1_177' title='bbox 209 2160 331 2210; x_wconf 86' lang='lat' dir='ltr'>ibique</span> <span class='ocrx_word' id='word_1_178' title='bbox 349 2160 446 2199; x_wconf 84' lang='lat' dir='ltr'>laud.</span> <span class='ocrx_word' id='word_1_179' title='bbox 464 2160 690 2197; x_wconf 88' lang='lat' dir='ltr'>Brissonium</span> <span class='ocrx_word' id='word_1_180' title='bbox 708 2160 756 2196; x_wconf 85' lang='lat' dir='ltr'>de</span> 
     </span>
     <span class='ocr_line' id='line_1_37' title="bbox 100 2212 755 2268; baseline -0.002 -15"><span class='ocrx_word' id='word_1_181' title='bbox 100 2229 176 2266; x_wconf 84' lang='lat' dir='ltr'>reg.</span> <span class='ocrx_word' id='word_1_182' title='bbox 194 2216 342 2255; x_wconf 89' lang='lat' dir='ltr'>Persar.</span> <span class='ocrx_word' id='word_1_183' title='bbox 366 2217 517 2268; x_wconf 80' lang='lat' dir='ltr'>princip.</span> <span class='ocrx_word' id='word_1_184' title='bbox 535 2217 595 2254; x_wconf 88' lang='lat' dir='ltr'>lib.</span> <span class='ocrx_word' id='word_1_185' title='bbox 617 2215 666 2252; x_wconf 83' lang='grc' dir='ltr'>ΙΙΙ</span> <span class='ocrx_word' id='word_1_186' title='bbox 701 2212 755 2265; x_wconf 64' lang='grc' dir='ltr'>[ἓ.</span> 
     </span>
     <span class='ocr_line' id='line_1_38' title="bbox 101 2273 754 2323; baseline -0.008 -10"><span class='ocrx_word' id='word_1_187' title='bbox 101 2274 177 2319; x_wconf 89' lang='grc'>97,</span> <span class='ocrx_word' id='word_1_188' title='bbox 216 2273 275 2310; x_wconf 91' lang='lat' dir='ltr'>ubi</span> <span class='ocrx_word' id='word_1_189' title='bbox 299 2274 409 2311; x_wconf 87' lang='lat' dir='ltr'>etiam</span> <span class='ocrx_word' id='word_1_190' title='bbox 430 2273 570 2323; x_wconf 85' lang='lat' dir='ltr'>reliqua</span> <span class='ocrx_word' id='word_1_191' title='bbox 591 2276 754 2309; x_wconf 89' lang='lat' dir='ltr'>veterum</span> 
     </span>
     <span class='ocr_line' id='line_1_39' title="bbox 100 2329 755 2378; baseline -0.002 -13"><span class='ocrx_word' id='word_1_192' title='bbox 100 2329 307 2367; x_wconf 87' lang='lat' dir='ltr'>testimonia</span> <span class='ocrx_word' id='word_1_193' title='bbox 342 2330 388 2368; x_wconf 92' lang='lat' dir='ltr'>de</span> <span class='ocrx_word' id='word_1_194' title='bbox 413 2329 525 2367; x_wconf 88' lang='lat' dir='ltr'>Dario</span> <span class='ocrx_word' id='word_1_195' title='bbox 549 2329 755 2378; x_wconf 89' lang='lat' dir='ltr'>Bosporum</span> 
     </span>
     <span class='ocr_line' id='line_1_40' title="bbox 100 2383 753 2436; baseline 0.002 -15"><span class='ocrx_word' id='word_1_196' title='bbox 100 2385 275 2433; x_wconf 84' lang='lat' dir='ltr'>iungente</span> <span class='ocrx_word' id='word_1_197' title='bbox 311 2386 424 2436; x_wconf 76' lang='lat' dir='ltr'>opera</span> <span class='ocrx_word' id='word_1_198' title='bbox 458 2383 753 2435; x_wconf 84' lang='lat' dir='ltr'>Mandroclis].“</span> 
     </span>
     <span class='ocr_line' id='line_1_41' title="bbox 103 2441 754 2480; baseline 0 -2"><span class='ocrx_word' id='word_1_199' title='bbox 103 2441 258 2478; x_wconf 77' lang='lat' dir='ltr'>Creuz.</span> <span class='ocrx_word' id='word_1_200' title='bbox 297 2441 397 2479; x_wconf 88' lang='lat' dir='ltr'>Idem</span> <span class='ocrx_word' id='word_1_201' title='bbox 417 2441 649 2480; x_wconf 91' lang='lat' dir='ltr'>Mandrocles</span> <span class='ocrx_word' id='word_1_202' title='bbox 671 2453 754 2478; x_wconf 85' lang='lat' dir='ltr'>mox</span> 
     </span>
     <span class='ocr_line' id='line_1_42' title="bbox 101 2495 756 2549; baseline 0.005 -15"><span class='ocrx_word' id='word_1_203' title='bbox 101 2510 180 2547; x_wconf 86' lang='lat' dir='ltr'>cap.</span> <span class='ocrx_word' id='word_1_204' title='bbox 205 2497 272 2543; x_wconf 89' lang='grc'>88,</span> <span class='ocrx_word' id='word_1_205' title='bbox 301 2498 362 2535; x_wconf 87' lang='lat' dir='ltr'>ubi</span> <span class='ocrx_word' id='word_1_206' title='bbox 385 2512 451 2549; x_wconf 88' lang='lat' dir='ltr'>pro</span> <span class='ocrx_word' id='word_1_207' title='bbox 464 2495 756 2548; x_wconf 82' lang='grc' dir='ltr'><strong><em>Μανδροκλέης</em></strong></span> 
     </span>
     <span class='ocr_line' id='line_1_43' title="bbox 100 2551 756 2602; baseline 0 -11"><span class='ocrx_word' id='word_1_208' title='bbox 100 2554 137 2591; x_wconf 82' lang='lat' dir='ltr'>in</span> <span class='ocrx_word' id='word_1_209' title='bbox 151 2551 470 2601; x_wconf 85' lang='lat' dir='ltr'>Antholog.Palat.</span> <span class='ocrx_word' id='word_1_210' title='bbox 487 2555 549 2602; x_wconf 84' lang='lat' dir='ltr'>Vl,</span> <span class='ocrx_word' id='word_1_211' title='bbox 569 2554 623 2595; x_wconf 83' lang='lat'>34</span> <span class='ocrx_word' id='word_1_212' title='bbox 636 2557 756 2592; x_wconf 83' lang='grc' dir='ltr'><strong><em>Μαν-</em></strong></span> 
     </span>
     <span class='ocr_line' id='line_1_44' title="bbox 101 2603 756 2661; baseline -0.005 -12"><span class='ocrx_word' id='word_1_213' title='bbox 101 2607 312 2660; x_wconf 79' lang='grc' dir='ltr'><strong><em>δροκλέων.</em></strong></span> <span class='ocrx_word' id='word_1_214' title='bbox 349 2603 605 2661; x_wconf 82' lang='grc' dir='ltr'><strong><em>Ἀνδροκλέης</em></strong></span> <span class='ocrx_word' id='word_1_215' title='bbox 635 2614 756 2648; x_wconf 85' lang='lat' dir='ltr'>exstat</span> 
     </span>
     <span class='ocr_line' id='line_1_45' title="bbox 100 2663 752 2717; baseline 0 -14"><span class='ocrx_word' id='word_1_216' title='bbox 100 2667 200 2715; x_wconf 87' lang='lat' dir='ltr'>apud</span> <span class='ocrx_word' id='word_1_217' title='bbox 229 2664 325 2713; x_wconf 83' lang='lat' dir='ltr'>Gyll.</span> <span class='ocrx_word' id='word_1_218' title='bbox 354 2663 412 2703; x_wconf 92' lang='lat' dir='ltr'>De</span> <span class='ocrx_word' id='word_1_219' title='bbox 437 2667 592 2717; x_wconf 89' lang='lat' dir='ltr'>Bospor.</span> <span class='ocrx_word' id='word_1_220' title='bbox 617 2666 752 2704; x_wconf 86' lang='lat' dir='ltr'>Thrac.</span> 
     </span>
     <span class='ocr_line' id='line_1_46' title="bbox 100 2721 754 2772; baseline -0.002 -12"><span class='ocrx_word' id='word_1_221' title='bbox 100 2723 146 2769; x_wconf 90' lang='lat' dir='ltr'>ll,</span> <span class='ocrx_word' id='word_1_222' title='bbox 174 2721 243 2767; x_wconf 86' lang='lat'>15,</span> <span class='ocrx_word' id='word_1_223' title='bbox 281 2721 453 2771; x_wconf 84' lang='lat' dir='ltr'>idemque</span> <span class='ocrx_word' id='word_1_224' title='bbox 469 2722 629 2772; x_wconf 84' lang='lat' dir='ltr'>placeret</span> <span class='ocrx_word' id='word_1_225' title='bbox 646 2722 754 2759; x_wconf 90' lang='lat' dir='ltr'>Wes-</span> 
     </span>
    </p>
   </div>
   <div class='ocr_carea' id='block_1_18' title="bbox 814 752 1470 849">
    <p class='ocr_par' dir='ltr' id='par_1_18' title="bbox 814 752 1470 849">
     <span class='ocr_line' id='line_1_47' title="bbox 816 752 1470 804; baseline -0.005 -13"><span class='ocrx_word' id='word_1_226' title='bbox 816 754 989 804; x_wconf 73' lang='lat' dir='ltr'>selingh),</span> <span class='ocrx_word' id='word_1_227' title='bbox 1038 755 1075 791; x_wconf 91' lang='lat' dir='ltr'>ni</span> <span class='ocrx_word' id='word_1_228' title='bbox 1109 753 1190 792; x_wconf 82' lang='lat' dir='ltr'>libri</span> <span class='ocrx_word' id='word_1_229' title='bbox 1220 753 1344 803; x_wconf 87' lang='lat' dir='ltr'>scripti</span> <span class='ocrx_word' id='word_1_230' title='bbox 1373 752 1470 802; x_wconf 89' lang='lat' dir='ltr'>apud</span> 
     </span>
     <span class='ocr_line' id='line_1_48' title="bbox 814 808 1469 849; baseline -0.008 0"><span class='ocrx_word' id='word_1_231' title='bbox 814 811 1044 849; x_wconf 89' lang='lat' dir='ltr'>Herodotum</span> <span class='ocrx_word' id='word_1_232' title='bbox 1077 811 1370 848; x_wconf 81' lang='lat' dir='ltr'>adversarentur.</span> <span class='ocrx_word' id='word_1_233' title='bbox 1427 808 1469 844; x_wconf 87' lang='lat' dir='ltr'>In</span> 
     </span>
    </p>
   </div>
   <div class='ocr_carea' id='block_1_19' title="bbox 816 864 1470 974">
    <p class='ocr_par' dir='ltr' id='par_1_19' title="bbox 816 864 1470 974">
     <span class='ocr_line' id='line_1_49' title="bbox 816 864 1470 916; baseline -0.005 -13"><span class='ocrx_word' id='word_1_234' title='bbox 816 867 930 916; x_wconf 64' lang='lat' dir='ltr'>salig,</span> <span class='ocrx_word' id='word_1_235' title='bbox 949 868 1119 916; x_wconf 85' lang='lat' dir='ltr'>Catalog.</span> <span class='ocrx_word' id='word_1_236' title='bbox 1141 867 1278 904; x_wconf 85' lang='lat' dir='ltr'>Artific.</span> <span class='ocrx_word' id='word_1_237' title='bbox 1296 864 1470 902; x_wconf 76' lang='lat' dir='ltr'>Mandro-</span> 
     </span>
     <span class='ocr_line' id='line_1_50' title="bbox 816 923 1303 974; baseline -0.004 -14"><span class='ocrx_word' id='word_1_238' title='bbox 816 924 900 961; x_wconf 85' lang='lat' dir='ltr'>clem</span> <span class='ocrx_word' id='word_1_239' title='bbox 918 924 974 961; x_wconf 86' lang='lat' dir='ltr'>inv</span> <span class='ocrx_word' id='word_1_240' title='bbox 980 924 1078 961; x_wconf 87' lang='lat' dir='ltr'>enire</span> <span class='ocrx_word' id='word_1_241' title='bbox 1098 936 1173 960; x_wconf 91' lang='lat' dir='ltr'>non</span> <span class='ocrx_word' id='word_1_242' title='bbox 1189 923 1303 974; x_wconf 90' lang='lat' dir='ltr'>potui.</span> 
     </span>
    </p>
   </div>
   <div class='ocr_carea' id='block_1_20' title="bbox 808 1023 1472 2768">
    <p class='ocr_par' dir='ltr' id='par_1_20' title="bbox 808 1023 1472 2768">
     <span class='ocr_line' id='line_1_51' title="bbox 873 1023 1472 1098; baseline -0.005 -29"><span class='ocrx_word' id='word_1_243' title='bbox 873 1026 1015 1098; x_wconf 82' lang='grc' dir='ltr'><strong><em>στήλας</em></strong></span> <span class='ocrx_word' id='word_1_244' title='bbox 1041 1028 1176 1078; x_wconf 74' lang='grc' dir='ltr'><strong><em>ἔστησε</em></strong></span> <span class='ocrx_word' id='word_1_245' title='bbox 1208 1024 1281 1067; x_wconf 74' lang='grc' dir='ltr'>δύο</span> <span class='ocrx_word' id='word_1_246' title='bbox 1307 1023 1373 1067; x_wconf 75' lang='grc' dir='ltr'>ἐπ’</span> <span class='ocrx_word' id='word_1_247' title='bbox 1401 1023 1472 1066; x_wconf 75' lang='grc' dir='ltr'>αὕ-</span> 
     </span>
     <span class='ocr_line' id='line_1_52' title="bbox 813 1080 1469 1140; baseline -0.009 -14"><span class='ocrx_word' id='word_1_248' title='bbox 813 1086 882 1140; x_wconf 83' lang='grc' dir='ltr'>τῷ]</span> <span class='ocrx_word' id='word_1_249' title='bbox 914 1081 977 1126; x_wconf 79' lang='grc' dir='ltr'>ἐπ’</span> <span class='ocrx_word' id='word_1_250' title='bbox 1001 1080 1153 1124; x_wconf 74' lang='grc' dir='ltr'><strong><em>αὐτὸν</em></strong></span> <span class='ocrx_word' id='word_1_251' title='bbox 1173 1084 1373 1132; x_wconf 87' lang='lat' dir='ltr'>Mediceus,</span> <span class='ocrx_word' id='word_1_252' title='bbox 1382 1084 1469 1120; x_wconf 88' lang='lat' dir='ltr'>Flo-</span> 
     </span>
     <span class='ocr_line' id='line_1_53' title="bbox 814 1140 1470 1189; baseline -0.005 -10"><span class='ocrx_word' id='word_1_253' title='bbox 814 1144 996 1188; x_wconf 72' lang='lat' dir='ltr'>reatinus,</span> <span class='ocrx_word' id='word_1_254' title='bbox 1026 1141 1105 1187; x_wconf 82' lang='lat' dir='ltr'>alii3</span> <span class='ocrx_word' id='word_1_255' title='bbox 1145 1141 1244 1178; x_wconf 86' lang='lat' dir='ltr'>cuius</span> <span class='ocrx_word' id='word_1_256' title='bbox 1267 1141 1345 1177; x_wconf 91' lang='lat' dir='ltr'>loco</span> <span class='ocrx_word' id='word_1_257' title='bbox 1370 1140 1470 1189; x_wconf 90' lang='lat' dir='ltr'>quod</span> 
     </span>
     <span class='ocr_line' id='line_1_54' title="bbox 815 1195 1470 1247; baseline -0.006 -11"><span class='ocrx_word' id='word_1_258' title='bbox 815 1198 1020 1236; x_wconf 85' lang='lat' dir='ltr'>Gronovius</span> <span class='ocrx_word' id='word_1_259' title='bbox 1039 1198 1238 1247; x_wconf 88' lang='lat' dir='ltr'>repositum</span> <span class='ocrx_word' id='word_1_260' title='bbox 1261 1196 1344 1233; x_wconf 88' lang='lat' dir='ltr'>olim</span> <span class='ocrx_word' id='word_1_261' title='bbox 1356 1195 1470 1233; x_wconf 78' lang='lat' dir='ltr'>voluit</span> 
     </span>
     <span class='ocr_line' id='line_1_55' title="bbox 813 1249 1470 1308; baseline -0.009 -14"><span class='ocrx_word' id='word_1_262' title='bbox 813 1249 879 1294; x_wconf 75' lang='grc' dir='ltr'>ἐπ’</span> <span class='ocrx_word' id='word_1_263' title='bbox 915 1249 1022 1308; x_wconf 74' lang='grc' dir='ltr'><strong><em>αὐτῷ</em></strong></span> <span class='ocrx_word' id='word_1_264' title='bbox 1058 1252 1123 1304; x_wconf 84' lang='grc' dir='ltr'>(αά</span> <span class='ocrx_word' id='word_1_265' title='bbox 1144 1255 1257 1303; x_wconf 78' lang='lat' dir='ltr'>ipsum</span> <span class='ocrx_word' id='word_1_266' title='bbox 1283 1252 1358 1289; x_wconf 87' lang='lat' dir='ltr'>scil.</span> <span class='ocrx_word' id='word_1_267' title='bbox 1377 1251 1470 1290; x_wconf 81' lang='lat' dir='ltr'>Bos-</span> 
     </span>
     <span class='ocr_line' id='line_1_56' title="bbox 808 1309 1469 1362; baseline -0.005 -14"><span class='ocrx_word' id='word_1_268' title='bbox 808 1309 975 1362; x_wconf 81' lang='lat' dir='ltr'>porum),</span> <span class='ocrx_word' id='word_1_269' title='bbox 1015 1311 1053 1348; x_wconf 91' lang='lat' dir='ltr'>id</span> <span class='ocrx_word' id='word_1_270' title='bbox 1079 1310 1223 1347; x_wconf 91' lang='lat' dir='ltr'>duobus</span> <span class='ocrx_word' id='word_1_271' title='bbox 1252 1309 1351 1346; x_wconf 87' lang='lat' dir='ltr'>libris</span> <span class='ocrx_word' id='word_1_272' title='bbox 1371 1321 1469 1346; x_wconf 91' lang='lat' dir='ltr'>com-</span> 
     </span>
     <span class='ocr_line' id='line_1_57' title="bbox 813 1364 1468 1419; baseline -0.008 -14"><span class='ocrx_word' id='word_1_273' title='bbox 813 1369 1008 1419; x_wconf 87' lang='lat' dir='ltr'>probatum</span> <span class='ocrx_word' id='word_1_274' title='bbox 1050 1367 1087 1404; x_wconf 91' lang='lat' dir='ltr'>in</span> <span class='ocrx_word' id='word_1_275' title='bbox 1132 1370 1269 1405; x_wconf 84' lang='lat' dir='ltr'>textum</span> <span class='ocrx_word' id='word_1_276' title='bbox 1310 1364 1468 1411; x_wconf 83' lang='lat' dir='ltr'>transiit,</span> 
     </span>
     <span class='ocr_line' id='line_1_58' title="bbox 813 1421 1469 1462; baseline -0.005 -1"><span class='ocrx_word' id='word_1_277' title='bbox 813 1425 1018 1462; x_wconf 87' lang='lat' dir='ltr'>auctoribus</span> <span class='ocrx_word' id='word_1_278' title='bbox 1043 1422 1218 1460; x_wconf 89' lang='lat' dir='ltr'>Valcken.</span> <span class='ocrx_word' id='word_1_279' title='bbox 1253 1426 1291 1460; x_wconf 88' lang='lat' dir='ltr'>et</span> <span class='ocrx_word' id='word_1_280' title='bbox 1320 1421 1469 1459; x_wconf 79' lang='lat' dir='ltr'>wesse-</span> 
     </span>
     <span class='ocr_line' id='line_1_59' title="bbox 812 1475 1471 1529; baseline -0.003 -11"><span class='ocrx_word' id='word_1_281' title='bbox 812 1480 922 1529; x_wconf 84' lang='lat' dir='ltr'>ling.,</span> <span class='ocrx_word' id='word_1_282' title='bbox 957 1481 1018 1529; x_wconf 92' lang='lat' dir='ltr'>qui</span> <span class='ocrx_word' id='word_1_283' title='bbox 1049 1480 1190 1516; x_wconf 87' lang='lat' dir='ltr'>confert</span> <span class='ocrx_word' id='word_1_284' title='bbox 1208 1478 1282 1525; x_wconf 87' lang='lat' dir='ltr'>lV,</span> <span class='ocrx_word' id='word_1_285' title='bbox 1318 1479 1371 1518; x_wconf 89' lang='grc'>86</span> <span class='ocrx_word' id='word_1_286' title='bbox 1404 1475 1471 1516; x_wconf 79' lang='grc' dir='ltr'>ἐπὶ</span> 
     </span>
     <span class='ocr_line' id='line_1_60' title="bbox 816 1532 1472 1588; baseline -0.009 -12"><span class='ocrx_word' id='word_1_287' title='bbox 816 1532 1082 1588; x_wconf 78' lang='grc' dir='ltr'><strong><em>Θερμώδοντι.</em></strong></span> <span class='ocrx_word' id='word_1_288' title='bbox 1151 1535 1231 1572; x_wconf 86' lang='lat' dir='ltr'>Alia</span> <span class='ocrx_word' id='word_1_289' title='bbox 1267 1533 1370 1572; x_wconf 88' lang='lat' dir='ltr'>dabit</span> <span class='ocrx_word' id='word_1_290' title='bbox 1406 1533 1472 1571; x_wconf 91' lang='lat' dir='ltr'>Fi-</span> 
     </span>
     <span class='ocr_line' id='line_1_61' title="bbox 813 1590 1472 1641; baseline -0.006 -10"><span class='ocrx_word' id='word_1_291' title='bbox 813 1594 927 1631; x_wconf 86' lang='lat' dir='ltr'>scher.</span> <span class='ocrx_word' id='word_1_292' title='bbox 957 1593 1006 1630; x_wconf 86' lang='lat' dir='ltr'>ad</span> <span class='ocrx_word' id='word_1_293' title='bbox 1034 1591 1181 1629; x_wconf 90' lang='lat' dir='ltr'>Weller.</span> <span class='ocrx_word' id='word_1_294' title='bbox 1205 1590 1277 1637; x_wconf 84' lang='lat'>111,</span> <span class='ocrx_word' id='word_1_295' title='bbox 1311 1591 1347 1628; x_wconf 89' lang='lat' dir='ltr'>b.</span> <span class='ocrx_word' id='word_1_296' title='bbox 1384 1602 1472 1641; x_wconf 83' lang='lat' dir='ltr'>pag.</span> 
     </span>
     <span class='ocr_line' id='line_1_62' title="bbox 812 1645 1470 1699; baseline -0.011 -10"><span class='ocrx_word' id='word_1_297' title='bbox 812 1652 892 1692; x_wconf 80' lang='lat'>233</span> <span class='ocrx_word' id='word_1_298' title='bbox 914 1662 991 1699; x_wconf 87' lang='lat' dir='ltr'>seq.</span> <span class='ocrx_word' id='word_1_299' title='bbox 1033 1649 1250 1686; x_wconf 86' lang='lat' dir='ltr'>Schaeserus</span> <span class='ocrx_word' id='word_1_300' title='bbox 1274 1660 1318 1686; x_wconf 89' lang='lat' dir='ltr'>ex</span> <span class='ocrx_word' id='word_1_301' title='bbox 1337 1645 1470 1683; x_wconf 88' lang='lat' dir='ltr'>Aldina</span> 
     </span>
     <span class='ocr_line' id='line_1_63' title="bbox 811 1699 1469 1756; baseline -0.009 -12"><span class='ocrx_word' id='word_1_302' title='bbox 811 1706 962 1756; x_wconf 87' lang='lat' dir='ltr'>aliisque</span> <span class='ocrx_word' id='word_1_303' title='bbox 981 1705 1117 1756; x_wconf 88' lang='lat' dir='ltr'>recepit</span> <span class='ocrx_word' id='word_1_304' title='bbox 1129 1699 1187 1743; x_wconf 83' lang='grc' dir='ltr'>ἐπ’</span> <span class='ocrx_word' id='word_1_305' title='bbox 1204 1699 1328 1742; x_wconf 67' lang='grc' dir='ltr'><strong><em>αὐτοῦ</em></strong></span> <span class='ocrx_word' id='word_1_306' title='bbox 1338 1716 1350 1739; x_wconf 89' lang='grc'>.·</span> <span class='ocrx_word' id='word_1_307' title='bbox 1368 1703 1469 1752; x_wconf 91' lang='lat' dir='ltr'>quod</span> 
     </span>
     <span class='ocr_line' id='line_1_64' title="bbox 811 1761 1467 1813; baseline -0.006 -13"><span class='ocrx_word' id='word_1_308' title='bbox 811 1764 926 1813; x_wconf 88' lang='lat' dir='ltr'>ipsum</span> <span class='ocrx_word' id='word_1_309' title='bbox 944 1761 1214 1812; x_wconf 88' lang='lat' dir='ltr'>quodammodo</span> <span class='ocrx_word' id='word_1_310' title='bbox 1233 1765 1329 1798; x_wconf 86' lang='lat' dir='ltr'>stare</span> <span class='ocrx_word' id='word_1_311' title='bbox 1344 1772 1467 1810; x_wconf 88' lang='lat' dir='ltr'>posse,</span> 
     </span>
     <span class='ocr_line' id='line_1_65' title="bbox 811 1815 1467 1867; baseline -0.008 -10"><span class='ocrx_word' id='word_1_312' title='bbox 811 1822 1036 1865; x_wconf 88' lang='lat' dir='ltr'>monstrant,</span> <span class='ocrx_word' id='word_1_313' title='bbox 1067 1829 1163 1867; x_wconf 85' lang='lat' dir='ltr'>quae</span> <span class='ocrx_word' id='word_1_314' title='bbox 1179 1817 1338 1854; x_wconf 84' lang='lat' dir='ltr'>Fischer.</span> <span class='ocrx_word' id='word_1_315' title='bbox 1358 1815 1467 1853; x_wconf 86' lang='lat' dir='ltr'>affert</span> 
     </span>
     <span class='ocr_line' id='line_1_66' title="bbox 811 1871 1467 1925; baseline -0.008 -12"><span class='ocrx_word' id='word_1_316' title='bbox 811 1875 832 1913; x_wconf 92' lang='lat' dir='ltr'>l.</span> <span class='ocrx_word' id='word_1_317' title='bbox 852 1875 874 1912; x_wconf 91' lang='lat' dir='ltr'>l.</span> <span class='ocrx_word' id='word_1_318' title='bbox 896 1888 982 1925; x_wconf 86' lang='lat' dir='ltr'>pag.</span> <span class='ocrx_word' id='word_1_319' title='bbox 1003 1875 1108 1919; x_wconf 77' lang='lat'>2293</span> <span class='ocrx_word' id='word_1_320' title='bbox 1147 1874 1278 1923; x_wconf 91' lang='lat' dir='ltr'>quibus</span> <span class='ocrx_word' id='word_1_321' title='bbox 1298 1871 1467 1921; x_wconf 84' lang='lat' dir='ltr'>Schwgh.</span> 
     </span>
     <span class='ocr_line' id='line_1_67' title="bbox 812 1927 1468 1975; baseline -0.008 -5"><span class='ocrx_word' id='word_1_322' title='bbox 812 1932 915 1970; x_wconf 88' lang='lat' dir='ltr'>addit</span> <span class='ocrx_word' id='word_1_323' title='bbox 934 1932 1073 1969; x_wconf 90' lang='lat' dir='ltr'>Herod.</span> <span class='ocrx_word' id='word_1_324' title='bbox 1091 1930 1170 1975; x_wconf 85' lang='lat' dir='ltr'>Vn,</span> <span class='ocrx_word' id='word_1_325' title='bbox 1192 1932 1229 1970; x_wconf 87' lang='lat'>6.</span> <span class='ocrx_word' id='word_1_326' title='bbox 1259 1929 1349 1970; x_wconf 87' lang='lat'>115.</span> <span class='ocrx_word' id='word_1_327' title='bbox 1376 1927 1468 1966; x_wconf 83' lang='lat' dir='ltr'>Lex.</span> 
     </span>
     <span class='ocr_line' id='line_1_68' title="bbox 812 1983 1468 2038; baseline -0.008 -12"><span class='ocrx_word' id='word_1_328' title='bbox 812 1988 1000 2038; x_wconf 89' lang='lat' dir='ltr'>Polybian.</span> <span class='ocrx_word' id='word_1_329' title='bbox 1034 2000 1120 2038; x_wconf 85' lang='lat' dir='ltr'>pag.</span> <span class='ocrx_word' id='word_1_330' title='bbox 1150 1986 1234 2027; x_wconf 79' lang='lat'>242</span> <span class='ocrx_word' id='word_1_331' title='bbox 1261 1998 1315 2025; x_wconf 89' lang='lat' dir='ltr'>nr.</span> <span class='ocrx_word' id='word_1_332' title='bbox 1337 1983 1375 2024; x_wconf 83' lang='lat'>4.</span> <span class='ocrx_word' id='word_1_333' title='bbox 1416 1984 1468 2021; x_wconf 88' lang='lat' dir='ltr'>Et</span> 
     </span>
     <span class='ocr_line' id='line_1_69' title="bbox 811 2041 1466 2094; baseline -0.002 -12"><span class='ocrx_word' id='word_1_334' title='bbox 811 2046 906 2083; x_wconf 79' lang='lat' dir='ltr'>conf.</span> <span class='ocrx_word' id='word_1_335' title='bbox 937 2057 1085 2094; x_wconf 90' lang='lat' dir='ltr'>quoque</span> <span class='ocrx_word' id='word_1_336' title='bbox 1110 2043 1267 2081; x_wconf 85' lang='lat' dir='ltr'>Pausan.</span> <span class='ocrx_word' id='word_1_337' title='bbox 1288 2041 1320 2078; x_wconf 88' lang='lat' dir='ltr'>ll</span> <span class='ocrx_word' id='word_1_338' title='bbox 1333 2071 1346 2088; x_wconf 93' lang='lat'><strong><em>,</em></strong></span> <span class='ocrx_word' id='word_1_339' title='bbox 1372 2043 1420 2087; x_wconf 81' lang='lat'>2,</span> <span class='ocrx_word' id='word_1_340' title='bbox 1440 2042 1466 2080; x_wconf 84' lang='lat'><strong>2</strong></span> 
     </span>
     <span class='ocr_line' id='line_1_70' title="bbox 812 2094 1468 2149; baseline -0.017 -5"><span class='ocrx_word' id='word_1_341' title='bbox 812 2101 891 2139; x_wconf 69' lang='grc' dir='ltr'><strong>(ΞΟΠ.</strong></span> <span class='ocrx_word' id='word_1_342' title='bbox 916 2102 955 2148; x_wconf 87' lang='grc' dir='ltr'>Ι,</span> <span class='ocrx_word' id='word_1_343' title='bbox 977 2103 1054 2145; x_wconf 79' lang='lat'>29,</span> <span class='ocrx_word' id='word_1_344' title='bbox 1076 2102 1114 2140; x_wconf 85' lang='lat'>7.</span> <span class='ocrx_word' id='word_1_345' title='bbox 1166 2094 1311 2149; x_wconf 79' lang='grc' dir='ltr'><strong><em>στήλας</em></strong></span> <span class='ocrx_word' id='word_1_346' title='bbox 1331 2097 1468 2135; x_wconf 90' lang='lat' dir='ltr'>Noster</span> 
     </span>
     <span class='ocr_line' id='line_1_71' title="bbox 810 2155 1467 2207; baseline -0.008 -13"><span class='ocrx_word' id='word_1_347' title='bbox 810 2161 916 2195; x_wconf 78' lang='lat' dir='ltr'>vocat</span> <span class='ocrx_word' id='word_1_348' title='bbox 942 2159 1077 2207; x_wconf 79' lang='lat' dir='ltr'>cippos,</span> <span class='ocrx_word' id='word_1_349' title='bbox 1118 2160 1159 2193; x_wconf 89' lang='lat' dir='ltr'>ut</span> <span class='ocrx_word' id='word_1_350' title='bbox 1176 2160 1275 2194; x_wconf 87' lang='lat' dir='ltr'>recte</span> <span class='ocrx_word' id='word_1_351' title='bbox 1296 2155 1467 2192; x_wconf 85' lang='lat' dir='ltr'>observat</span> 
     </span>
     <span class='ocr_line' id='line_1_72' title="bbox 811 2210 1467 2264; baseline -0.011 -12"><span class='ocrx_word' id='word_1_352' title='bbox 811 2213 921 2252; x_wconf 88' lang='lat' dir='ltr'>Italus</span> <span class='ocrx_word' id='word_1_353' title='bbox 938 2214 1138 2264; x_wconf 81' lang='lat' dir='ltr'>interpres3</span> <span class='ocrx_word' id='word_1_354' title='bbox 1175 2211 1299 2262; x_wconf 87' lang='lat' dir='ltr'>quales</span> <span class='ocrx_word' id='word_1_355' title='bbox 1319 2210 1467 2247; x_wconf 88' lang='lat' dir='ltr'>omnino</span> 
     </span>
     <span class='ocr_line' id='line_1_73' title="bbox 812 2267 1468 2320; baseline -0.008 -12"><span class='ocrx_word' id='word_1_356' title='bbox 812 2272 848 2308; x_wconf 91' lang='lat' dir='ltr'>in</span> <span class='ocrx_word' id='word_1_357' title='bbox 877 2270 1008 2307; x_wconf 88' lang='lat' dir='ltr'>finibus</span> <span class='ocrx_word' id='word_1_358' title='bbox 1033 2269 1196 2320; x_wconf 88' lang='lat' dir='ltr'>imperii,</span> <span class='ocrx_word' id='word_1_359' title='bbox 1233 2267 1468 2306; x_wconf 87' lang='lat' dir='ltr'>terminorum</span> 
     </span>
     <span class='ocr_line' id='line_1_74' title="bbox 811 2324 1468 2377; baseline -0.009 -12"><span class='ocrx_word' id='word_1_360' title='bbox 811 2332 1120 2377; x_wconf 87' lang='lat' dir='ltr'>tropaeorumque</span> <span class='ocrx_word' id='word_1_361' title='bbox 1143 2325 1238 2370; x_wconf 91' lang='lat' dir='ltr'>loco,</span> <span class='ocrx_word' id='word_1_362' title='bbox 1268 2324 1422 2374; x_wconf 89' lang='lat' dir='ltr'>scriptos</span> <span class='ocrx_word' id='word_1_363' title='bbox 1446 2334 1468 2359; x_wconf 88' lang='lat' dir='ltr'>a</span> 
     </span>
     <span class='ocr_line' id='line_1_75' title="bbox 811 2378 1468 2433; baseline -0.008 -13"><span class='ocrx_word' id='word_1_364' title='bbox 811 2384 996 2421; x_wconf 85' lang='lat' dir='ltr'>veteribus</span> <span class='ocrx_word' id='word_1_365' title='bbox 1025 2383 1165 2433; x_wconf 89' lang='lat' dir='ltr'>positos</span> <span class='ocrx_word' id='word_1_366' title='bbox 1192 2381 1323 2426; x_wconf 79' lang='lat' dir='ltr'>fuisse,</span> <span class='ocrx_word' id='word_1_367' title='bbox 1370 2378 1468 2416; x_wconf 87' lang='lat' dir='ltr'>haud</span> 
     </span>
     <span class='ocr_line' id='line_1_76' title="bbox 811 2435 1469 2490; baseline -0.009 -13"><span class='ocrx_word' id='word_1_368' title='bbox 811 2452 930 2490; x_wconf 85' lang='lat' dir='ltr'>pauca</span> <span class='ocrx_word' id='word_1_369' title='bbox 956 2442 1240 2477; x_wconf 86' lang='lat' dir='ltr'>commonstrant</span> <span class='ocrx_word' id='word_1_370' title='bbox 1260 2435 1427 2486; x_wconf 85' lang='lat' dir='ltr'>exempla</span> <span class='ocrx_word' id='word_1_371' title='bbox 1448 2446 1469 2470; x_wconf 83' lang='lat' dir='ltr'>a</span> 
     </span>
     <span class='ocr_line' id='line_1_77' title="bbox 812 2493 1467 2545; baseline -0.011 -11"><span class='ocrx_word' id='word_1_372' title='bbox 812 2497 941 2545; x_wconf 85' lang='lat' dir='ltr'>Zoega</span> <span class='ocrx_word' id='word_1_373' title='bbox 974 2495 1122 2534; x_wconf 85' lang='lat' dir='ltr'>collecta</span> <span class='ocrx_word' id='word_1_374' title='bbox 1145 2494 1204 2532; x_wconf 90' lang='lat' dir='ltr'>De</span> <span class='ocrx_word' id='word_1_375' title='bbox 1226 2493 1405 2531; x_wconf 90' lang='lat' dir='ltr'>Obeliscc.</span> <span class='ocrx_word' id='word_1_376' title='bbox 1432 2503 1467 2539; x_wconf 89' lang='lat' dir='ltr'>p.</span> 
     </span>
     <span class='ocr_line' id='line_1_78' title="bbox 812 2547 1470 2600; baseline -0.021 -6"><span class='ocrx_word' id='word_1_377' title='bbox 812 2554 906 2594; x_wconf 88' lang='grc'><strong>577.</strong></span> <span class='ocrx_word' id='word_1_378' title='bbox 945 2552 1000 2589; x_wconf 84' lang='lat' dir='ltr'>Ex</span> <span class='ocrx_word' id='word_1_379' title='bbox 1019 2553 1150 2590; x_wconf 91' lang='lat' dir='ltr'>eodem</span> <span class='ocrx_word' id='word_1_380' title='bbox 1172 2562 1306 2600; x_wconf 86' lang='lat' dir='ltr'>genere</span> <span class='ocrx_word' id='word_1_381' title='bbox 1332 2547 1390 2584; x_wconf 88' lang='lat' dir='ltr'>ille</span> <span class='ocrx_word' id='word_1_382' title='bbox 1414 2549 1470 2582; x_wconf 86' lang='lat' dir='ltr'>est</span> 
     </span>
     <span class='ocr_line' id='line_1_79' title="bbox 810 2603 1465 2660; baseline -0.016 -14"><span class='ocrx_word' id='word_1_383' title='bbox 810 2610 961 2660; x_wconf 86' lang='lat' dir='ltr'>cippus,</span> <span class='ocrx_word' id='word_1_384' title='bbox 990 2621 1099 2658; x_wconf 88' lang='lat' dir='ltr'>quem</span> <span class='ocrx_word' id='word_1_385' title='bbox 1116 2606 1248 2644; x_wconf 73' lang='lat' dir='ltr'>literis</span> <span class='ocrx_word' id='word_1_386' title='bbox 1240 2618 1294 2641; x_wconf 83' lang='lat' dir='ltr'>in</span> <span class='ocrx_word' id='word_1_387' title='bbox 1298 2603 1465 2652; x_wconf 87' lang='lat' dir='ltr'>criptum,</span> 
     </span>
     <span class='ocr_line' id='line_1_80' title="bbox 810 2657 1465 2703; baseline -0.017 0"><span class='ocrx_word' id='word_1_388' title='bbox 810 2666 860 2702; x_wconf 85' lang='lat' dir='ltr'>ad</span> <span class='ocrx_word' id='word_1_389' title='bbox 886 2665 1047 2703; x_wconf 85' lang='lat' dir='ltr'>Tearum</span> <span class='ocrx_word' id='word_1_390' title='bbox 1079 2675 1222 2701; x_wconf 90' lang='lat' dir='ltr'>amnem</span> <span class='ocrx_word' id='word_1_391' title='bbox 1252 2659 1365 2696; x_wconf 87' lang='lat' dir='ltr'>erexit</span> <span class='ocrx_word' id='word_1_392' title='bbox 1390 2657 1465 2695; x_wconf 88' lang='lat' dir='ltr'>Da-</span> 
     </span>
     <span class='ocr_line' id='line_1_81' title="bbox 809 2717 1308 2768; baseline -0.004 -11"><span class='ocrx_word' id='word_1_393' title='bbox 809 2722 903 2767; x_wconf 83' lang='lat' dir='ltr'>rius,</span> <span class='ocrx_word' id='word_1_394' title='bbox 933 2725 973 2757; x_wconf 89' lang='lat' dir='ltr'>ut</span> <span class='ocrx_word' id='word_1_395' title='bbox 988 2720 1140 2768; x_wconf 86' lang='lat' dir='ltr'>legimus</span> <span class='ocrx_word' id='word_1_396' title='bbox 1158 2717 1221 2761; x_wconf 86' lang='lat' dir='ltr'>IV,</span> <span class='ocrx_word' id='word_1_397' title='bbox 1243 2717 1308 2755; x_wconf 87' lang='grc'>91</span> 
     </span>
    </p>
   </div>
   <div class='ocr_carea' id='block_1_21' title="bbox 1596 468 1652 493">
    <p class='ocr_par' dir='ltr' id='par_1_21' title="bbox 1596 468 1652 493">
     <span class='ocr_line' id='line_1_82' title="bbox 1596 468 1652 493; baseline 0 0"><span class='ocrx_word' id='word_1_398' title='bbox 1596 468 1652 493; x_wconf 79' lang='lat' dir='ltr'>ecit</span> 
     </span>
    </p>
   </div>
   <div class='ocr_carea' id='block_1_22' title="bbox 1493 534 1750 602">
    <p class='ocr_par' dir='ltr' id='par_1_22' title="bbox 1537 534 1735 602">
     <span class='ocr_line' id='line_1_83' title="bbox 1542 534 1605 559; baseline 0 0"><span class='ocrx_word' id='word_1_399' title='bbox 1542 534 1605 559; x_wconf 89' lang='lat' dir='ltr'>Gra</span> 
     </span>
     <span class='ocr_line' id='line_1_84' title="bbox 1493 541 1750 602; baseline 0 -9"><span class='ocrx_word' id='word_1_400' title='bbox 1493 565 1598 602; x_wconf 81' lang='lat' dir='ltr'>criipt:</span> <span class='ocrx_word' id='word_1_401' title='bbox 1608 541 1750 601; x_wconf 50' lang='lat' dir='ltr'>et:maguli-</span> 
     </span>
    </p>
   </div>
   <div class='ocr_carea' id='block_1_23' title="bbox 972 3251 1863 3256">
    <p class='ocr_par' dir='ltr' id='par_1_23' title="bbox 972 3251 1863 3256">
     <span class='ocr_line' id='line_1_85' title="bbox 972 3251 1863 3256; baseline 0 2"><span class='ocrx_word' id='word_1_402' title='bbox 972 3251 1863 3256; x_wconf 95' lang='lat' dir='ltr'> </span> 
     </span>
    </p>
   </div>
  </div>
 </body>
</html>
