1863 3256
45 298 170 318 arenam
202 297 325 317 auream

46 324 112 352 ludi
131 324 253 350 camelis
271 324 325 350 im-

46 358 171 393 positam
181 356 324 384 archum:

46 391 228 418 camelorum
262 390 323 417 vir-

46 428 95 453 tus
113 429 145 452 et.
160 429 279 452 natura.

383 184 467 224 188

353 291 467 346 3μὲν
497 291 730 342 ἐλάσσονα,
763 292 1019 336 ἅλωπὲκεων
1050 293 1095 336 δὲ
1126 291 1293 348 μέζονα.

381 365 469 405 τῶν
498 363 567 405 καὶ
598 364 717 418 παροὶ
747 365 915 420 βασιλέϊ
949 368 1036 407 τῶν
1068 364 1291 417 Περσέων,
1335 362 1539 406 ἐνθεῦτεν
1575 368 1652 419 θη-

778 183 1247 223 HERODOTI

1376 293 1388 308 ³
1419 291 1428 306 Ί
1502 291 1511 305 Ι
1624 293 1634 307 5

1352 304 1434 334 εισι
1461 308 1545 347 γαρ
1578 310 1650 336 αυ-

381 435 618 487 ρευθέντες.
668 429 792 477 οὗτοι
823 430 886 476 ὦν
914 437 957 477 οἱ
985 434 1223 490 μύρμηκες,
1253 431 1504 488 ποιεύμενοι
1535 435 1650 490 οἴκη-

381 516 452 549 σιν
482 504 571 548 ὑπὸ
600 509 704 561 γῆν,
737 504 1036 560 ἀναφορέουσι
1057 504 1137 561 τήν
1160 503 1361 560 ψάμμου,
1391 503 1581 560 κατάπερ
1613 506 1706 548 οῖ85

324 678 546 723 institutam,
573 677 609 712 in
634 676 707 725 qua
733 675 886 725 pellibus
912 675 990 713 vul-

324 735 422 785 pium
453 732 585 780 (Canis
609 731 739 769 Corsalc
766 732 893 781 Linn.)
923 733 989 770 hac

325 793 361 827 in
406 790 556 838 regione
594 790 987 837 frequentissimarmn,

325 858 419 895 quae
446 847 482 881 in
510 851 645 882 terram
673 858 713 882 se
736 845 872 881 abdere
897 845 990 882 sole-

325 906 412 948 ant,
447 901 501 937 usi
529 902 674 937 suerint.
733 901 790 938 De
813 901 880 937 hac
901 913 991 938 cane

324 957 380 994 vel
421 957 491 993 alia
540 960 697 1005 quadam
749 956 883 1006 vulpini
925 970 991 1005 ge-

324 1013 420 1051 neris
444 1013 596 1050 bestiola
616 1013 738 1049 ludica
758 1013 815 1049 hic
839 1012 991 1061 cogitari

327 1083 435 1120 posse
482 1074 608 1107 censet
648 1069 758 1106 ltalus
798 1070 990 1119 interpres.

327 1126 436 1164 Link.
458 1126 549 1173 (Die
572 1125 709 1163 Urwelt
731 1139 766 1175 p.
781 1126 884 1169 258)
907 1138 992 1162 nar-

328 1183 461 1220 rationi
490 1182 585 1229 huic‚
614 1187 762 1232 practer
784 1183 894 1218 fidem
916 1183 990 1218 for-

328 1240 423 1276 sitan
458 1244 606 1286 auctae,
637 1239 812 1287 originem
846 1238 991 1275 dedisse

328 1296 524 1333 arbitratur
536 1295 667 1331 animal
678 1295 878 1343 quoddam,
891 1295 991 1343 quod

328 1353 366 1388 in
388 1356 521 1388 terram
542 1364 713 1388 cavernas
735 1351 909 1389 fodiendo
927 1363 991 1387 au-

327 1421 406 1445 rum
443 1412 660 1456 quaerentes
692 1408 844 1445 duxerit.
910 1407 991 1444 Nec

329 1469 450 1501 tamen
473 1465 519 1500 de
541 1477 630 1501 cane
649 1464 793 1500 Corsak
824 1464 989 1512 cogitan-

330 1522 428 1566 dum,
450 1520 516 1556 sed
536 1521 582 1557 de
603 1520 671 1557 alio
683 1520 827 1557 animali
847 1521 990 1557 fodien-

327 1581 378 1621 te,
405 1577 558 1615 forsitan
580 1577 626 1613 de
649 1582 848 1614 mormotae.
868 1577 989 1626 specie

328 1634 499 1682 quadam,
531 1633 674 1681 qualem
698 1634 907 1671 recentioris
930 1646 991 1670 ae-

328 1690 413 1726 tatis
441 1690 695 1739 peregrinator
724 1690 760 1725 in
783 1690 848 1725 illis
869 1691 991 1737 regio-

329 1746 435 1782 nibus
455 1746 693 1795 conspexerit.
723 1747 815 1782 Cum
839 1746 906 1782 hac
927 1758 991 1782 au-

329 1806 404 1839 tem
430 1803 641 1839 narratione
667 1802 817 1840 alteram
838 1803 883 1840 de
904 1815 991 1850 gry-

329 1858 411 1909 phis
443 1856 512 1905 (de
533 1871 606 1907 qua
634 1859 705 1895 vid.
734 1859 781 1894 ad
803 1858 865 1905 ΙΙΙ,
888 1860 987 1905 116)

328 1914 525 1966 postmodo
547 1915 731 1952 confusam
746 1928 838 1961 esse,
852 1919 991 1951 utram-

331 1983 403 2019 que
435 1971 470 2006 in
506 1971 644 2007 Indiam
659 2000 669 2018 ,
716 1972 739 2007 i.
781 1985 812 2008 e.
855 1976 990 2008 terram

330 2027 490 2063 omnium
507 2040 624 2064 rernm
642 2028 887 2064 mirandarum
901 2041 991 2076 qua·

331 2084 361 2119 si
397 2088 589 2133 parentem
629 2083 854 2132 relegatam,
888 2085 989 2121 {dem

332 2140 456 2176 statuit
471 2152 507 2190 p-
518 2140 613 2180 259.
631 2141 842 2177 Accuratius
855 2146 991 2178 utram-

332 2208 404 2244 que
425 2197 556 2233 famam
577 2197 740 2233 distinxit
759 2197 876 2234 wahl.
896 2197 992 2233 Erd-

333 2252 470 2289 beschr.
496 2265 528 2289 v,
550 2253 697 2293 Ostind.
726 2267 812 2303 pag.
835 2254 916 2294 483
939 2276 988 2280 —

332 2307 428 2353 488,
452 2309 543 2346 hanc
573 2310 620 2345 de
650 2310 808 2345 formicis
833 2309 991 2346 fabulam

331 2368 492 2400 tractans
523 2366 732 2414 optimeque
766 2378 917 2402 monens
954 2367 991 2401 in

331 2424 436 2456 tanta
455 2420 593 2457 illarum
616 2423 806 2470 regionum
831 2423 992 2458 obscuri-

333 2481 409 2513 tate
439 2476 619 2526 hodieque
652 2478 745 2514 illam
770 2479 922 2515 bestiam
954 2478 991 2514 in

333 2532 483 2569 historia
505 2533 660 2570 naturali
684 2535 808 2583 quaeri
828 2535 884 2570 vix
906 2547 991 2582 pos-

334 2602 383 2626 se.
444 2589 602 2626 lndicam
626 2591 809 2627 formicam
830 2590 991 2639 suspica-

333 2650 392 2682 tur
412 2646 567 2695 speciem
585 2647 766 2695 quandam
790 2659 870 2683 esse
895 2646 993 2682 canis

335 2702 499 2751 hyaenae
521 2703 650 2749 (‚‚eine
670 2703 831 2739 Varietiit
849 2703 914 2738 der
929 2715 994 2750 ge-

335 2760 497 2796 streisten
525 2760 613 2796 oder
632 2760 838 2808 getleckten
867 2759 992 2806 Hyac-

337 2818 409 2853 ue“
428 2816 499 2854 vid.
521 2817 696 2868 pag.813
710 2816 834 2866 seqq.)
858 2815 992 2865 ipsum-

1046 690 1116 726 que
1134 689 1266 714 nomen
1279 677 1461 713 Graecum
1479 672 1637 726 μύρμηξ
1650 675 1708 714 vel

1045 746 1066 770 a
1108 733 1252 769 Persico
1293 733 1530 770 derivandum
1573 741 1709 781 etymo,

1046 790 1127 835 (nbi
1147 788 1238 826 IlIur
1260 790 1411 826 denotat
1422 790 1619 833 formicam,
1632 788 1710 824 mil-

1046 859 1118 882 ‘ress
1139 846 1326 882 formicam
1357 858 1548 893 magnam,
1582 846 1711 882 imma-

1047 915 1152 946 nem,
1183 902 1355 937 mt'rmz‘sclt
1376 901 1508 937 animal
1537 914 1709 950 magnum

1048 959 1219 994 formicae
1237 958 1284 993 ad
1302 958 1412 993 instar
1423 957 1634 1003 formatum)
1652 956 1710 994 vel

1048 1026 1069 1050 a
1096 1026 1185 1050 voce
1213 1011 1303 1062 Myr
1326 1026 1355 1052 s.
1376 1011 1468 1049 ,Mm-
1491 1013 1527 1049 in
1547 1013 1709 1062 pluribus

1048 1070 1158 1107 Asiae
1191 1068 1323 1118 linguis
1357 1069 1464 1105 obvia
1502 1074 1540 1106 et
1570 1069 1711 1118 signifi-

1049 1132 1154 1163 cante
1175 1124 1292 1174 seram
1323 1124 1468 1172 (Wz'lcl,
1500 1124 1709 1173 ‚Wilclm'ss).

1048 1183 1097 1219 At
1115 1181 1334 1219 Maltebrun.
1357 1181 1398 1227 (l.
1423 1181 1444 1218 l.
1468 1182 1499 1218 ll
1520 1195 1604 1231 pag.
1627 1183 1709 1223 368

1049 1238 1464 1287 seq.);utr31quefabula
1486 1239 1532 1275 de
1553 1238 1710 1275 formicis

1047 1309 1088 1332 ac
1112 1296 1160 1332 de
1176 1295 1326 1344 gryphis
1343 1295 1390 1330 nil
1415 1294 1511 1330 aliud
1533 1294 1712 1331 contineri

1046 1356 1165 1402 putat,
1183 1352 1251 1386 nisi
1275 1351 1361 1387 hoc:
1392 1351 1505 1396 Indis,
1522 1351 1711 1399 regionum

1046 1408 1384 1457 septentrionalium
1405 1406 1552 1453 incolis,
1583 1419 1710 1444 aurum

1045 1469 1122 1500 tum
1158 1477 1178 1500 e
1210 1464 1361 1500 metallis
1385 1464 1602 1513 fodinisque‚
1633 1469 1711 1500 tum

1046 1534 1067 1558 e
1088 1521 1216 1567 fluviis,
1235 1526 1310 1556 tum
1339 1533 1382 1557 ex
1411 1532 1522 1557 arena
1544 1520 1710 1569 pulvere-

1048 1590 1120 1626 que
1143 1577 1329 1625 acquirere
1340 1577 1425 1612 dum
1440 1576 1626 1623 studeant,
1636 1581 1711 1613 ter-

1047 1646 1106 1669 ras
1118 1632 1352 1682 inhospitales
1364 1632 1605 1682 permeandas
1618 1645 1710 1680 gen-

1047 1694 1174 1738 tesque
1210 1690 1304 1725 feras
1346 1688 1581 1726 debellandas
1617 1701 1708 1726 esse.

1046 1745 1224 1782 Fabulam
1244 1746 1290 1782 de
1310 1746 1465 1782 formicis
1485 1745 1570 1782 inde
1591 1750 1709 1782 ortam

1048 1807 1195 1848 censet,
1226 1803 1326 1850 quod
1349 1802 1426 1838 ludi
1446 1814 1572 1838 aurum
1588 1814 1608 1839 e
1629 1800 1710 1851 pul-

1048 1872 1133 1895 vere
1160 1862 1376 1907 quaerentes
1409 1858 1560 1906 vestigia
1586 1858 1713 1894 formi-

1049 1928 1172 1952 carum
1205 1914 1367 1952 albarum
1400 1915 1512 1952 secuti
1540 1913 1712 1964 pellibus-

1050 1984 1121 2021 que
1148 1970 1329 2021 vulpium,
1361 1971 1595 2020 hyaenarum‚
1619 1969 1710 2007 alia-

1048 2041 1125 2064 rum
1150 2029 1304 2064 ferarum
1326 2029 1380 2064 usi
1398 2028 1491 2073 sint,
1521 2039 1615 2075 quae
1635 2027 1712 2063 for=

1048 2085 1162 2121 micae
1174 2097 1253 2120 cum
1266 2084 1370 2121 valde
1380 2088 1537 2121 noceant
1548 2096 1711 2120 omnem-

1049 2153 1120 2189 que
1141 2154 1252 2191 saepe
1271 2153 1425 2178 messem
1447 2143 1625 2184 evertant,
1653 2140 1710 2175 in-

1048 2198 1095 2234 de
1126 2202 1252 2233 natam
1284 2196 1360 2233 vult
1390 2196 1632 2232 narrationem
1662 2196 1710 2232 de

1048 2252 1156 2299 bello,
1180 2253 1279 2302 quod
1302 2266 1382 2289 cum
1403 2252 1560 2288 formicis
1579 2256 1710 2300 gerant

1048 2309 1223 2346 homines.
1257 2309 1338 2345 Vid.
1364 2320 1447 2357 pag.
1467 2309 1548 2347 380
1568 2320 1646 2357 seq.
1673 2312 1710 2345 et

1048 2366 1142 2402 conf.
1165 2370 1259 2402 nott.
1280 2366 1329 2401 ad
1351 2364 1411 2410 ΙΙΙ,
1432 2365 1521 2404 116.

1107 2475 1182 2515 εἰσὶ
1217 2473 1290 2528 γὰρ
1329 2471 1460 2513 αὕτῶν
1492 2474 1559 2515 καὶ
1599 2473 1707 2527 παρᾶ

1050 2532 1204 2583 βασιλέϊ
1234 2535 1311 2570 τῶν
1347 2531 1554 2582 Περσέων]
1588 2532 1628 2569 ln
1650 2546 1709 2570 re-

1050 2603 1135 2637 gum
1148 2590 1340 2639 paradisis,
1357 2590 1477 2636 credo,
1491 2590 1558 2626 hae
1580 2589 1708 2626 beluae

1051 2645 1241 2682 alebantur
1276 2647 1346 2681 uua
1383 2659 1461 2682 cum
1495 2645 1573 2682 aliis
1610 2645 1707 2691 feris,

1050 2714 1140 2750 quas
1167 2714 1226 2737 rex
1254 2702 1375 2738 venari
1400 2715 1465 2751 pro
1488 2715 1587 2739 more
1615 2701 1709 2739 sole-

1050 2758 1122 2794 bat.
1153 2758 1259 2794 Cous.
1273 2758 1432 2795 Brisson.
1451 2760 1497 2797 de
1515 2772 1590 2809 reg.
1606 2757 1707 2796 Pers.

1047 2814 1201 2865 princip.
1224 2814 1250 2861 l,
1269 2816 1332 2855 79.

1800 1627 1803 1679 ἒ
1835 1650 1863 1688 μῦς

1789 1688 1805 1756 all
1837 1707 1863 1744 pn:
