1946 3272
446 250 504 290 82

840 250 1308 291 HERODOTI

446 356 530 414 γὰρ
559 358 669 404 θεὸν
697 359 926 415 νομίζουσι
957 357 1070 403 εἶναι
1100 362 1203 413 πῦρ.
1262 360 1311 404 τὸ
1356 355 1420 404 ὦν
1462 361 1741 405 κατακαίεινι

445 444 494 484 γε
522 428 628 480 τούς
657 429 844 484 νεκρούς
865 428 1068 486 οὐδαμῶς
1098 430 1146 473 ἐν
1165 428 1287 486 νόμῳ
1318 431 1587 486 ου’δετέροισί
1617 430 1717 474 ἐστι·

449 499 648 556 Πέρσῃσι
681 499 782 556 μὲν,
830 498 887 543 δι’
929 500 1036 555 ὅπερ
1082 502 1272 555 εἴρηται,
1318 505 1409 557 θεῷ
1449 501 1504 546 οὐ
1542 504 1718 545 δίκαιον

447 567 560 614 εἶναι
608 571 806 626 λέγοντες
849 568 994 624 νέμειν
1039 569 1198 624 νεκρὸν
1241 567 1509 626 ἀνθρώπου·

1581 575 1710 629 Αίγυ-
1723 581 1744 615 5

446 642 609 684 πτίοισι
650 641 695 684 δὲ
733 639 987 696 νενόμισται
1022 643 1111 694 πῦρ
1153 641 1318 696 θηρίον
1358 640 1471 685 εἶναι
1509 643 1716 699 ἔμψυχον,

446 711 590 754 πάντα
621 711 666 754 δὲ
697 710 804 754 αὐτὸ
835 713 1080 755 κατεσθίειν
1097 709 1150 754 τά
1175 727 1253 765 περ
1279 709 1333 754 ἂν
1351 710 1488 768 λάβῃ,
1520 715 1716 770 πλησθὲν

447 783 494 825 δὲ
515 780 621 824 αὐτὸ
642 786 717 838 τῆς
735 785 870 838 βορῆς
896 782 1277 838 συναποθνήσκειν
1298 787 1359 839 τῷ
1379 785 1714 842 κατεσθιομένῳ.

418 852 600 895 ὃοῦκων
620 854 817 908 θηρίοισι
848 851 985 909 νόμος
1010 851 1215 909 οὐδαμῶς
1248 854 1328 909 σφί
1357 853 1447 897 ἐστι
1476 854 1554 898 τὸν
1582 855 1715 898 νέκυν

448 922 639 966 διδόναι·
679 924 753 967 καὶ
780 922 853 967 διὰ
881 928 1020 968 ταῦτα
1048 922 1348 980 ταριχεύουσι,
1390 926 1462 968 ἵνα
1490 924 1549 982 μὴ
1579 928 1770 981 κείμε·10

389 1088 451 1112 rus
465 1075 641 1112 Croesum
658 1074 745 1122 igne
759 1075 920 1113 comburi
931 1074 1050 1124 vellet,

389 1131 460 1168 alia
479 1144 582 1168 sacra
594 1144 637 1168 ac
656 1130 802 1169 Medico
815 1153 830 1160 -
842 1132 1051 1169 Zoroastri-

390 1200 445 1235 ca,
475 1188 670 1237 Cambysis
687 1192 808 1227 aetate
830 1190 975 1226 demum
993 1202 1051 1227 re-

389 1247 507 1294 cepta,
531 1257 614 1282 esse
633 1249 789 1282 secutos.
829 1245 929 1289 Quid
953 1246 1050 1283 enim

390 1300 438 1337 de
458 1301 526 1337 ista
545 1301 754 1339 narratione
766 1302 813 1339 de
823 1302 921 1352 Cyro
933 1302 1051 1340 Croe-

390 1369 471 1393 sum
507 1357 672 1394 comburi
701 1357 850 1395 iubente
885 1359 1050 1396 iudican-

390 1413 476 1450 dum
495 1414 557 1460 sit,
589 1414 743 1451 diximus
760 1415 809 1451 ad
830 1414 858 1461 I,
879 1415 944 1454 86.

449 1470 657 1520 νομίζουσι
689 1466 791 1510 εἶναι
817 1469 921 1521 πῦρ]
951 1470 1051 1509 Arti-

390 1527 508 1566 culum
525 1521 592 1574 τό,
623 1539 731 1576 quem
752 1532 788 1565 et
809 1528 842 1565 h.
864 1527 885 1564 l.
908 1532 944 1565 et
959 1541 1049 1578 pau-

389 1584 424 1622 lo
447 1584 608 1630 inferius,
638 1584 699 1620 ubi
716 1583 814 1621 idem
835 1584 1050 1622 vocabulum

389 1644 529 1686 exstat,
559 1644 793 1690 praeponunt
831 1645 916 1678 ante
954 1643 1048 1691 πῦρ,

381 1710 436 1735 ex
464 1709 537 1733 uno
570 1696 734 1734 Stobaeo
763 1697 814 1746 (p.
845 1698 950 1744 123,
982 1700 1048 1747 13)

389 1759 620 1802 receptum‚'
644 1766 725 1790 cum
759 1753 962 1802 Schweigh.
1013 1759 1051 1792 et

391 1810 507 1846 Gaisf.
536 1808 663 1846 delevi.
723 1809 821 1847 Nam
851 1823 873 1847 a
903 1810 1049 1860 reliquis

389 1865 488 1903 libris
516 1866 683 1902 omnibus
713 1866 830 1904 abest.
888 1867 1047 1904 Eosdem

388 1922 482 1959 viros
514 1926 669 1968 secutus,
699 1935 783 1958 mox
813 1921 977 1960 exhibui:
1006 1920 1049 1962 τὸ

391 1979 448 2016 ὠν
489 1978 719 2016 κατακαίειν
754 1993 777 2029 γ
793 1992 809 2016 ε
851 1975 944 2024 τούς
984 1993 1049 2018 νε-

388 2048 529 2084 κρους,
561 2034 623 2070 ubi
651 2033 731 2070 libri
757 2034 880 2084 scripti
901 2039 940 2072 et
960 2036 1049 2072 editi

389 2090 552 2141 plerique
586 2104 626 2128 τε
656 2090 838 2127 exhibent.
875 2112 928 2119 —
972 2091 1049 2128 Ex-

389 2146 532 2197 scripsit
549 2146 638 2183 haec
658 2146 841 2184 Stobaeus
863 2146 937 2184 Tit.
955 2150 1048 2194 123,

392 2205 441 2243 13
471 2215 555 2253 pag.
586 2203 668 2243 583
697 2215 727 2240 s,
757 2202 804 2240 T.
832 2203 881 2239 lll
909 2217 944 2254 p.
965 2203 1044 2244 491

389 2259 507 2296 Gaisf.

446 2310 503 2353 δι’
524 2310 620 2366 ὅπερ
651 2311 821 2366 εἴρηται]
852 2315 873 2352 i.
907 2328 938 2353 e.
968 2329 1047 2353 eam

389 2372 435 2409 ob
463 2383 631 2417 causam,
663 2384 774 2420 quam
797 2372 907 2408 modo
931 2372 1047 2419 attuli,

389 2440 529 2465 sacrum
562 2440 584 2465 a
621 2427 740 2464 Persis
771 2428 896 2466 haberi
925 2429 1047 2477 ignem

388 2484 555 2522 dictitans
585 2484 759 2530 deumve,
808 2484 865 2520 cui
899 2485 1047 2523 tradere

387 2552 517 2591 corpus
538 2540 733 2576 humanum
757 2538 1048 2590 (depascendum

388 2610 437 2634 sc.
461 2601 497 2634 et
517 2597 824 2644 consumendum)
842 2598 944 2634 nefas
968 2610 1048 2635 esse

388 2653 620 2690 arbitrentur.
679 2651 736 2689 Ad
771 2653 880 2690 verba
913 2652 1046 2704 νέμειν

388 2708 485 2759 πυρὶ
504 2710 599 2746 conf.
621 2709 736 2754 1x‚7,
752 2711 786 2749 1.
805 2708 868 2756 Vl,
889 2711 953 2749 33.
975 2710 1046 2747 Pro

388 2764 563 2817 λέγοντες
585 2766 685 2814 quod
706 2765 852 2814 quidam
877 2765 1047 2804 exhibent

388 2821 543 2875 λέγουσι
563 2818 623 2874 (ut
649 2834 730 2858 cum
754 2819 928 2875 Πέρσῃσι
951 2823 1046 2860 scili-

389 2883 447 2917 cet
469 2878 693 2927 conveniat),
724 2878 760 2915 id
781 2877 854 2915 noli
875 2879 1046 2930 recipere.

1107 1073 1242 1112 Similis
1276 1078 1482 1113 structurae
1511 1076 1676 1126 exempla
1711 1078 1765 1114 af-

1106 1133 1176 1170 fert
1191 1131 1411 1180 l'Vesseling.
1430 1132 1611 1170 Herodot.
1624 1132 1688 1178 Vl,
1703 1135 1769 1174 13.

1105 1188 1187 1234 VH,
1210 1186 1298 1227 144.
1326 1188 1575 1227 Add.Duker.
1596 1190 1645 1226 ad
1665 1189 1770 1227 Thu-

1106 1244 1226 1296 cydid.
1249 1243 1329 1291 Vll,
1348 1244 1413 1286 42.
1436 1248 1502 1285 70.

1160 1299 1312 1350 θηρίον
1333 1296 1434 1339 εἶναι
1447 1299 1646 1352 ἔμψυχον]
1668 1300 1768 1338 Lau-

1106 1357 1170 1394 dat
1191 1356 1410 1406 wesseling.
1431 1358 1478 1395 de
1499 1358 1769 1408 Aegyptiorum

1105 1413 1291 1460 Vulcano,
1320 1414 1414 1463 ignis
1440 1427 1482 1451 ac
1511 1414 1768 1464 plerarumque

1107 1471 1238 1507 artium
1260 1471 1461 1516 inventore,
1481 1470 1634 1508 Diodor.
1653 1469 1767 1508 Sicul.

1107 1526 1146 1573 Ι,
1187 1529 1250 1568 12.
1296 1528 1369 1575 13,
1425 1526 1602 1564 Nicandr.
1645 1525 1768 1564 Alexi-

1108 1582 1246 1634 pharni.
1282 1583 1361 1623 175
1393 1587 1429 1621 et
1455 1582 1635 1621 Plutarch.
1657 1583 1766 1631 Sym-

1106 1652 1187 1690 pos.
1215 1638 1281 1675 Vll
1309 1652 1344 1689 p.
1371 1641 1474 1686 703,
1505 1640 1566 1677 ubi
1601 1639 1769 1676 Chaero-

1106 1696 1230 1732 nensis
1242 1695 1476 1745 philosophus
1495 1708 1687 1745 quaerens,
1705 1708 1769 1733 cur

1107 1764 1208 1789 sacer
1227 1752 1272 1788 sit
1287 1751 1434 1789 habitus
1454 1752 1568 1801 ignis,
1584 1752 1674 1789 haec
1692 1752 1768 1788 dis-

1105 1813 1211 1858 putat
1243 1807 1353 1859 plane
1383 1821 1547 1857 congrua
1583 1821 1663 1845 cum
1693 1808 1767 1846 Ae-

1105 1865 1310 1914 gyptiorum
1332 1865 1515 1901 doctrina:
1547 1859 1667 1904 ου’δὲν
1689 1861 1765 1917 γὰρ

1107 1918 1201 1959 ἄλλο
1221 1923 1371 1971 μᾶλλον
1391 1916 1560 1986 ἐμψύχῳ
1580 1920 1765 1972 προςέοι-

1105 1991 1172 2015 κει
1197 1972 1225 2026 ἢ
1253 1979 1333 2028 πῦρ
1363 1973 1607 2027 κινούμενόν
1631 1992 1671 2016 τε
1695 1977 1764 2016 καὶ

1104 2029 1353 2084 τρεφόμενον
1372 2029 1429 2071 δι’
1460 2032 1588 2073 αυτοῦ
1616 2033 1684 2072 καὶ
1714 2036 1766 2088 τῇ

1104 2085 1350 2141 λαμπρότητι
1389 2090 1539 2140 δηλοῦν
1575 2103 1707 2148 ωσπερ
1737 2089 1768 2141 ἦ

1105 2143 1217 2196 ψυχή
1237 2145 1303 2184 καὶ
1326 2148 1546 2197 σαφηνίζον
1566 2144 1751 2186 απαντα.ι

1105 2202 1185 2239 Nec
1205 2203 1312 2240 aliter
1339 2204 1416 2241 fere
1438 2203 1574 2249 Stoici,
1607 2216 1766 2253 namque

1103 2259 1275 2306 „Zenoni
1300 2259 1439 2296 animus
1471 2260 1566 2309 ignis
1596 2260 1765 2298 videtur“

1104 2320 1200 2353 teste
1230 2316 1408 2354 Cicerone
1434 2315 1566 2353 Tusce.
1594 2316 1763 2360 Quaestt.

1104 2372 1133 2417 Ι,
1153 2374 1191 2412 9.
1222 2371 1329 2408 Plura
1354 2373 1446 2409 hanc
1477 2373 1513 2409 in
1537 2384 1614 2410 rem
1646 2372 1762 2410 Creu-

1104 2440 1176 2464 zer.
1203 2428 1250 2464 ad
1272 2428 1437 2466 Ciceron.
1475 2427 1535 2465 De
1556 2434 1631 2465 nat.
1661 2428 1763 2466 deor.

1104 2483 1174 2529 lll,
1208 2483 1271 2530 14,
1304 2484 1364 2533 qui
1397 2485 1492 2521 idem
1528 2497 1623 2521 nunc
1657 2484 1763 2522 addit

1103 2539 1213 2576 haec:
1244 2540 1418 2586 „Plotino
1448 2546 1598 2586 contra,
1628 2546 1665 2578 et
1693 2541 1761 2591 ipsi

1102 2594 1288 2646 Aegyptio
1314 2597 1470 2643 homini,
1508 2597 1574 2634 sed
1601 2596 1762 2647 philoso-

1103 2652 1190 2702 ph0,
1223 2649 1383 2702 ἔψυχον
1410 2649 1451 2691 τὸ
1471 2654 1550 2703 πῦρ
1569 2648 1666 2703 παρ’
1688 2651 1761 2691 αὗ-

1104 2710 1175 2747 τοῦ
1207 2709 1270 2755 lv,
1292 2713 1328 2749 7.
1347 2713 1394 2755 2,
1422 2721 1517 2758 quae
1539 2722 1761 2759 componen-

1104 2765 1152 2801 da
1173 2769 1255 2802 sunt
1267 2778 1346 2802 cum
1367 2765 1395 2812 l,
1409 2768 1446 2807 6.
1460 2767 1485 2806 3
1504 2766 1613 2812 etw,
1629 2769 1666 2806 7.
1684 2767 1763 2806 2.“

1163 2820 1229 2860 καὶ
1256 2819 1322 2860 διοῖ
1345 2824 1468 2860 ταῦτα
1493 2817 1759 2874 ταριχεύουσι]

1105 2878 1213 2916 Cons.
1236 2891 1333 2928 quae
1361 2879 1407 2916 de
1432 2879 1619 2916 conditura
1646 2890 1761 2930 expo-
