1863 3256
453 225 1144 264 MELPOMENE.1V.

1349 237 1430 275 531

161 337 376 392 Καλλίστῃ
427 341 478 394 τῇ
519 335 631 393 αὐτῇ
667 334 828 391 ταύτῃ,
877 332 1092 390 ἀπόγονοι
1137 339 1427 394 Μεμβλιάρεω

126 410 237 450 5τοῦ
276 410 509 461 Ποικίλεω,
550 406 713 461 ἀνδρὸς
756 407 977 457 Φοίνικος.

1045 405 1229 462 Κάδμος
1270 407 1355 463 γάρ
1399 411 1482 453 ὁόο

150 476 407 533 Ἀγήνορος,
457 479 684 535 Εὐρώπην
724 477 970 533 διζήμενος,
1019 478 1230 534 προσέσχε
1265 479 1308 531 ἐς
1346 481 1426 536 τήν

152 553 237 592 νῦν
269 549 421 607 Θήρην
451 551 737 607 καλεομένην·
781 547 1017 604 προσχόντι
1047 549 1093 592 δὲ
1124 550 1206 592 εἴτε
1236 548 1292 606 δή
1322 553 1366 594 οἱ
1396 551 1423 607 ἡ

151 620 269 676 χώρη
299 621 446 676 ἤρεσε,
478 625 560 666 εἴτε
590 623 663 665 καὶ
694 621 832 670 ἄλλως
865 619 1051 676 ἠθέλησε
1082 625 1260 677 ποιῆσαι
1280 625 1422 672 τοῦτο,

151 693 396 734 καταλείπει
434 691 519 746 γὰρ
559 692 605 735 ἐν
646 697 698 749 τῇ
734 691 853 749 νήσῳ
888 690 1024 746 ταύτῃ
1067 689 1227 742 ἄλλους
1261 709 1303 736 τε
1332 697 1422 736 τῶν

92 831 199 868 detur
219 829 374 868 Miillero
394 830 609 869 Herodotea
628 844 754 870 narra-

90 888 162 932 tio,
203 886 258 925 vel
278 888 396 936 magis
422 900 545 926 carere
570 889 752 927 existima-

91 944 213 980 verim.

146 995 418 1051 Μεμβλιάρεω
443 1003 516 1040 τοῦ
539 1001 751 1049 Ποικίλεω,

89 1051 234 1109 ἆνόρὸς
274 1057 487 1108 Φοίνικος]
539 1055 752 1109 Μεμβλιά-

90 1128 164 1164 ρεω
197 1127 345 1164 quoque
375 1115 412 1151 in
443 1114 564 1152 Schol.
594 1117 640 1152 ad
664 1116 751 1153 Pin-

89 1171 166 1207 dar.
196 1171 306 1220 Pyth.
334 1170 404 1216 lV,
439 1172 504 1211 SS-
565 1172 613 1208 At
636 1175 751 1220 Μεμ-

88 1226 260 1278 βριιῖρεω
303 1227 411 1264 affert
444 1229 625 1265 Sancrofti
658 1229 751 1266 liber

94 1285 131 1320 in
158 1284 298 1321 Herod.
321 1284 383 1329 lv,
419 1283 518 1330 148,
557 1286 749 1334 probatum

86 1339 271 1377 Bocharto
296 1340 355 1377 De
386 1340 576 1377 Phoenice.
603 1341 747 1379 colonn.

86 1395 114 1441 Ι,
139 1396 212 1442 15,
242 1397 414 1445 quoniam
434 1396 504 1434 hoc
522 1398 745 1435 commodius

84 1452 307 1490 Phoenicum
334 1466 355 1490 e
382 1453 506 1502 lingua
534 1455 688 1492 derivari
709 1459 747 1493 et

84 1509 254 1559 explicari
281 1509 408 1560 possit.
456 1510 601 1549 Miiller.
620 1511 641 1548 1.
662 1511 683 1548 l.
709 1525 744 1562 p.

83 1567 166 1607 326
185 1579 319 1604 nomen
341 1567 475 1605 ducere
497 1567 574 1605 vult
597 1581 619 1606 a
647 1568 743 1618 με’μ-

85 1623 230 1673 βλομαι
259 1627 296 1660 et
328 1620 448 1673 ἄρος,
485 1629 525 1661 ut
558 1625 606 1662 sit
634 1625 743 1662 lucra·-

78 1683 172 1729 peta.
221 1680 306 1716 Hoc
337 1679 417 1717 loco
441 1681 624 1718 Sancrosti
654 1682 745 1719 liber

83 1737 231 1774 exhibet
248 1732 476 1788 Μεβλοῖρεω
499 1743 535 1775 et
560 1739 668 1788 paulo
690 1740 745 1775 in-

82 1794 193 1830 ferius
215 1794 465 1845 ,Μεβλίαροπ
525 1795 634 1833 Hunc
656 1809 743 1833 vero

80 1849 361 1896 Membliarum,
391 1863 499 1900 quem
527 1852 658 1889 Cadmi
682 1865 744 1890 co-

81 1911 234 1956 gnatum
254 1906 394 1944 Noster
412 1908 519 1955 dicit,
560 1910 607 1946 de
635 1909 742 1960 plebe

81 1964 194 2000 fuisse
225 1960 375 2015 (ἅνδρα
394 1966 466 2004 τοῦ
488 1960 635 2016 δήμου)
657 1967 742 2003 scri-

80 2020 137 2057 bit
151 2020 308 2057 Pausan.
327 2021 391 2068 111,
419 2025 436 2061 1
463 2019 499 2072 ᾗ.
524 2025 549 2063 7
585 2036 741 2072 eamque

80 2076 199 2128 ipsam
220 2077 268 2114 ob
286 2090 430 2115 causam
453 2092 623 2128 sperasse
637 2079 741 2117 The-

78 2146 170 2181 ram,
201 2134 292 2181 sore,
322 2139 359 2171 ut
378 2134 580 2173 Membliari
602 2137 742 2187 posteri

78 2189 183 2228 facile
200 2190 293 2240 ipsi,
332 2192 393 2240 qui
420 2204 536 2241 genus
561 2206 664 2230 suum
691 2194 740 2230 ad

79 2247 261 2284 Cadmum
276 2248 447 2295 referret,
479 2249 669 2300 imperium
685 2250 740 2286 in-

79 2303 181 2342 sulae
206 2304 390 2344 cederent.
450 2305 584 2354 Quod,
614 2307 739 2356 paucis

80 2373 158 2398 cum
181 2361 371 2399 comitibus
389 2362 466 2400 sive
487 2362 624 2400 colonis
646 2376 739 2412 quo-

80 2418 190 2454 modo
224 2418 414 2467 acquirere
445 2420 610 2469 potuerit
638 2420 742 2458 The-

78 2486 150 2520 ras,
175 2487 257 2512 cum
277 2475 429 2524 intelligi
450 2482 625 2525 nequeat,
646 2476 740 2513 Lar-

78 2529 206 2568 cherus
252 2532 452 2577 existimat,
505 2533 752 2573 Herodotum.

77 2585 146 2623 hoc
165 2599 276 2624 unum
297 2588 418 2627 dicere
432 2589 601 2637 voluisse,
621 2590 740 2628 Mem-

77 2642 182 2679 bliari
224 2646 438 2694 progeniem
483 2647 631 2683 omnino
673 2660 742 2698 per

79 2703 162 2736 octo
204 2697 342 2751 γενεοὶς
383 2715 537 2751 regnum
577 2705 738 2742 tenuisse

78 2760 165 2793 ante
187 2755 335 2795 Therae
355 2758 428 2795 scil.
448 2760 666 2806 adventum3
688 2762 738 2798 ita

79 2818 119 2849 ut
145 2825 218 2862 quo
248 2817 414 2864 tempore
448 2815 507 2853 ille
544 2818 739 2855 accesserit

79 2869 307 2919 insulamque
327 2872 534 2921 occuparit,
563 2885 638 2911 non
659 2886 737 2911 amn

811 830 905 882 plius
932 842 1083 879 regnum
1118 832 1280 870 tenuisse
1310 835 1478 884 putanda

810 888 872 935 sit,
903 887 980 924 sive
998 888 1097 935 quod
1119 889 1299 926 exstincta
1322 903 1475 941 prorsus

809 944 938 989 suerit,
975 944 1050 981 sive
1071 945 1170 993 quod
1193 947 1331 995 regiam
1355 948 1476 996 digni-

807 1005 920 1038 tatem
952 1000 1075 1050 aliquo
1106 1002 1218 1037 modo
1255 1003 1352 1040 haud
1387 1005 1474 1041 satis

807 1059 956 1107 cognito
974 1058 1145 1095 amiserit.
1177 1059 1234 1096 Cf.
1247 1059 1344 1098 Tab.
1357 1062 1474 1099 Chro-

807 1115 931 1163 nolog.
952 1128 988 1164 p.
1014 1116 1107 1154 336.

863 1168 1055 1221 προσέσχε
1078 1169 1116 1216 ἐς
1137 1168 1211 1221 τήν
1230 1174 1307 1211 νῦν
1329 1188 1363 1211 κ.
1376 1188 1408 1211 τ.
1422 1171 1472 1224 λ.]

807 1227 868 1265 Ad
886 1227 986 1265 verbi
1005 1225 1213 1278 προσέχειν
1232 1229 1464 1278 significatio-

807 1296 890 1322 nem
908 1285 1003 1321 conf.
1022 1289 1115 1321 nott.
1138 1285 1186 1321 ad
1210 1285 1274 1331 JV,
1294 1289 1347 1326 76
1370 1292 1406 1324 et
1426 1287 1473 1324 de

807 1341 987 1391 scriptura
1010 1336 1225 1392 προσχόντι
1250 1347 1343 1379 nott.
1367 1344 1415 1379 ad
1440 1344 1472 1389 Ι,

805 1399 844 1437 2.
875 1398 961 1441 Quo
983 1396 1062 1433 loeo
1082 1397 1242 1435 fabulam
1262 1399 1310 1436 de
1321 1399 1472 1450 Europa

804 1457 916 1503 atque
958 1454 1102 1490 Cadmo
1153 1455 1223 1491 iam
1267 1456 1473 1505 attigimus,

804 1523 872 1548 nec
920 1523 1009 1548 sane
1060 1509 1299 1560 intelligimus
1315 1541 1326 1558 ,
1396 1526 1470 1562 quo

802 1567 901 1613 iure,
986 1567 1174 1605 Herodoti
1233 1570 1344 1606 modo
1398 1569 1470 1607 ulla

803 1628 875 1661 stet
898 1624 1013 1669 fides,
1046 1624 1229 1662 Cadmum
1250 1625 1469 1664 Phoenicem

801 1681 914 1718 fuisse
934 1693 1134 1729 negemus,
1176 1682 1238 1730 qui
1260 1695 1302 1720 ex
1328 1683 1470 1720 oriente

802 1738 975 1775 advectus
1009 1738 1047 1774 in
1076 1738 1269 1776 Graeciam
1307 1738 1469 1777 colonias

802 1794 1007 1832 deduxerit.
1039 1794 1122 1831 Nec
1141 1807 1230 1833 sane
1254 1795 1324 1833 hoc
1342 1809 1470 1846 respe-

800 1852 896 1889 xisse
925 1852 1068 1888 videtur
1087 1852 1129 1888 C.
1153 1852 1200 1888 O.
1227 1852 1371 1890 Miiller.
1393 1854 1467 1890 Or-

801 1908 964 1945 chomen.
987 1921 1022 1958 p.
1047 1910 1126 1948 113
1147 1920 1273 1958 seqq.‚
1297 1910 1371 1954 ubi,
1391 1911 1468 1946 vul-

799 1966 877 2014 gari
913 1965 961 2002 de
1004 1964 1057 2001 his
1096 1967 1279 2003 sententia
1318 1966 1467 2012 reiecta,

800 2022 981 2059 Cadmum
1008 2034 1076 2071 pro
1104 2021 1346 2071 Pelasgorum
1370 2022 1467 2071 Tyr—

797 2078 994 2116 rhenorum
1031 2078 1180 2116 numine
1215 2079 1343 2117 haberi
1377 2079 1465 2116 vult.

797 2135 845 2173 At
871 2135 958 2173 mihi
987 2135 1112 2185 potior
1130 2134 1317 2173 Herodoti
1339 2143 1465 2174 aucto-

796 2193 896 2230 ritas.

852 2247 1080 2287 καταλείπει
1100 2245 1173 2300 γαρ
1194 2263 1272 2286 κ.τ.
1285 2249 1332 2299 λ.]
1356 2249 1464 2286 Stru—

798 2309 921 2344 cturae
964 2300 1303 2352 α’νακολουθίαν,
1354 2318 1463 2354 quam

797 2375 872 2399 non
896 2362 1120 2412 perspiciens
1139 2363 1284 2411 Steger.
1302 2362 1462 2400 Praefat.

796 2432 884 2470 pag.
906 2419 976 2456 XV
997 2432 1065 2469 pro
1094 2415 1169 2472 γὰρ
1192 2420 1322 2470 reponi
1350 2418 1463 2456 voluit

798 2471 867 2530 ἄρ’
878 2505 889 2523 ,
926 2477 1070 2513 notavit
1092 2476 1226 2514 Matth.
1248 2475 1313 2512 Gr.
1333 2475 1399 2513 Gr.
1421 2489 1460 2542 p.

800 2531 920 2574 1242.
968 2532 1143 2582 Namque
1174 2545 1241 2583 pro
1272 2543 1460 2585 προσχων

796 2590 1013 2628 Herodotus
1053 2590 1198 2640 scripsit
1245 2587 1461 2641 προσχόντι

797 2647 846 2684 ad
867 2646 1030 2684 dativum
1049 2645 1091 2685 οἱ
1106 2646 1302 2696 respiciens
1322 2650 1358 2683 et
1379 2649 1460 2681 tan-

795 2716 907 2754 quam
935 2703 1106 2741 absolnta
1142 2706 1239 2740 esset
1278 2701 1460 2739 sententia

795 2760 1149 2811 explicationemque
1178 2758 1338 2807 aliquam
1360 2757 1458 2793 desi-

795 2818 954 2865 deraret,
987 2812 1062 2867 γὰρ
1081 2815 1224 2852 addidit
1239 2821 1325 2864 post
1341 2828 1458 2852 κατα-

794 2873 933 2913 λείπει.
975 2874 1033 2909 Cf.
1055 2870 1237 2965 lV‚41}9.
