1946 3272
459 201 543 242 164

890 197 1361 238 HERODOTI

461 309 509 353 δὲ
538 309 586 353 ἐν
613 312 674 368 τῷ
702 312 825 366 νομῷ
855 307 996 363 τούτῳ
1028 308 1213 364 Φοινίκη
1243 323 1287 351 τε
1320 310 1460 359 πᾶσα,
1492 305 1566 349 καὶ
1591 306 1736 362 Συρίη

461 377 488 436 ἡ
521 381 786 435 Παλαιστίνη
817 378 1077 433 καλεομένη,
1116 379 1189 421 καὶ
1221 377 1408 432 Κύπρος.

1468 376 1606 432 νομὸς
1635 376 1735 432 πέμ·

432 457 571 501 3πτος
610 446 751 500 οὗτος.
807 447 899 492 Ἀπ’
943 448 1169 503 Αἰγύπτου
1210 449 1277 498 δὲ,
1315 448 1388 490 καὶ
1428 448 1608 503 Λιβύων
1649 450 1794 491 τῶν40

461 520 711 576 προσεχέων
741 518 972 577 Αἰγύπτῳ,
1019 520 1092 561 καὶ
1128 518 1336 575 Κυρήνης
1372 535 1415 561 τε
1445 519 1518 561 καὶ
1547 518 1737 574 Βάρκης,

464 591 531 646 (ἐς
559 591 642 646 γάρ
672 590 751 633 τόν
777 588 1025 644 Αἰγύπτιον
1053 588 1192 644 νομόν
1237 585 1366 632 αὗται
1402 589 1734 645 ἐκεκοσμέατο,)

464 660 700 706 ἑπτακόσια
729 660 910 716 προσήϊε
938 657 1151 709 τάλαντα,
1179 659 1312 714 πάρεξ
1341 664 1420 703 τοῦ
1451 660 1497 703 ἐκ
1526 664 1601 716 τῆς
1624 659 1737 702 Μοί-

464 749 558 786 ριος
587 733 741 786 λίμνης
769 728 1006 785 γινομένου
1037 729 1276 785 ἀργυρίου,
1305 731 1354 773 τὸ
1384 730 1546 786 ἐγίνετο
1573 731 1619 774 ἐκ
1646 733 1737 774 τῶν

435 801 646 858 4ίχθύων.
695 798 858 844 τούτου
888 816 933 843 τε
964 801 1017 856 δὴ
1045 801 1173 856 χωρὶς
1194 805 1275 844 τοῦ
1307 799 1522 856 ἀργυρίου
1553 802 1627 845 καὶ
1656 803 1791 844 τοῦ45

463 870 831 927 ἐπιμετρουμένου
872 871 995 913 σίτου
1033 870 1214 926 προσήϊε
1257 871 1493 915 ἑπτακόσιοι
1522 872 1734 915 τάλαντα·

462 942 572 997 πρὸς
627 940 712 998 γάρ
771 940 853 985 δύο

466 1131 536 1172 καὶ
568 1127 762 1185 Κυρήνης
801 1146 842 1171 τε
874 1130 942 1171 καὶ
970 1127 1072 1183 Boio·

406 1188 496 1240 κης]
538 1188 605 1228 καὶ
629 1203 707 1227 cum
730 1193 880 1227 recentt.
900 1190 985 1227 edd.
1006 1190 1073 1226 ad-

406 1247 496 1284 didi.
526 1245 585 1283 Ad
598 1259 673 1283 rem
695 1247 790 1283 conf.
811 1246 872 1292 ΙΙΙ,
898 1247 959 1286 13.
982 1246 1075 1282 Bar-

407 1303 486 1340 caei
520 1306 558 1340 et
584 1302 787 1351 Cyrenaei,
842 1303 903 1350 qui
935 1307 972 1339 et
1002 1301 1073 1352 ipsi

407 1358 545 1408 Libyes
595 1364 720 1406 erant,
779 1359 880 1407 quod
922 1358 956 1395 h.
989 1358 1010 1394 Ι.
1050 1370 1073 1394 a

406 1414 565 1464 Libyum
617 1420 730 1464 gente
788 1416 1071 1463 distinguuntur,

408 1471 669 1509 Schlichthorst
701 1471 780 1519 (De
809 1471 900 1507 Her.
930 1471 1070 1519 Geogr.

366 1524 369 1528 ⁸
389 1527 517 1571 ⁴Afric.
538 1541 576 1578 p.
600 1529 698 1576 139)
723 1540 786 1565 eos
805 1526 939 1577 Libyes
967 1527 1072 1564 intel-

407 1584 471 1633 ligi
499 1583 598 1630 vult,
626 1584 701 1633 iqui
728 1584 984 1621 Marmaricam
1016 1588 1073 1621 te-

408 1640 571 1687 nuerint,
614 1645 676 1677 aut
707 1641 769 1689 qui
797 1638 974 1688 Libycum
1006 1652 1074 1676 no-

407 1709 519 1743 mum‚
546 1709 654 1746 quem
677 1697 815 1743 dicunt,
846 1695 1074 1743 incoluerint,

411 1752 607 1803 Cyrenaeos
624 1757 746 1790 autem
767 1757 804 1790 et
823 1751 1002 1789 Barcaeus
1020 1753 1076 1789 di-

408 1810 440 1846 ci
461 1810 554 1846 cives
585 1814 725 1846 tantum
745 1809 887 1846 urbium
909 1809 1074 1858 Cyrenes

409 1869 445 1902 et
467 1866 613 1903 Barces.
644 1887 700 1893 ——
736 1866 778 1902 In
806 1878 911 1914 seqq.
942 1864 1073 1903 ἐκεκο-

410 1920 553 1972 σμέατο
582 1922 715 1960 retinui
738 1935 818 1958 cum
841 1921 980 1968 Gaisf.,
1011 1921 1074 1971 qui

409 1979 551 2015 confert
571 1979 600 2025 Ι,
623 1981 714 2018 100.
747 1979 812 2024 ΙΧ,
835 1980 901 2017 30.

466 2030 590 2085 πάρεξ
623 2036 695 2072 τοῦ
726 2032 770 2072 ἐκ
800 2036 870 2083 τῆς
896 2032 1074 2083 Μοίριος

409 2105 444 2129 κ.
464 2106 496 2128 τ.
515 2088 564 2140 L]
597 2091 704 2128 Cous.
726 2090 772 2138 ll,
789 2091 865 2131 149
880 2090 965 2139 ibiq.
978 2093 1072 2126 nott.

410 2147 592 2194 Causam,
633 2160 695 2184 cur
714 2147 771 2183 htc
796 2152 992 2197 proventus
1018 2145 1072 2182 la-

411 2216 474 2240 cus
494 2203 669 2240 Moeridis
691 2203 870 2241 eximatur
897 2216 918 2240 a
937 2203 1071 2239 tributo

410 2259 596 2296 ordinario
620 2261 655 2296 in
690 2261 784 2308 regis
813 2260 990 2296 aerarium
1015 2271 1073 2296 re-

410 2315 566 2361 deunte,
607 2316 793 2353 Diodorus
824 2316 930 2352 affert
959 2315 986 2361 Ι,
1004 2315 1072 2361 52,

410 2379 582 2408 monente
613 2372 766 2417 valek.;
827 2385 930 2418 cum,
977 2383 1072 2419 quae

410 2440 472 2464 rex
494 2426 653 2477 Aegypti
676 2429 840 2474 fecisset,
881 2440 924 2464 ea
946 2425 1073 2476 Aegy-

412 2484 570 2534 ptiorum
617 2484 664 2520 ad
710 2484 914 2534 exemplum
959 2483 1072 2520 Persa

410 2552 558 2589 quoque
578 2540 705 2577 secisse
724 2541 907 2589 putandus
930 2539 985 2577 sit.

466 2592 609 2635 τούτου
633 2610 671 2634 τε
699 2593 750 2646 δή
777 2594 896 2646 χωρὶς
915 2610 948 2632 κ.
969 2610 1000 2632 τ.
1024 2592 1070 2643 λ.]

411 2652 434 2688 i.
454 2665 485 2689 e.
508 2656 650 2702 praeter
678 2652 771 2688 lianc
794 2654 909 2701 igitur
930 2652 1074 2699 argenti

412 2721 577 2745 summam
617 2710 743 2757 (quae
779 2722 827 2745 se.
869 2722 889 2745 e
921 2707 1070 2758 piscium

411 2771 590 2815 proventu
609 2766 643 2801 in
669 2765 746 2802 lacu
760 2765 937 2801 Moeridis
958 2764 1070 2810 redit)

412 2825 443 2857 et
461 2825 605 2873 praeter
617 2820 856 2872 frumentum,
887 2819 1070 2868 militibus,

918 941 992 984 καὶ
1051 940 1155 984 δέκα
1202 941 1385 997 μυριάσι
1438 943 1645 998 Περσέων
1691 959 1737 987 τε

1131 1132 1221 1182 quod
1253 1131 1546 1178 demetiebantur,
1584 1144 1627 1169 ex
1643 1131 1712 1169 hac
1732 1143 1794 1168 sa-

1131 1191 1254 1239 trapia
1276 1191 1501 1239 seplingeuta
1528 1187 1707 1241 (argenti)
1734 1192 1793 1225 ta·-

1130 1246 1251 1292 lenta,
1282 1250 1322 1282 ut
1342 1246 1442 1292 (lixi,
1473 1246 1662 1282 redierunt.
1702 1243 1790 1283 ἐπι-

1131 1301 1400 1353 μετρουμένου
1423 1316 1503 1339 cum
1526 1301 1730 1350 Schweigh.
1753 1304 1792 1338 et

1130 1359 1246 1395 Gaisf.
1285 1359 1371 1395 dedi
1403 1372 1470 1408 pro
1509 1356 1792 1408 μετρουμένου.

1129 1416 1236 1452 Conf.
1255 1420 1349 1451 nott.
1367 1415 1415 1451 ad
1434 1414 1616 1452 Plutarch.
1635 1414 1793 1452 Flamin.

1131 1471 1156 1512 5
1180 1484 1264 1521 pag.
1289 1474 1354 1510 89.

1187 1524 1288 1577 πρὸς
1307 1524 1380 1579 γοῖρ
1410 1523 1483 1566 δύο
1508 1525 1572 1565 καὶ
1597 1524 1690 1565 δέκα
1706 1540 1741 1565 κ.
1759 1539 1791 1564 τ.

1130 1584 1178 1634 λ.]
1218 1584 1324 1621 Haec
1354 1584 1466 1620 verba
1501 1584 1626 1620 addita
1654 1587 1792 1633 putem,

1130 1646 1170 1676 ut
1198 1641 1360 1690 proxime
1401 1640 1674 1677 antecedentia:
1723 1637 1792 1678 καὶ

1130 1699 1203 1735 τοῦ
1230 1694 1564 1747 ἐπιμετρουμένου
1594 1696 1705 1734 σίτου
1732 1707 1793 1732 ac-

1131 1753 1291 1790 curatius
1321 1752 1555 1802 explicentur.
1603 1748 1703 1801 πρός
1726 1751 1794 1788 ab·

1131 1808 1248 1846 solute
1293 1809 1562 1858 accipiendum:
1633 1810 1790 1857 insuper,

1126 1868 1320 1916 praeterea.
1380 1866 1508 1914 ltaque.
1535 1865 1592 1901 hie
1620 1865 1697 1902 fere
1722 1863 1793 1901 loci

1132 1934 1279 1959 sensus:
1310 1926 1456 1972 praeter
1473 1921 1608 1958 tributa
1632 1920 1691 1957 illa
1712 1919 1793 1967 (or-

1132 1978 1271 2014 dinaria
1303 1990 1350 2014 sc.
1378 1983 1491 2026 atque
1522 1982 1739 2028 proventum
1770 1988 1792 2014 e

1128 2033 1208 2070 lacu
1228 2033 1446 2080 Moeridis),
1477 2034 1598 2071 Persis
1618 2034 1653 2070 in
1672 2032 1791 2070 Mem-

1127 2090 1247 2141 phidis
1263 2103 1345 2127 arce
1357 2090 1631 2127 considentibus
1649 2101 1793 2127 eorum-

1129 2160 1201 2196 que
1224 2146 1415 2183 auxiliariis
1444 2147 1689 2184 demetiuntur
1716 2146 1792 2182 sru-

1129 2203 1243 2240 menti
1267 2209 1407 2241 centum
1431 2204 1558 2252 viginti
1589 2202 1684 2240 mille
1704 2213 1792 2251 por-

1129 2260 1247 2296 tiones
1278 2257 1326 2309 (S.
1358 2264 1502 2297 centum
1532 2259 1662 2307 viginti
1695 2256 1791 2294 mille

1130 2316 1332 2352 medimnos
1352 2314 1554 2364 frumenti).
1592 2314 1690 2351 Nam
1709 2325 1790 2350 ver-

1130 2373 1176 2408 ba
1206 2367 1280 2410 6120
1303 2371 1368 2410 καὶ
1400 2370 1494 2409 δέκα
1517 2367 1680 2422 μυριάσι
1708 2382 1790 2406 cum

1134 2428 1368 2476 sequentibus
1397 2427 1583 2477 Περσέων
1613 2441 1652 2465 τε
1687 2429 1790 2464 τοῖσι

1128 2505 1184 2510 -—
1213 2482 1530 2532 κατοικημένοισι
1567 2484 1790 2532 coniungere

1128 2539 1275 2576 minime
1303 2540 1433 2576 licebit.
1474 2539 1599 2577 Malim
1631 2540 1789 2576 dativum

1128 2595 1332 2643 intelligere
1354 2608 1564 2642 mensurae,
1599 2608 1627 2632 s.
1651 2596 1790 2646 portio-

1127 2652 1182 2687 nis
1204 2653 1296 2688 inter
1319 2651 1479 2700 singulos
1500 2653 1728 2698 distributae,
1751 2654 1788 2688 et

1127 2708 1175 2743 ad
1234 2707 1537 2758 καταμετρέουσι
1591 2708 1787 2745 subaudire

1129 2767 1260 2811 σῖτον,
1299 2766 1399 2813 quod
1429 2766 1545 2815 ipsum
1575 2764 1663 2801 alias
1683 2764 1789 2800 addi-

1128 2825 1203 2856 tum
1245 2821 1436 2858 invenitur.
1505 2821 1639 2871 Neque
1679 2820 1786 2865 enim,
