1863 3256
0 1929 19 1983 n

2 2366 8 2374 ι

0 2488 6 2510 l
16 2486 19 2505 1

0 2994 51 3081 τ’,

377 523 408 566 7

139 587 161 613 Α
191 586 256 613 'Par
279 587 339 613 'tao
377 586 415 614 ad

291 620 347 647 arii
364 628 416 647 aun-

137 661 190 680 1108
201 654 233 680 M
245 659 412 681 numerant:

137 694 244 714 aurum
297 695 413 714 sacrum

138 720 233 755 [c.5.]
255 729 272 747 a
291 721 413 755 regibus

137 620 246 647 bellum

152 754 333 782 custoditum
367 759 396 781 et

135 788 246 814 cultum
265 797 271 814 :

135 854 212 882 laxai
227 855 347 882 saetae:
366 855 396 882 ul

327 788 414 832 regni

134 823 197 848 tres
216 825 316 856 partes
327 830 344 848 a
356 824 411 849 (10-

472 203 556 242 284

868 202 1335 241 HERODOTI

477 309 692 364 Τράσπιες
717 310 971 354 καλέονται·
1024 309 1110 354 ἀπὸ
1143 312 1188 354 δὲ
1227 316 1307 355 τοῦ
1339 308 1559 355 νεωτάτου
1591 310 1738 354 αὐτῶν

471 380 575 432 τούς
611 382 837 437 βασιλέας,
879 385 922 424 οἳ
948 383 1177 426 καλέονται
1210 381 1488 435 Παραλάται·
1545 381 1793 436 σύμπασι85

471 451 517 495 δὲ
539 449 649 495 εἶναι
671 451 840 506 οὔνομα
855 451 1120 503 Σκολότους,
1152 457 1231 495 τοῦ
1251 452 1451 508 βασιλέος
1474 453 1737 509 ἐπωνυμίην.

468 522 653 573 Σκύθας
679 521 942 577 δὲ”Ελληνες
973 521 1243 578 οὐνόμασαν.
1294 524 1532 578 Γεγονέναι
1555 522 1634 578 μέν
1654 523 1740 566 νύν

475 605 612 648 σφεας
654 587 737 635 ὦδε
770 594 947 647 λέγουσι
986 595 1030 636 οἱ
1058 594 1257 636 Σκύθαι·
1307 593 1400 636 ἔτεα
1431 593 1475 636 δέ
1507 607 1611 649 σφι,
1651 594 1740 637 ἐπεί

470 681 514 708 τε
543 663 769 719 γεγόνασι,
813 663 865 705 τά
904 662 1136 719 σύμπαντα
1174 664 1351 719 λέγουσι
1390 662 1499 707 εἶναι
1538 664 1625 708 α’πὸ
1657 669 1795 708 τοῦ90

471 733 651 788 πρώτου
681 734 882 789 βασιλέος
917 734 1166 790 Ταργιτάου
1197 736 1238 787 ἐς
1266 735 1345 792 τὴν
1365 739 1560 791 Δαρείου
1591 737 1736 791 διάβα-

469 817 540 849 σιν
568 803 648 861 τὴν
678 803 747 846 ἐπὶ
777 804 935 859 σφέας,
967 808 1116 861 χιλίων
1146 803 1200 849 οὐ
1230 807 1365 857 πλέω,
1395 806 1504 850 ἀλλὰ
1533 811 1736 851 τοσαῦτα.

133 888 412 949 ἑταυίῗέζὲᾛῖιῐιῐιωῖἑι
443 874 567 919 ΞΤόν
597 874 643 918 δὲ
674 875 838 930 χρυσὸν
867 880 1029 920 τοῦτον
1059 876 1138 920 τόν
1169 876 1268 931 ἱρὸν
1293 878 1571 933 φυλάσσουσι
1596 880 1640 922 οἱ
1659 882 1737 934 βα-

132 930 239 989 pgunia
279 956 409 991 oppleta·
469 946 605 995 σιλέες
633 945 676 996 ἐς
704 946 756 989 τά
786 946 994 1003 μάλιστα,
1025 948 1098 990 καὶ
1128 949 1311 1006 θυσίῃσι
1333 948 1541 1006 μεγάλῃσι
1565 949 1735 993 ἱλασκό-

134 989 175 1024 [c.
194 991 253 1024 tn]

467 1088 719 1144 Παραλάται]
754 1092 837 1129 Η110
857 1093 968 1130 refert
986 1090 1074 1128 Rei-

408 1149 531 1187 chard.
567 1148 590 1186 l.
620 1148 642 1185 l.
686 1161 770 1198 pag.
807 1147 857 1189 14
896 1148 1072 1199 oppidum

411 1205 626 1243 Pereaslawl
651 1205 687 1242 in
708 1205 884 1253 gubernio
897 1205 1070 1242 Pultawa.

410 1261 471 1299 Ad
502 1275 636 1300 nomen
655 1256 882 1307 Σκολότους
900 1262 995 1299 idem
1015 1274 1072 1298 re-

408 1320 494 1357 serri
510 1319 587 1356 vult
608 1319 716 1356 urbes
740 1317 858 1354 Sklow
880 1319 915 1354 in
936 1319 1070 1366 guber-

409 1376 470 1412 nio
489 1374 682 1422 Mohilew,
724 1374 880 1412 Sokolow
903 1382 940 1411 et
962 1374 1071 1411 Soko-

409 1432 534 1471 lowku.
594 1432 714 1481 lpsum
750 1431 967 1481 Scytharum
1005 1444 1071 1467 no-

410 1501 493 1526 men
513 1488 558 1525 ab
581 1488 728 1536 insigni,
752 1501 824 1537 qna
843 1500 934 1535 gens
948 1486 1070 1532 valuit,

375 1579 377 1583 ,
409 1557 513 1582 arcus
542 1545 722 1581 tractandi
756 1544 930 1581 facultate
965 1556 1071 1594 repe-

409 1606 512 1648 tunt,
553 1613 633 1637 cum
663 1601 699 1636 in
729 1599 924 1637 Lithuania
952 1600 1071 1636 adhuc

411 1659 533 1694 szauti
558 1656 736 1706 significet
758 1657 933 1703 iaculari,
971 1660 1008 1693 et
1034 1656 1069 1692 in

409 1714 576 1759 Livonia‚
607 1713 788 1759 Cur-onia,
820 1713 965 1759 Finnia,
997 1712 1070 1749 La-

408 1771 520 1822 ponia
541 1769 686 1819 skytta,
720 1769 843 1820 kytta,
868 1782 899 1807 s.
921 1769 982 1819 kyt
1005 1769 1070 1806 de-

408 1831 514 1865 notet
532 1828 775 1875 sagittarium.
796 1825 942 1863 Laudat
963 1826 1068 1862 Wes-

408 1884 536 1932 seling.
560 1884 627 1931 (ad
646 1883 800 1920 Diodor.
822 1883 894 1920 Sic.
926 1882 973 1928 11,
993 1880 1068 1929 43)

407 1941 541 1989 Bayer.
558 1941 594 1976 in
614 1939 710 1976 Diss.
730 1941 776 1977 de
794 1940 889 1988 orig.
902 1937 1066 1986 Scythar.

408 1998 444 2033 in
476 1996 701 2033 Commentt.
732 1996 845 2033 Acad.
882 1994 1065 2044 Petropol.

404 2054 419 2089 l
454 2066 490 2103 p.
522 2054 616 2093 391.
660 2052 739 2090 Nos
763 2053 809 2090 tle
834 2052 1065 2102 Scytharum,

405 2123 434 2146 s.
466 2109 643 2146 Sacarum
679 2109 926 2160 appellatione
962 2107 1067 2158 plura

403 2165 588 2203 attulimus
632 2166 681 2202 ad
716 2166 864 2203 Ctesiae
897 2166 1063 2213 fragmm.

403 2236 440 2272 p.
465 2224 529 2261 96.
550 2223 616 2262 97.
666 2222 785 2265 Quem
806 2223 855 2259 ibi
876 2222 1064 2259 citavimus

408 2279 432 2314 l.
453 2279 499 2316 de
517 2278 703 2316 Hammer.
734 2279 770 2315 in
787 2278 930 2316 Annall.
955 2277 1066 2314 Vien-

407 2347 528 2371 nenss.
549 2335 596 2371 lx
617 2348 703 2385 pag.
725 2335 777 2375 43
791 2364 801 2382 ‚
832 2336 862 2371 is
886 2334 1066 2372 Herodoti

409 2386 630 2436 Σκολότους
659 2392 772 2428 refert
805 2393 852 2428 ad
883 2391 1065 2427 Persicam

407 2460 532 2484 vocem
557 2447 728 2483 Ssakah‘b
755 2450 811 2494 (in
842 2446 969 2498 plurali
997 2460 1064 2483 nu-

407 2516 508 2541 mero
537 2516 559 2540 a
580 2503 757 2548 Ssaklab,
787 2505 862 2541 sive
885 2502 1064 2550 Ssoklob),

408 2561 481 2610 qua
523 2560 558 2595 in
597 2561 754 2597 carmine
790 2560 1063 2596 Schachnameh

406 2615 597 2654 Slavorum
622 2629 712 2664 gens
733 2617 948 2664 designatur
970 2616 1064 2652 inter

407 2672 739 2721 gentesananias.
768 2672 887 2714 Quam
907 2672 1061 2708 eandem

407 2741 490 2767 esse
531 2733 642 2778 atque
677 2727 854 2764 Sacarum
899 2732 1061 2776 gentem,

406 2785 485 2835 ipso
507 2785 650 2822 nomine
677 2785 826 2822 indicari
858 2784 953 2821 idem
974 2796 1060 2820 con-

404 2842 534 2879 tendit.
556 2864 611 2869 —-
646 2840 734 2878 Mox
764 2841 930 2892 rescripsi
951 2840 1059 2892 βασι-

1130 1089 1219 1138 λέος
1251 1097 1288 1130 et
1321 1104 1398 1142 cap.
1423 1105 1502 1142 seq.
1530 1091 1714 1144 βασιλέος
1733 1094 1793 1131 ae

1130 1147 1329 1198 βασιλέες,
1380 1150 1509 1186 eodem
1541 1151 1676 1187 struve
1713 1162 1791 1186 mo-

1129 1211 1239 1243 uente
1260 1205 1282 1242 l.
1307 1205 1329 1241 l.
1353 1218 1437 1255 pag.
1463 1209 1522 1246 10.
1551 1208 1612 1246 16.
1654 1206 1793 1254 Vulga-

1129 1266 1202 1298 tam
1232 1261 1422 1299 lectionem
1446 1262 1637 1314 βασιλῆος
1658 1267 1697 1300 et
1717 1263 1790 1312 βα-

1129 1320 1261 1368 σιλῆες
1297 1319 1469 1355 intactam
1504 1319 1561 1356 hic
1593 1318 1789 1368 reliquerat

1128 1375 1314 1412 Gaisford.

1346 1431 1458 1482 Cap.
1488 1431 1567 1469 Vll.

1183 1487 1320 1537 χιλίων
1342 1483 1391 1526 ου’
1411 1487 1532 1538 πλέω]
1554 1489 1656 1525 Darii
1676 1501 1790 1538 expe-

1127 1544 1218 1580 ditio
1244 1557 1325 1580 cum
1352 1545 1487 1581 incidat
1516 1546 1553 1581 iu
1583 1557 1667 1581 ann.
1705 1545 1786 1582 Per.

1128 1599 1190 1636 1111.
1211 1600 1319 1641 4206
1341 1601 1399 1647 (ut
1422 1601 1593 1638 observat
1613 1601 1787 1650 Wessel.)

1127 1669 1157 1693 s.
1190 1656 1272 1696 508
1301 1669 1334 1693 a.
1356 1657 1444 1694 Chr.
1478 1670 1513 1694 n.
1569 1657 1785 1706 Scytharum

1126 1713 1324 1763 primordia
1359 1726 1438 1750 011111
1472 1713 1711 1751 lsraelitarum
1743 1726 1787 1752 ex

1125 1769 1298 1818 Aegypto
1310 1769 1470 1807 discessu
1482 1771 1558 1807 sere
1567 1775 1786 1819 congruunt.

1124 1826 1223 1863 Hinc
1239 1825 1410 1863 Larcher.
1430 1827 1647 1875 Scytharum
1673 1827 1787 1875 origi-

1125 1895 1190 1919 nes
1223 1883 1324 1932 ponit
1345 1883 1381 1918 in
1410 1895 1494 1920 ann.
1522 1883 1627 1923 1508
1645 1895 1679 1919 a.
1698 1883 1785 1920 Chr.

1124 1952 1184 1984 n.,
1233 1938 1476 1976 Israelita1·um
1514 1939 1712 1976 discessum
1746 1939 1784 1976 in

1124 2008 1207 2032 ann.
1235 1995 1339 2036 1531
1361 2008 1382 2031 a
1406 1995 1494 2031 Chr.
1520 2008 1555 2032 n.
1587 1996 1646 2032 Cf.
1672 1995 1783 2033 Tom.

1124 2051 1189 2088 vll
1210 2064 1297 2101 pag.
1319 2054 1412 2093 570.
1436 2053 1533 2092 571.
1550 2051 1644 2093 635.
1675 2051 1783 2090 Tabl.

1123 2108 1283 2147 chronol.

1180 2163 1245 2202 καὶ
1276 2163 1445 2217 θυσίῃσι
1475 2158 1667 2215 μεγάλῃσι
1699 2161 1783 2202 ἶλα-

1123 2216 1307 2271 σκόμενοι
1329 2219 1576 2271 μετέρχονται
1597 2216 1674 2258 nivel
1699 2221 1782 2258 πᾶν

1123 2276 1223 2328 ἔτος]
1254 2278 1359 2321 Quae
1378 2278 1488 2314 verba
1504 2277 1554 2313 sic
1574 2276 1687 2326 accipi
1705 2277 1781 2312 vult

1124 2334 1358 2382 lVesseling„
1383 2339 1421 2370 ut
1442 2345 1548 2381 reges
1562 2331 1634 2382 [vel
1657 2333 1779 2382 potius

1124 2393 1217 2439 regii
1238 2390 1406 2440 Scythae,
1431 2389 1472 2428 οἵ
1487 2386 1684 2436 βασιλέες,·
1705 2388 1778 2424 vid.

1122 2454 1200 2484 not.
1239 2448 1286 2484 ad
1328 2446 1398 2491 lv,
1435 2443 1484 2494 6]
1525 2444 1612 2480 illud
1650 2457 1777 2481 aurum

1121 2503 1316 2553 quotannis
1344 2501 1574 2538 arcessierint
1605 2501 1640 2536 in
1672 2513 1776 2538 suum

1121 2560 1275 2609 quisque
1298 2570 1471 2607 regnum3
1499 2562 1539 2593 ut
1559 2569 1776 2606 sanequam,

1119 2628 1212 2664 quae
1230 2615 1358 2652 eadem
1371 2619 1426 2651 est
1440 2613 1674 2662 Wesselingii
1691 2625 1776 2652 sen-

1119 2672 1258 2717 tentia,
1309 2671 1397 2707 satis
1436 2671 1567 2707 suisset
1606 2670 1775 2721 θυσίῃσι

1118 2722 1306 2780 μεγάλῃσι
1335 2724 1607 2777 μετέρχονται,
1647 2730 1688 2763 ut
1710 2726 1774 2773 Vl,

1117 2785 1182 2824 69.
1217 2783 1263 2820 At
1284 2784 1359 2821 iure
1390 2782 1479 2821 haee
1504 2782 1773 2833 interpretatio,

1114 2839 1298 2878 Larchero
1307 2839 1572 2890 vernaculoque
1582 2839 1773 2890 interpreti

1803 459 1863 499 28:
