<?xml version="1.0" encoding="UTF-8"?>
<!DOCTYPE html PUBLIC "-//W3C//DTD XHTML 1.0 Transitional//EN"
    "http://www.w3.org/TR/xhtml1/DTD/xhtml1-transitional.dtd">
<html xmlns="http://www.w3.org/1999/xhtml" xml:lang="en" lang="en">
 <head>
  <title>
</title>
<meta http-equiv="Content-Type" content="text/html;charset=utf-8" />
  <meta name='ocr-system' content='tesseract 3.04.00' />
  <meta name='ocr-capabilities' content='ocr_page ocr_carea ocr_par ocr_line ocrx_word'/>
</head>
<body>
  <div class='ocr_page' id='page_1' title='image "./musaeher02hero/musaeher02hero_0295.png"; bbox 0 0 1863 3256; ppageno 0'>
   <div class='ocr_carea' id='block_1_1' title="bbox 0 2733 3 3256">
    <p class='ocr_par' dir='ltr' id='par_1_1' title="bbox 0 2733 3 3256">
     <span class='ocr_line' id='line_1_1' title="bbox 0 2733 3 3256; baseline 0 0"><span class='ocrx_word' id='word_1_1' title='bbox 0 2733 3 3256; x_wconf 95' lang='lat' dir='ltr'> </span> 
     </span>
    </p>
   </div>
   <div class='ocr_carea' id='block_1_2' title="bbox 0 1023 4 1876">
    <p class='ocr_par' dir='ltr' id='par_1_2' title="bbox 0 1023 4 1876">
     <span class='ocr_line' id='line_1_2' title="bbox 0 1023 4 1876; baseline 0 0"><span class='ocrx_word' id='word_1_2' title='bbox 0 1023 4 1876; x_wconf 95' lang='lat' dir='ltr'> </span> 
     </span>
    </p>
   </div>
   <div class='ocr_carea' id='block_1_3' title="bbox 438 168 1424 214">
    <p class='ocr_par' dir='ltr' id='par_1_3' title="bbox 438 168 1424 214">
     <span class='ocr_line' id='line_1_3' title="bbox 438 168 1424 214; baseline 0.001 -3"><span class='ocrx_word' id='word_1_3' title='bbox 438 168 1122 212; x_wconf 65' lang='lat' dir='ltr'><strong>MELPOMENE.1V.</strong></span> <span class='ocrx_word' id='word_1_4' title='bbox 1341 176 1424 214; x_wconf 74' lang='lat'>283</span> 
     </span>
    </p>
   </div>
   <div class='ocr_carea' id='block_1_4' title="bbox 115 276 1482 552">
    <p class='ocr_par' dir='ltr' id='par_1_4' title="bbox 115 276 1482 552">
     <span class='ocr_line' id='line_1_4' title="bbox 115 276 1418 340; baseline -0.002 -15"><span class='ocrx_word' id='word_1_5' title='bbox 115 285 192 334; x_wconf 83' lang='grc' dir='ltr'><em>5ἐς</em></span> <span class='ocrx_word' id='word_1_6' title='bbox 226 283 305 340; x_wconf 78' lang='grc' dir='ltr'>τήν</span> <span class='ocrx_word' id='word_1_7' title='bbox 345 280 591 336; x_wconf 83' lang='grc' dir='ltr'><em>Σκυθικήν.</em></span> <span class='ocrx_word' id='word_1_8' title='bbox 669 280 745 323; x_wconf 82' lang='grc' dir='ltr'>καὶ</span> <span class='ocrx_word' id='word_1_9' title='bbox 786 282 876 322; x_wconf 77' lang='grc' dir='ltr'>τῶν</span> <span class='ocrx_word' id='word_1_10' title='bbox 921 276 1074 321; x_wconf 83' lang='grc' dir='ltr'><strong><em>ἰδόντα</em></strong></span> <span class='ocrx_word' id='word_1_11' title='bbox 1118 280 1294 332; x_wconf 77' lang='grc' dir='ltr'><em>πρῶτον</em></span> <span class='ocrx_word' id='word_1_12' title='bbox 1339 279 1418 322; x_wconf 86' lang='grc' dir='ltr'>τόν</span> 
     </span>
     <span class='ocr_line' id='line_1_5' title="bbox 143 347 1425 410; baseline -0.005 -11"><span class='ocrx_word' id='word_1_13' title='bbox 143 354 471 410; x_wconf 84' lang='grc' dir='ltr'><em>πρεσβύτατον,</em></span> <span class='ocrx_word' id='word_1_14' title='bbox 510 348 649 394; x_wconf 82' lang='grc' dir='ltr'><em>ἆσσον</em></span> <span class='ocrx_word' id='word_1_15' title='bbox 690 350 825 398; x_wconf 85' lang='grc' dir='ltr'><em>ἰέναι,</em></span> <span class='ocrx_word' id='word_1_16' title='bbox 877 348 1153 406; x_wconf 82' lang='grc' dir='ltr'><em>βουλόμενον</em></span> <span class='ocrx_word' id='word_1_17' title='bbox 1195 347 1307 392; x_wconf 79' lang='grc' dir='ltr'><em>αὐτοὶ</em></span> <span class='ocrx_word' id='word_1_18' title='bbox 1348 355 1425 393; x_wconf 82' lang='grc' dir='ltr'>λα-</span> 
     </span>
     <span class='ocr_line' id='line_1_6' title="bbox 147 419 1482 483; baseline -0.007 -13"><span class='ocrx_word' id='word_1_19' title='bbox 147 430 270 483; x_wconf 86' lang='grc' dir='ltr'><em>βεῖν·</em></span> <span class='ocrx_word' id='word_1_20' title='bbox 310 424 389 468; x_wconf 82' lang='grc' dir='ltr'>τόν</span> <span class='ocrx_word' id='word_1_21' title='bbox 427 423 473 467; x_wconf 80' lang='grc' dir='ltr'>δὲ</span> <span class='ocrx_word' id='word_1_22' title='bbox 511 422 699 478; x_wconf 87' lang='grc' dir='ltr'><em>χρυσὸν,</em></span> <span class='ocrx_word' id='word_1_23' title='bbox 743 419 966 473; x_wconf 80' lang='grc' dir='ltr'><strong><em>ἐπιόντος,</em></strong></span> <span class='ocrx_word' id='word_1_24' title='bbox 1008 423 1233 465; x_wconf 82' lang='grc' dir='ltr'><strong><em>καίεσθαι·</em></strong></span> <span class='ocrx_word' id='word_1_25' title='bbox 1284 419 1482 465; x_wconf 54' lang='lat' dir='ltr'>duaa-73</span> 
     </span>
     <span class='ocr_line' id='line_1_7' title="bbox 145 491 1428 552; baseline -0.003 -12"><span class='ocrx_word' id='word_1_26' title='bbox 145 497 380 552; x_wconf 82' lang='grc' dir='ltr'><em>λαχθέυτος</em></span> <span class='ocrx_word' id='word_1_27' title='bbox 409 495 456 537; x_wconf 79' lang='grc' dir='ltr'>δὲ</span> <span class='ocrx_word' id='word_1_28' title='bbox 485 493 670 547; x_wconf 87' lang='grc' dir='ltr'><em>τούτου,</em></span> <span class='ocrx_word' id='word_1_29' title='bbox 709 492 941 547; x_wconf 83' lang='grc' dir='ltr'><em>προσιέναι</em></span> <span class='ocrx_word' id='word_1_30' title='bbox 970 492 1051 536; x_wconf 83' lang='grc' dir='ltr'>τὸν</span> <span class='ocrx_word' id='word_1_31' title='bbox 1083 491 1312 547; x_wconf 83' lang='grc' dir='ltr'><em>δεύτερον,</em></span> <span class='ocrx_word' id='word_1_32' title='bbox 1354 495 1428 536; x_wconf 80' lang='grc' dir='ltr'>καὶ</span> 
     </span>
    </p>
   </div>
   <div class='ocr_carea' id='block_1_5' title="bbox 113 562 789 616">
    <p class='ocr_par' dir='ltr' id='par_1_5' title="bbox 113 562 789 616">
     <span class='ocr_line' id='line_1_8' title="bbox 113 562 789 616; baseline -0.003 -7"><span class='ocrx_word' id='word_1_33' title='bbox 113 568 223 611; x_wconf 76' lang='grc' dir='ltr'><em>στὸν</em></span> <span class='ocrx_word' id='word_1_34' title='bbox 264 562 389 616; x_wconf 77' lang='grc' dir='ltr'><em>αὖτις</em></span> <span class='ocrx_word' id='word_1_35' title='bbox 430 563 569 608; x_wconf 72' lang='grc' dir='ltr'>ταύτά</span> <span class='ocrx_word' id='word_1_36' title='bbox 611 563 789 608; x_wconf 84' lang='grc' dir='ltr'><em>ποιέειν.</em></span> 
     </span>
    </p>
   </div>
   <div class='ocr_carea' id='block_1_6' title="bbox 850 563 1425 621">
    <p class='ocr_par' dir='ltr' id='par_1_6' title="bbox 850 563 1425 621">
     <span class='ocr_line' id='line_1_9' title="bbox 850 563 1425 621; baseline 0.003 -15"><span class='ocrx_word' id='word_1_37' title='bbox 850 563 955 615; x_wconf 81' lang='grc' dir='ltr'><em>τούς</em></span> <span class='ocrx_word' id='word_1_38' title='bbox 984 564 1064 621; x_wconf 81' lang='grc' dir='ltr'>μὲν</span> <span class='ocrx_word' id='word_1_39' title='bbox 1098 563 1151 621; x_wconf 74' lang='grc' dir='ltr'>δή</span> <span class='ocrx_word' id='word_1_40' title='bbox 1183 565 1425 620; x_wconf 83' lang='grc' dir='ltr'><em>καιόμενον</em></span> 
     </span>
    </p>
   </div>
   <div class='ocr_carea' id='block_1_7' title="bbox 140 635 1480 909">
    <p class='ocr_par' dir='ltr' id='par_1_7' title="bbox 140 635 1480 909">
     <span class='ocr_line' id='line_1_10' title="bbox 143 635 1424 694; baseline -0.002 -12"><span class='ocrx_word' id='word_1_41' title='bbox 143 638 221 682; x_wconf 84' lang='grc' dir='ltr'>τὸν</span> <span class='ocrx_word' id='word_1_42' title='bbox 248 637 413 694; x_wconf 87' lang='grc' dir='ltr'><em>χρυσὸν</em></span> <span class='ocrx_word' id='word_1_43' title='bbox 438 635 720 680; x_wconf 78' lang='grc' dir='ltr'><em>ἀπώσασθαι·</em></span> <span class='ocrx_word' id='word_1_44' title='bbox 760 638 890 693; x_wconf 81' lang='grc' dir='ltr'><strong><em>τρίτῳ</em></strong></span> <span class='ocrx_word' id='word_1_45' title='bbox 914 637 960 680; x_wconf 82' lang='grc' dir='ltr'>δὲ</span> <span class='ocrx_word' id='word_1_46' title='bbox 988 640 1051 694; x_wconf 79' lang='grc' dir='ltr'>τῷ</span> <span class='ocrx_word' id='word_1_47' title='bbox 1080 636 1282 694; x_wconf 77' lang='grc' dir='ltr'>νεωτάτῳ</span> <span class='ocrx_word' id='word_1_48' title='bbox 1308 637 1424 680; x_wconf 81' lang='grc' dir='ltr'><em>ἐπελ-</em></span> 
     </span>
     <span class='ocr_line' id='line_1_11' title="bbox 141 707 1418 765; baseline -0.002 -12"><span class='ocrx_word' id='word_1_49' title='bbox 141 708 270 753; x_wconf 85' lang='grc' dir='ltr'><em>θόντι</em></span> <span class='ocrx_word' id='word_1_50' title='bbox 299 712 594 765; x_wconf 81' lang='grc' dir='ltr'><em>κατασβῆναι,</em></span> <span class='ocrx_word' id='word_1_51' title='bbox 625 709 699 751; x_wconf 81' lang='grc' dir='ltr'>καί</span> <span class='ocrx_word' id='word_1_52' title='bbox 729 725 804 764; x_wconf 86' lang='grc' dir='ltr'>μιν</span> <span class='ocrx_word' id='word_1_53' title='bbox 833 708 1002 751; x_wconf 80' lang='grc' dir='ltr'><em>ἐκεῖνον</em></span> <span class='ocrx_word' id='word_1_54' title='bbox 1031 709 1211 761; x_wconf 85' lang='grc' dir='ltr'><em>κομίσαι</em></span> <span class='ocrx_word' id='word_1_55' title='bbox 1240 707 1283 759; x_wconf 84' lang='grc' dir='ltr'><em>ἐς</em></span> <span class='ocrx_word' id='word_1_56' title='bbox 1314 707 1418 752; x_wconf 78' lang='grc' dir='ltr'><em>ἑωυ-</em></span> 
     </span>
     <span class='ocr_line' id='line_1_12' title="bbox 140 779 1422 836; baseline -0.001 -12"><span class='ocrx_word' id='word_1_57' title='bbox 140 784 243 824; x_wconf 83' lang='grc' dir='ltr'><em>τοῦ·</em></span> <span class='ocrx_word' id='word_1_58' title='bbox 283 780 358 824; x_wconf 81' lang='grc' dir='ltr'>καὶ</span> <span class='ocrx_word' id='word_1_59' title='bbox 386 779 492 832; x_wconf 78' lang='grc' dir='ltr'><em>τούς</em></span> <span class='ocrx_word' id='word_1_60' title='bbox 521 781 850 836; x_wconf 80' lang='grc' dir='ltr'><em>πρεσβυτέρους</em></span> <span class='ocrx_word' id='word_1_61' title='bbox 880 780 1123 835; x_wconf 71' lang='grc' dir='ltr'><em>ἀδελφεοὺς</em></span> <span class='ocrx_word' id='word_1_62' title='bbox 1150 779 1262 833; x_wconf 85' lang='grc' dir='ltr'><em>πρὸς</em></span> <span class='ocrx_word' id='word_1_63' title='bbox 1283 784 1422 823; x_wconf 86' lang='grc' dir='ltr'><em>ταῦτα</em></span> 
     </span>
     <span class='ocr_line' id='line_1_13' title="bbox 141 851 1480 909; baseline -0.002 -13"><span class='ocrx_word' id='word_1_64' title='bbox 141 851 434 908; x_wconf 81' lang='grc' dir='ltr'><em>συγγνόντας,</em></span> <span class='ocrx_word' id='word_1_65' title='bbox 478 852 559 908; x_wconf 81' lang='grc' dir='ltr'>τήν</span> <span class='ocrx_word' id='word_1_66' title='bbox 601 854 834 908; x_wconf 80' lang='grc' dir='ltr'><em>βασιληΐην</em></span> <span class='ocrx_word' id='word_1_67' title='bbox 871 855 1020 895; x_wconf 76' lang='grc' dir='ltr'><em>πᾶσαν</em></span> <span class='ocrx_word' id='word_1_68' title='bbox 1048 853 1330 905; x_wconf 83' lang='grc' dir='ltr'><em>παραδοῦναι</em></span> <span class='ocrx_word' id='word_1_69' title='bbox 1359 856 1421 909; x_wconf 76' lang='grc' dir='ltr'>τῷ</span> <span class='ocrx_word' id='word_1_70' title='bbox 1435 860 1480 893; x_wconf 89' lang='grc'>80</span> 
     </span>
    </p>
   </div>
   <div class='ocr_carea' id='block_1_8' title="bbox 142 922 1759 982">
    <p class='ocr_par' dir='ltr' id='par_1_8' title="bbox 142 922 1759 982">
     <span class='ocr_line' id='line_1_14' title="bbox 142 922 1759 982; baseline -0.004 -14"><span class='ocrx_word' id='word_1_71' title='bbox 142 923 357 982; x_wconf 82' lang='grc' dir='ltr'><em>νεωτάτῳ.</em></span> <span class='ocrx_word' id='word_1_72' title='bbox 412 922 517 967; x_wconf 86' lang='grc' dir='ltr'>Ἀπὸ</span> <span class='ocrx_word' id='word_1_73' title='bbox 554 923 634 979; x_wconf 75' lang='grc' dir='ltr'>μὲν</span> <span class='ocrx_word' id='word_1_74' title='bbox 672 923 724 980; x_wconf 78' lang='grc' dir='ltr'>δή</span> <span class='ocrx_word' id='word_1_75' title='bbox 761 924 1022 976; x_wconf 80' lang='grc' dir='ltr'><em>Λειποξάϊος</em></span> <span class='ocrx_word' id='word_1_76' title='bbox 1055 924 1284 979; x_wconf 77' lang='grc' dir='ltr'><em>γεγονέναι</em></span> <span class='ocrx_word' id='word_1_77' title='bbox 1313 924 1418 967; x_wconf 87' lang='grc' dir='ltr'><em>τού-</em></span> <span class='ocrx_word' id='word_1_78' title='bbox 1478 930 1588 950; x_wconf 69' lang='lat'>¹¹⁰¹1¹⁸¹¹</span> <span class='ocrx_word' id='word_1_79' title='bbox 1624 923 1759 949; x_wconf 70' lang='lat' dir='ltr'>⁰¹¹ffl¹¹¹¹¹³</span> 
     </span>
    </p>
   </div>
   <div class='ocr_carea' id='block_1_9' title="bbox 1478 957 1760 992">
    <p class='ocr_par' dir='ltr' id='par_1_9' title="bbox 1478 957 1760 992">
     <span class='ocr_line' id='line_1_15' title="bbox 1478 957 1760 992; baseline 0.004 -10"><span class='ocrx_word' id='word_1_80' title='bbox 1478 957 1596 992; x_wconf 78' lang='lat' dir='ltr'>populis</span> <span class='ocrx_word' id='word_1_81' title='bbox 1632 965 1760 983; x_wconf 88' lang='lat' dir='ltr'>commu-</span> 
     </span>
    </p>
   </div>
   <div class='ocr_carea' id='block_1_10' title="bbox 140 990 1761 1050">
    <p class='ocr_par' dir='ltr' id='par_1_10' title="bbox 140 990 1761 1050">
     <span class='ocr_line' id='line_1_16' title="bbox 140 990 1761 1050; baseline -0.001 -10"><span class='ocrx_word' id='word_1_82' title='bbox 140 1013 243 1047; x_wconf 86' lang='grc' dir='ltr'><em>τους</em></span> <span class='ocrx_word' id='word_1_83' title='bbox 282 999 371 1039; x_wconf 76' lang='grc' dir='ltr'>τῶν</span> <span class='ocrx_word' id='word_1_84' title='bbox 401 995 645 1045; x_wconf 81' lang='grc' dir='ltr'><em>Σκυθέων,</em></span> <span class='ocrx_word' id='word_1_85' title='bbox 688 998 730 1037; x_wconf 69' lang='grc' dir='ltr'>οἳ</span> <span class='ocrx_word' id='word_1_86' title='bbox 761 994 959 1050; x_wconf 79' lang='grc' dir='ltr'><em>Αὐχάται</em></span> <span class='ocrx_word' id='word_1_87' title='bbox 997 996 1124 1050; x_wconf 71' lang='grc' dir='ltr'><em>γένος</em></span> <span class='ocrx_word' id='word_1_88' title='bbox 1162 996 1419 1040; x_wconf 82' lang='grc' dir='ltr'><em>καλέονται·</em></span> <span class='ocrx_word' id='word_1_89' title='bbox 1480 999 1536 1031; x_wconf 68' lang='lat'>¹¹⁶2</span> <span class='ocrx_word' id='word_1_90' title='bbox 1572 990 1652 1025; x_wconf 67' lang='lat'>³⁰⁸⁶</span> <span class='ocrx_word' id='word_1_91' title='bbox 1680 991 1761 1025; x_wconf 63' lang='lat'>‘⁹⁸⁰⁸</span> 
     </span>
    </p>
   </div>
   <div class='ocr_carea' id='block_1_11' title="bbox 1481 1024 1758 1093">
    <p class='ocr_par' dir='ltr' id='par_1_11' title="bbox 1481 1024 1758 1093">
     <span class='ocr_line' id='line_1_17' title="bbox 1481 1024 1758 1059; baseline -0.004 -8"><span class='ocrx_word' id='word_1_92' title='bbox 1481 1024 1622 1059; x_wconf 75' lang='lat' dir='ltr'>quidem,</span> <span class='ocrx_word' id='word_1_93' title='bbox 1659 1024 1758 1050; x_wconf 85' lang='lat' dir='ltr'>Scolo-</span> 
     </span>
     <span class='ocr_line' id='line_1_18' title="bbox 1497 1057 1743 1093; baseline 0 -9"><span class='ocrx_word' id='word_1_94' title='bbox 1497 1065 1614 1089; x_wconf 75' lang='lat' dir='ltr'>torum3</span> <span class='ocrx_word' id='word_1_95' title='bbox 1663 1057 1743 1093; x_wconf 83' lang='lat' dir='ltr'>apud</span> 
     </span>
    </p>
   </div>
   <div class='ocr_carea' id='block_1_12' title="bbox 141 1064 1761 1126">
    <p class='ocr_par' dir='ltr' id='par_1_12' title="bbox 141 1064 1761 1126">
     <span class='ocr_line' id='line_1_19' title="bbox 141 1064 1761 1126; baseline 0.001 -16"><span class='ocrx_word' id='word_1_96' title='bbox 141 1065 227 1111; x_wconf 75' lang='grc' dir='ltr'>ἀπὸ</span> <span class='ocrx_word' id='word_1_97' title='bbox 269 1067 316 1110; x_wconf 81' lang='grc' dir='ltr'>δὲ</span> <span class='ocrx_word' id='word_1_98' title='bbox 352 1071 433 1111; x_wconf 86' lang='grc' dir='ltr'>τοῦ</span> <span class='ocrx_word' id='word_1_99' title='bbox 469 1066 607 1124; x_wconf 87' lang='grc' dir='ltr'><em>μέσου</em></span> <span class='ocrx_word' id='word_1_100' title='bbox 633 1064 912 1121; x_wconf 78' lang='grc' dir='ltr'><em>Ἀρποξάιος,</em></span> <span class='ocrx_word' id='word_1_101' title='bbox 955 1070 998 1110; x_wconf 85' lang='grc' dir='ltr'>οἳ</span> <span class='ocrx_word' id='word_1_102' title='bbox 1028 1069 1244 1122; x_wconf 87' lang='grc' dir='ltr'><em>Κατίαροί</em></span> <span class='ocrx_word' id='word_1_103' title='bbox 1272 1085 1316 1111; x_wconf 83' lang='grc' dir='ltr'>τε</span> <span class='ocrx_word' id='word_1_104' title='bbox 1346 1070 1420 1113; x_wconf 81' lang='grc' dir='ltr'>καὶ</span> <span class='ocrx_word' id='word_1_105' title='bbox 1479 1092 1615 1118; x_wconf 58' lang='lat' dir='ltr'>mame</span> <span class='ocrx_word' id='word_1_106' title='bbox 1649 1096 1761 1126; x_wconf 63' lang='lat' dir='ltr'>autem,</span> 
     </span>
    </p>
   </div>
   <div class='ocr_carea' id='block_1_13' title="bbox 97 1171 358 1176">
    <p class='ocr_par' dir='ltr' id='par_1_13' title="bbox 97 1171 358 1176">
     <span class='ocr_line' id='line_1_20' title="bbox 97 1171 358 1176; baseline 0 0"><span class='ocrx_word' id='word_1_107' title='bbox 97 1171 358 1176; x_wconf 95' lang='lat' dir='ltr'> </span> 
     </span>
    </p>
   </div>
   <div class='ocr_carea' id='block_1_14' title="bbox 84 1232 757 2875">
    <p class='ocr_par' dir='ltr' id='par_1_14' title="bbox 84 1232 752 1342">
     <span class='ocr_line' id='line_1_21' title="bbox 84 1232 752 1284; baseline -0.003 -12"><span class='ocrx_word' id='word_1_108' title='bbox 84 1235 302 1284; x_wconf 75' lang='lat' dir='ltr'><strong>Scytharum</strong></span> <span class='ocrx_word' id='word_1_109' title='bbox 325 1238 450 1272; x_wconf 86' lang='lat' dir='ltr'>aratro</span> <span class='ocrx_word' id='word_1_110' title='bbox 469 1245 582 1271; x_wconf 88' lang='lat' dir='ltr'>aureo</span> <span class='ocrx_word' id='word_1_111' title='bbox 600 1232 752 1271; x_wconf 87' lang='lat' dir='ltr'>coelitus</span> 
     </span>
     <span class='ocr_line' id='line_1_22' title="bbox 87 1291 251 1342; baseline -0.012 -12"><span class='ocrx_word' id='word_1_112' title='bbox 87 1291 251 1342; x_wconf 83' lang='lat' dir='ltr'>delapso.</span> 
     </span>
    </p>

    <p class='ocr_par' dir='ltr' id='par_1_15' title="bbox 84 1343 757 2421">
     <span class='ocr_line' id='line_1_23' title="bbox 143 1343 753 1399; baseline -0.008 -12"><span class='ocrx_word' id='word_1_113' title='bbox 143 1343 408 1399; x_wconf 67' lang='grc' dir='ltr'><em>ἀπώσασθαι]</em></span> <span class='ocrx_word' id='word_1_114' title='bbox 440 1348 482 1384; x_wconf 90' lang='lat' dir='ltr'>In</span> <span class='ocrx_word' id='word_1_115' title='bbox 506 1346 690 1383; x_wconf 85' lang='lat' dir='ltr'>Sancrosti</span> <span class='ocrx_word' id='word_1_116' title='bbox 710 1345 753 1383; x_wconf 90' lang='lat' dir='ltr'>li-</span> 
     </span>
     <span class='ocr_line' id='line_1_24' title="bbox 85 1397 754 1443; baseline -0.003 -1"><span class='ocrx_word' id='word_1_117' title='bbox 85 1406 150 1443; x_wconf 94' lang='lat' dir='ltr'>bro</span> <span class='ocrx_word' id='word_1_118' title='bbox 193 1418 235 1442; x_wconf 85' lang='lat' dir='ltr'>ac</span> <span class='ocrx_word' id='word_1_119' title='bbox 272 1406 353 1443; x_wconf 79' lang='lat' dir='ltr'>Vul.</span> <span class='ocrx_word' id='word_1_120' title='bbox 393 1408 514 1443; x_wconf 84' lang='lat' dir='ltr'>exstat</span> <span class='ocrx_word' id='word_1_121' title='bbox 551 1397 754 1441; x_wconf 73' lang='grc' dir='ltr'><em>ἄπαλλάσ-</em></span> 
     </span>
     <span class='ocr_line' id='line_1_25' title="bbox 85 1460 752 1510; baseline -0.007 -9"><span class='ocrx_word' id='word_1_122' title='bbox 85 1465 250 1510; x_wconf 71' lang='grc' dir='ltr'><em>σεσθαις</em></span> <span class='ocrx_word' id='word_1_123' title='bbox 307 1463 405 1500; x_wconf 87' lang='lat' dir='ltr'>unde</span> <span class='ocrx_word' id='word_1_124' title='bbox 448 1460 625 1498; x_wconf 87' lang='lat' dir='ltr'>Valcken.</span> <span class='ocrx_word' id='word_1_125' title='bbox 667 1460 752 1497; x_wconf 86' lang='lat' dir='ltr'>olim</span> 
     </span>
     <span class='ocr_line' id='line_1_26' title="bbox 85 1517 750 1570; baseline 0 -14"><span class='ocrx_word' id='word_1_126' title='bbox 85 1520 258 1570; x_wconf 88' lang='lat' dir='ltr'>scriptum</span> <span class='ocrx_word' id='word_1_127' title='bbox 280 1519 393 1557; x_wconf 86' lang='lat' dir='ltr'>fuisse</span> <span class='ocrx_word' id='word_1_128' title='bbox 419 1517 588 1556; x_wconf 86' lang='lat' dir='ltr'>coniicit:</span> <span class='ocrx_word' id='word_1_129' title='bbox 634 1531 750 1556; x_wconf 81' lang='grc' dir='ltr'><em>καιο-</em></span> 
     </span>
     <span class='ocr_line' id='line_1_27' title="bbox 86 1569 754 1627; baseline -0.006 -12"><span class='ocrx_word' id='word_1_130' title='bbox 86 1574 209 1627; x_wconf 85' lang='grc' dir='ltr'><em>μένου</em></span> <span class='ocrx_word' id='word_1_131' title='bbox 235 1578 309 1614; x_wconf 84' lang='grc' dir='ltr'>τοῦ</span> <span class='ocrx_word' id='word_1_132' title='bbox 330 1576 481 1627; x_wconf 80' lang='grc' dir='ltr'><em>χρυσοῦ</em></span> <span class='ocrx_word' id='word_1_133' title='bbox 505 1569 754 1613; x_wconf 65' lang='grc' dir='ltr'><em>ἀπαλλάσσε-</em></span> 
     </span>
     <span class='ocr_line' id='line_1_28' title="bbox 86 1624 752 1682; baseline -0.003 -11"><span class='ocrx_word' id='word_1_134' title='bbox 86 1637 196 1671; x_wconf 80' lang='grc' dir='ltr'><em>σθαι.</em></span> <span class='ocrx_word' id='word_1_135' title='bbox 245 1632 336 1669; x_wconf 83' lang='lat' dir='ltr'>Mihi</span> <span class='ocrx_word' id='word_1_136' title='bbox 369 1633 438 1670; x_wconf 92' lang='lat' dir='ltr'>hoc</span> <span class='ocrx_word' id='word_1_137' title='bbox 469 1632 588 1682; x_wconf 86' lang='lat' dir='ltr'>ipsum</span> <span class='ocrx_word' id='word_1_138' title='bbox 628 1624 752 1669; x_wconf 80' lang='grc' dir='ltr'><em>ἆπαλ-</em></span> 
     </span>
     <span class='ocr_line' id='line_1_29' title="bbox 85 1685 754 1729; baseline -0.007 -1"><span class='ocrx_word' id='word_1_139' title='bbox 85 1685 308 1729; x_wconf 75' lang='grc' dir='ltr'><em>λάσσεσθαι</em></span> <span class='ocrx_word' id='word_1_140' title='bbox 338 1703 358 1727; x_wconf 92' lang='lat' dir='ltr'>e</span> <span class='ocrx_word' id='word_1_141' title='bbox 389 1688 526 1726; x_wconf 87' lang='lat' dir='ltr'>scholio</span> <span class='ocrx_word' id='word_1_142' title='bbox 556 1693 673 1725; x_wconf 86' lang='lat' dir='ltr'>ortum</span> <span class='ocrx_word' id='word_1_143' title='bbox 701 1688 754 1724; x_wconf 83' lang='lat' dir='ltr'>vi-</span> 
     </span>
     <span class='ocr_line' id='line_1_30' title="bbox 86 1744 754 1795; baseline -0.001 -12"><span class='ocrx_word' id='word_1_144' title='bbox 86 1747 206 1784; x_wconf 87' lang='lat' dir='ltr'>detur.</span> <span class='ocrx_word' id='word_1_145' title='bbox 230 1768 285 1775; x_wconf 95' lang='lat'>—-</span> <span class='ocrx_word' id='word_1_146' title='bbox 308 1746 380 1783; x_wconf 90' lang='lat' dir='ltr'>Pro</span> <span class='ocrx_word' id='word_1_147' title='bbox 403 1744 652 1795; x_wconf 79' lang='grc' dir='ltr'><em>κατασβῆναι</em></span> <span class='ocrx_word' id='word_1_148' title='bbox 672 1745 754 1782; x_wconf 89' lang='lat' dir='ltr'>Me-</span> 
     </span>
     <span class='ocr_line' id='line_1_31' title="bbox 86 1801 754 1850; baseline 0 -11"><span class='ocrx_word' id='word_1_149' title='bbox 86 1804 233 1850; x_wconf 86' lang='lat' dir='ltr'>diceus,</span> <span class='ocrx_word' id='word_1_150' title='bbox 259 1803 521 1849; x_wconf 86' lang='lat' dir='ltr'>Florentinus,</span> <span class='ocrx_word' id='word_1_151' title='bbox 552 1801 612 1838; x_wconf 86' lang='lat' dir='ltr'>alii</span> <span class='ocrx_word' id='word_1_152' title='bbox 636 1817 754 1839; x_wconf 81' lang='grc' dir='ltr'><em>κατα-</em></span> 
     </span>
     <span class='ocr_line' id='line_1_32' title="bbox 85 1859 755 1911; baseline -0.007 -12"><span class='ocrx_word' id='word_1_153' title='bbox 85 1861 240 1911; x_wconf 85' lang='grc' dir='ltr'><em>στῆναι.</em></span> <span class='ocrx_word' id='word_1_154' title='bbox 301 1860 414 1903; x_wconf 86' lang='lat' dir='ltr'>Quod</span> <span class='ocrx_word' id='word_1_155' title='bbox 457 1872 525 1896; x_wconf 88' lang='lat' dir='ltr'>nos</span> <span class='ocrx_word' id='word_1_156' title='bbox 573 1859 755 1905; x_wconf 84' lang='lat' dir='ltr'>dedimus,</span> 
     </span>
     <span class='ocr_line' id='line_1_33' title="bbox 84 1916 752 1965; baseline -0.004 -11"><span class='ocrx_word' id='word_1_157' title='bbox 84 1921 205 1954; x_wconf 81' lang='lat' dir='ltr'>tuetur</span> <span class='ocrx_word' id='word_1_158' title='bbox 223 1917 394 1954; x_wconf 87' lang='lat' dir='ltr'>Eustath.</span> <span class='ocrx_word' id='word_1_159' title='bbox 417 1917 465 1953; x_wconf 86' lang='lat' dir='ltr'>ad</span> <span class='ocrx_word' id='word_1_160' title='bbox 495 1916 648 1952; x_wconf 85' lang='lat' dir='ltr'>Homer.</span> <span class='ocrx_word' id='word_1_161' title='bbox 667 1928 752 1965; x_wconf 83' lang='lat' dir='ltr'>pag.</span> 
     </span>
     <span class='ocr_line' id='line_1_34' title="bbox 84 1972 755 2022; baseline -0.01 -7"><span class='ocrx_word' id='word_1_162' title='bbox 84 1975 181 2020; x_wconf 85' lang='lat'>513,</span> <span class='ocrx_word' id='word_1_163' title='bbox 206 1976 271 2020; x_wconf 91' lang='lat'>11,</span> <span class='ocrx_word' id='word_1_164' title='bbox 302 1986 331 2010; x_wconf 85' lang='lat' dir='ltr'>S.</span> <span class='ocrx_word' id='word_1_165' title='bbox 355 1975 451 2020; x_wconf 83' lang='lat'><strong>388,</strong></span> <span class='ocrx_word' id='word_1_166' title='bbox 479 1972 544 2014; x_wconf 74' lang='lat'>24.</span> <span class='ocrx_word' id='word_1_167' title='bbox 595 1972 652 2010; x_wconf 97' lang='lat' dir='ltr'>De</span> <span class='ocrx_word' id='word_1_168' title='bbox 674 1973 755 2022; x_wconf 86' lang='lat' dir='ltr'>ipsa</span> 
     </span>
     <span class='ocr_line' id='line_1_35' title="bbox 86 2029 752 2068; baseline -0.002 -2"><span class='ocrx_word' id='word_1_169' title='bbox 86 2031 202 2067; x_wconf 88' lang='lat' dir='ltr'>forma</span> <span class='ocrx_word' id='word_1_170' title='bbox 223 2030 292 2067; x_wconf 86' lang='lat' dir='ltr'>Cr.</span> <span class='ocrx_word' id='word_1_171' title='bbox 317 2031 474 2068; x_wconf 82' lang='lat' dir='ltr'>conferri</span> <span class='ocrx_word' id='word_1_172' title='bbox 501 2029 576 2067; x_wconf 85' lang='lat' dir='ltr'>vult</span> <span class='ocrx_word' id='word_1_173' title='bbox 593 2029 752 2066; x_wconf 87' lang='lat' dir='ltr'>Fischer.</span> 
     </span>
     <span class='ocr_line' id='line_1_36' title="bbox 85 2087 754 2137; baseline -0.001 -14"><span class='ocrx_word' id='word_1_174' title='bbox 85 2087 134 2123; x_wconf 89' lang='lat' dir='ltr'>ad</span> <span class='ocrx_word' id='word_1_175' title='bbox 152 2087 301 2124; x_wconf 83' lang='lat' dir='ltr'>Weller.</span> <span class='ocrx_word' id='word_1_176' title='bbox 337 2087 400 2134; x_wconf 83' lang='lat'>111,</span> <span class='ocrx_word' id='word_1_177' title='bbox 423 2101 455 2124; x_wconf 88' lang='lat' dir='ltr'>a.</span> <span class='ocrx_word' id='word_1_178' title='bbox 490 2100 526 2137; x_wconf 91' lang='lat' dir='ltr'>p.</span> <span class='ocrx_word' id='word_1_179' title='bbox 552 2088 631 2127; x_wconf 90' lang='lat'>170</span> <span class='ocrx_word' id='word_1_180' title='bbox 653 2099 754 2135; x_wconf 90' lang='lat' dir='ltr'>seq.:</span> 
     </span>
     <span class='ocr_line' id='line_1_37' title="bbox 89 2141 753 2193; baseline 0 -13"><span class='ocrx_word' id='word_1_181' title='bbox 89 2144 152 2193; x_wconf 91' lang='lat' dir='ltr'>qui</span> <span class='ocrx_word' id='word_1_182' title='bbox 184 2144 282 2181; x_wconf 89' lang='lat' dir='ltr'>idem</span> <span class='ocrx_word' id='word_1_183' title='bbox 314 2144 361 2181; x_wconf 90' lang='lat' dir='ltr'>de</span> <span class='ocrx_word' id='word_1_184' title='bbox 388 2157 456 2181; x_wconf 90' lang='lat' dir='ltr'>usu</span> <span class='ocrx_word' id='word_1_185' title='bbox 479 2142 622 2180; x_wconf 85' lang='lat' dir='ltr'>articuli</span> <span class='ocrx_word' id='word_1_186' title='bbox 644 2141 753 2192; x_wconf 81' lang='grc' dir='ltr'><em>(τὸν)</em></span> 
     </span>
     <span class='ocr_line' id='line_1_38' title="bbox 86 2201 755 2251; baseline -0.001 -14"><span class='ocrx_word' id='word_1_187' title='bbox 86 2213 155 2251; x_wconf 88' lang='lat' dir='ltr'>pro</span> <span class='ocrx_word' id='word_1_188' title='bbox 198 2201 416 2250; x_wconf 82' lang='lat' dir='ltr'>pronomine</span> <span class='ocrx_word' id='word_1_189' title='bbox 467 2201 755 2237; x_wconf 82' lang='lat' dir='ltr'>demonstrativo</span> 
     </span>
     <span class='ocr_line' id='line_1_39' title="bbox 91 2257 757 2306; baseline -0.002 -13"><span class='ocrx_word' id='word_1_190' title='bbox 91 2258 178 2294; x_wconf 86' lang='lat' dir='ltr'>citat</span> <span class='ocrx_word' id='word_1_191' title='bbox 206 2258 311 2295; x_wconf 86' lang='lat' dir='ltr'>Reiz.</span> <span class='ocrx_word' id='word_1_192' title='bbox 350 2258 397 2295; x_wconf 88' lang='lat' dir='ltr'>de</span> <span class='ocrx_word' id='word_1_193' title='bbox 418 2257 574 2295; x_wconf 86' lang='lat' dir='ltr'>Prosod.</span> <span class='ocrx_word' id='word_1_194' title='bbox 604 2269 689 2306; x_wconf 81' lang='lat' dir='ltr'>pag.</span> <span class='ocrx_word' id='word_1_195' title='bbox 720 2259 757 2297; x_wconf 85' lang='lat'>8.</span> 
     </span>
     <span class='ocr_line' id='line_1_40' title="bbox 88 2309 755 2362; baseline 0.003 -13"><span class='ocrx_word' id='word_1_196' title='bbox 88 2314 148 2351; x_wconf 90' lang='lat' dir='ltr'>Sic</span> <span class='ocrx_word' id='word_1_197' title='bbox 180 2315 274 2352; x_wconf 86' lang='lat' dir='ltr'>infra</span> <span class='ocrx_word' id='word_1_198' title='bbox 302 2314 373 2362; x_wconf 83' lang='lat' dir='ltr'>lv,</span> <span class='ocrx_word' id='word_1_199' title='bbox 402 2317 440 2356; x_wconf 84' lang='lat'>9.</span> <span class='ocrx_word' id='word_1_200' title='bbox 468 2315 543 2361; x_wconf 87' lang='lat'>15,</span> <span class='ocrx_word' id='word_1_201' title='bbox 574 2312 642 2351; x_wconf 78' lang='grc' dir='ltr'><em>καὶ</em></span> <span class='ocrx_word' id='word_1_202' title='bbox 672 2309 755 2362; x_wconf 85' lang='grc' dir='ltr'><em>τόν,</em></span> 
     </span>
     <span class='ocr_line' id='line_1_41' title="bbox 92 2370 277 2421; baseline 0.005 -15"><span class='ocrx_word' id='word_1_203' title='bbox 92 2382 138 2408; x_wconf 90' lang='lat' dir='ltr'>ne</span> <span class='ocrx_word' id='word_1_204' title='bbox 159 2370 277 2421; x_wconf 91' lang='lat' dir='ltr'>plura.</span> 
     </span>
    </p>

    <p class='ocr_par' dir='ltr' id='par_1_16' title="bbox 317 2427 527 2478">
     <span class='ocr_line' id='line_1_42' title="bbox 317 2427 527 2478; baseline -0.005 -14"><span class='ocrx_word' id='word_1_205' title='bbox 317 2427 348 2464; x_wconf 95' lang='lat' dir='ltr'>C</span> <span class='ocrx_word' id='word_1_206' title='bbox 366 2440 433 2478; x_wconf 90' lang='lat' dir='ltr'>ap.</span> <span class='ocrx_word' id='word_1_207' title='bbox 465 2427 527 2464; x_wconf 84' lang='lat' dir='ltr'>Vl.</span> 
     </span>
    </p>

    <p class='ocr_par' dir='ltr' id='par_1_17' title="bbox 89 2478 757 2875">
     <span class='ocr_line' id='line_1_43' title="bbox 147 2478 754 2536; baseline 0.003 -16"><span class='ocrx_word' id='word_1_208' title='bbox 147 2483 187 2520; x_wconf 79' lang='grc' dir='ltr'>οἳ</span> <span class='ocrx_word' id='word_1_209' title='bbox 200 2478 385 2533; x_wconf 70' lang='grc' dir='ltr'><em>Αὐχάται</em></span> <span class='ocrx_word' id='word_1_210' title='bbox 406 2482 520 2536; x_wconf 81' lang='grc' dir='ltr'><em>γένος</em></span> <span class='ocrx_word' id='word_1_211' title='bbox 532 2482 754 2534; x_wconf 82' lang='grc' dir='ltr'><em>καλέονται]</em></span> 
     </span>
     <span class='ocr_line' id='line_1_44' title="bbox 91 2538 757 2589; baseline 0.003 -13"><span class='ocrx_word' id='word_1_212' title='bbox 91 2538 208 2576; x_wconf 86' lang='lat' dir='ltr'>Plinio</span> <span class='ocrx_word' id='word_1_213' title='bbox 240 2545 390 2578; x_wconf 86' lang='lat' dir='ltr'>auctore</span> <span class='ocrx_word' id='word_1_214' title='bbox 418 2542 468 2578; x_wconf 92' lang='lat' dir='ltr'>H.</span> <span class='ocrx_word' id='word_1_215' title='bbox 497 2541 546 2579; x_wconf 90' lang='lat' dir='ltr'>N.</span> <span class='ocrx_word' id='word_1_216' title='bbox 569 2542 632 2589; x_wconf 89' lang='lat' dir='ltr'>lv,</span> <span class='ocrx_word' id='word_1_217' title='bbox 660 2543 757 2589; x_wconf 81' lang='lat'>(26)</span> 
     </span>
     <span class='ocr_line' id='line_1_45' title="bbox 93 2596 753 2648; baseline 0.002 -14"><span class='ocrx_word' id='word_1_218' title='bbox 93 2597 168 2635; x_wconf 79' lang='lat'>12:</span> <span class='ocrx_word' id='word_1_219' title='bbox 203 2609 225 2632; x_wconf 87' lang='lat' dir='ltr'>a</span> <span class='ocrx_word' id='word_1_220' title='bbox 241 2596 399 2647; x_wconf 74' lang='lat' dir='ltr'>Taphi-is</span> <span class='ocrx_word' id='word_1_221' title='bbox 420 2611 487 2648; x_wconf 91' lang='lat' dir='ltr'>per</span> <span class='ocrx_word' id='word_1_222' title='bbox 504 2600 753 2636; x_wconf 87' lang='lat' dir='ltr'>continentem</span> 
     </span>
     <span class='ocr_line' id='line_1_46' title="bbox 89 2651 754 2706; baseline 0.011 -20"><span class='ocrx_word' id='word_1_223' title='bbox 89 2651 266 2688; x_wconf 81' lang='lat' dir='ltr'>introrsus</span> <span class='ocrx_word' id='word_1_224' title='bbox 287 2658 414 2691; x_wconf 86' lang='lat' dir='ltr'>tenent</span> <span class='ocrx_word' id='word_1_225' title='bbox 434 2655 630 2702; x_wconf 78' lang='lat' dir='ltr'>Auchetae,</span> <span class='ocrx_word' id='word_1_226' title='bbox 654 2657 754 2706; x_wconf 86' lang='lat' dir='ltr'>apud</span> 
     </span>
     <span class='ocr_line' id='line_1_47' title="bbox 89 2707 754 2762; baseline 0.011 -19"><span class='ocrx_word' id='word_1_227' title='bbox 89 2720 182 2757; x_wconf 91' lang='lat' dir='ltr'>quos</span> <span class='ocrx_word' id='word_1_228' title='bbox 205 2707 373 2758; x_wconf 81' lang='lat' dir='ltr'>Hypanis</span> <span class='ocrx_word' id='word_1_229' title='bbox 396 2712 562 2758; x_wconf 85' lang='lat' dir='ltr'>oritur;“</span> <span class='ocrx_word' id='word_1_230' title='bbox 593 2713 631 2749; x_wconf 90' lang='lat' dir='ltr'>id</span> <span class='ocrx_word' id='word_1_231' title='bbox 653 2713 754 2762; x_wconf 87' lang='lat' dir='ltr'>quod</span> 
     </span>
     <span class='ocr_line' id='line_1_48' title="bbox 91 2763 754 2816; baseline 0.009 -15"><span class='ocrx_word' id='word_1_232' title='bbox 91 2765 140 2801; x_wconf 88' lang='lat' dir='ltr'>ad</span> <span class='ocrx_word' id='word_1_233' title='bbox 173 2763 291 2801; x_wconf 90' lang='lat' dir='ltr'>locum</span> <span class='ocrx_word' id='word_1_234' title='bbox 318 2764 501 2816; x_wconf 78' lang='lat' dir='ltr'>Lipowetz</span> <span class='ocrx_word' id='word_1_235' title='bbox 526 2770 640 2807; x_wconf 84' lang='lat' dir='ltr'>refert</span> <span class='ocrx_word' id='word_1_236' title='bbox 664 2769 754 2807; x_wconf 83' lang='lat' dir='ltr'>Rei-</span> 
     </span>
     <span class='ocr_line' id='line_1_49' title="bbox 91 2820 756 2875; baseline 0.011 -18"><span class='ocrx_word' id='word_1_237' title='bbox 91 2820 214 2859; x_wconf 88' lang='lat' dir='ltr'>chard.</span> <span class='ocrx_word' id='word_1_238' title='bbox 247 2820 269 2858; x_wconf 90' lang='lat' dir='ltr'>l.</span> <span class='ocrx_word' id='word_1_239' title='bbox 292 2820 316 2859; x_wconf 87' lang='lat' dir='ltr'>l.</span> <span class='ocrx_word' id='word_1_240' title='bbox 338 2834 425 2875; x_wconf 78' lang='lat' dir='ltr'>pag.</span> <span class='ocrx_word' id='word_1_241' title='bbox 455 2826 518 2866; x_wconf 83' lang='lat'>13.</span> <span class='ocrx_word' id='word_1_242' title='bbox 568 2826 756 2874; x_wconf 71' lang='lat' dir='ltr'>Auchetos,</span> 
     </span>
    </p>
   </div>
   <div class='ocr_carea' id='block_1_15' title="bbox 1480 1126 1672 1161">
    <p class='ocr_par' dir='ltr' id='par_1_18' title="bbox 1480 1126 1672 1161">
     <span class='ocr_line' id='line_1_50' title="bbox 1480 1126 1672 1161; baseline 0.005 -9"><span class='ocrx_word' id='word_1_243' title='bbox 1480 1126 1672 1161; x_wconf 65' lang='lat' dir='ltr'>Scytharum.</span> 
     </span>
    </p>
   </div>
   <div class='ocr_carea' id='block_1_16' title="bbox 810 1233 1485 2877">
    <p class='ocr_par' dir='ltr' id='par_1_19' title="bbox 811 1233 1479 1342">
     <span class='ocr_line' id='line_1_51' title="bbox 811 1233 1479 1283; baseline 0.004 -13"><span class='ocrx_word' id='word_1_244' title='bbox 811 1233 1029 1282; x_wconf 76' lang='lat' dir='ltr'>Scytharum</span> <span class='ocrx_word' id='word_1_245' title='bbox 1080 1239 1251 1283; x_wconf 82' lang='lat' dir='ltr'>gentem,</span> <span class='ocrx_word' id='word_1_246' title='bbox 1301 1241 1479 1273; x_wconf 83' lang='lat' dir='ltr'>memorat</span> 
     </span>
     <span class='ocr_line' id='line_1_52' title="bbox 811 1289 1378 1342; baseline 0.002 -14"><span class='ocrx_word' id='word_1_247' title='bbox 811 1304 960 1340; x_wconf 91' lang='lat' dir='ltr'>quoque</span> <span class='ocrx_word' id='word_1_248' title='bbox 980 1291 1081 1329; x_wconf 83' lang='lat' dir='ltr'>Mela</span> <span class='ocrx_word' id='word_1_249' title='bbox 1102 1292 1145 1339; x_wconf 78' lang='grc' dir='ltr'>ΙΙ,</span> <span class='ocrx_word' id='word_1_250' title='bbox 1177 1295 1196 1330; x_wconf 92' lang='grc'>1</span> <span class='ocrx_word' id='word_1_251' title='bbox 1225 1289 1378 1342; x_wconf 60' lang='lat'>§.125</span> 
     </span>
    </p>

    <p class='ocr_par' dir='ltr' id='par_1_20' title="bbox 810 1344 1485 2877">
     <span class='ocr_line' id='line_1_53' title="bbox 869 1344 1481 1399; baseline 0.002 -13"><span class='ocrx_word' id='word_1_252' title='bbox 869 1348 909 1386; x_wconf 83' lang='grc' dir='ltr'>οἳ</span> <span class='ocrx_word' id='word_1_253' title='bbox 923 1349 1119 1399; x_wconf 83' lang='grc' dir='ltr'><em>Κατίαροί</em></span> <span class='ocrx_word' id='word_1_254' title='bbox 1137 1363 1176 1387; x_wconf 85' lang='grc' dir='ltr'>τε</span> <span class='ocrx_word' id='word_1_255' title='bbox 1196 1348 1263 1386; x_wconf 87' lang='grc' dir='ltr'>καὶ</span> <span class='ocrx_word' id='word_1_256' title='bbox 1282 1344 1481 1398; x_wconf 74' lang='grc' dir='ltr'><em>Τράσπιες</em></span> 
     </span>
     <span class='ocr_line' id='line_1_54' title="bbox 811 1403 1480 1456; baseline 0.003 -14"><span class='ocrx_word' id='word_1_257' title='bbox 811 1403 1033 1456; x_wconf 83' lang='grc' dir='ltr'><em>καλέονται]</em></span> <span class='ocrx_word' id='word_1_258' title='bbox 1069 1405 1136 1444; x_wconf 80' lang='lat' dir='ltr'>Cr.</span> <span class='ocrx_word' id='word_1_259' title='bbox 1158 1405 1299 1443; x_wconf 90' lang='lat' dir='ltr'>confert</span> <span class='ocrx_word' id='word_1_260' title='bbox 1313 1406 1480 1444; x_wconf 74' lang='lat' dir='ltr'>Schone-</span> 
     </span>
     <span class='ocr_line' id='line_1_55' title="bbox 810 1461 1480 1513; baseline 0 -13"><span class='ocrx_word' id='word_1_261' title='bbox 810 1475 921 1500; x_wconf 88' lang='lat' dir='ltr'>mann</span> <span class='ocrx_word' id='word_1_262' title='bbox 950 1463 1009 1500; x_wconf 88' lang='lat' dir='ltr'>De</span> <span class='ocrx_word' id='word_1_263' title='bbox 1039 1463 1243 1513; x_wconf 81' lang='lat' dir='ltr'>geograph.</span> <span class='ocrx_word' id='word_1_264' title='bbox 1272 1461 1480 1512; x_wconf 89' lang='lat' dir='ltr'>Argonaut.</span> 
     </span>
     <span class='ocr_line' id='line_1_56' title="bbox 811 1519 1482 1570; baseline 0.001 -14"><span class='ocrx_word' id='word_1_265' title='bbox 811 1532 898 1570; x_wconf 83' lang='lat' dir='ltr'>pag.</span> <span class='ocrx_word' id='word_1_266' title='bbox 932 1521 997 1560; x_wconf 79' lang='lat'>35.</span> <span class='ocrx_word' id='word_1_267' title='bbox 1060 1519 1289 1557; x_wconf 80' lang='lat' dir='ltr'>Catz&#39;arorum</span> <span class='ocrx_word' id='word_1_268' title='bbox 1325 1521 1482 1569; x_wconf 82' lang='lat' dir='ltr'>vestigia</span> 
     </span>
     <span class='ocr_line' id='line_1_57' title="bbox 810 1576 1478 1614; baseline 0.003 -3"><span class='ocrx_word' id='word_1_269' title='bbox 810 1576 929 1613; x_wconf 86' lang='lat' dir='ltr'>adhuc</span> <span class='ocrx_word' id='word_1_270' title='bbox 951 1577 1050 1614; x_wconf 80' lang='lat' dir='ltr'>cerni</span> <span class='ocrx_word' id='word_1_271' title='bbox 1072 1577 1200 1613; x_wconf 78' lang='lat' dir='ltr'>statuit</span> <span class='ocrx_word' id='word_1_272' title='bbox 1212 1577 1442 1614; x_wconf 83' lang='lat' dir='ltr'>Reichard.l.</span> <span class='ocrx_word' id='word_1_273' title='bbox 1457 1577 1478 1613; x_wconf 94' lang='lat' dir='ltr'>l.</span> 
     </span>
     <span class='ocr_line' id='line_1_58' title="bbox 811 1632 1480 1682; baseline 0.001 -14"><span class='ocrx_word' id='word_1_274' title='bbox 811 1633 847 1668; x_wconf 91' lang='lat' dir='ltr'>in</span> <span class='ocrx_word' id='word_1_275' title='bbox 899 1632 986 1670; x_wconf 87' lang='lat' dir='ltr'>locis</span> <span class='ocrx_word' id='word_1_276' title='bbox 1029 1633 1168 1669; x_wconf 79' lang='lat' dir='ltr'>Kadom</span> <span class='ocrx_word' id='word_1_277' title='bbox 1215 1633 1252 1670; x_wconf 90' lang='lat' dir='ltr'>in</span> <span class='ocrx_word' id='word_1_278' title='bbox 1301 1634 1480 1682; x_wconf 82' lang='lat' dir='ltr'>gubernio</span> 
     </span>
     <span class='ocr_line' id='line_1_59' title="bbox 811 1688 1480 1740; baseline 0.001 -14"><span class='ocrx_word' id='word_1_279' title='bbox 811 1688 847 1726; x_wconf 87' lang='lat' dir='ltr'>T</span> <span class='ocrx_word' id='word_1_280' title='bbox 851 1690 1016 1736; x_wconf 87' lang='lat' dir='ltr'>ambow,</span> <span class='ocrx_word' id='word_1_281' title='bbox 1066 1690 1178 1740; x_wconf 73' lang='lat' dir='ltr'>Kacly</span> <span class='ocrx_word' id='word_1_282' title='bbox 1224 1691 1259 1726; x_wconf 92' lang='lat' dir='ltr'>in</span> <span class='ocrx_word' id='word_1_283' title='bbox 1301 1691 1480 1739; x_wconf 83' lang='lat' dir='ltr'>gubernio</span> 
     </span>
     <span class='ocr_line' id='line_1_60' title="bbox 812 1746 1479 1796; baseline 0.003 -13"><span class='ocrx_word' id='word_1_284' title='bbox 812 1747 1011 1783; x_wconf 78' lang='lat' dir='ltr'>Kostroma</span> <span class='ocrx_word' id='word_1_285' title='bbox 1024 1774 1034 1791; x_wconf 93' lang='lat'>‚</span> <span class='ocrx_word' id='word_1_286' title='bbox 1066 1746 1267 1783; x_wconf 50' lang='lat' dir='ltr'>Karina-ow</span> <span class='ocrx_word' id='word_1_287' title='bbox 1286 1748 1323 1784; x_wconf 90' lang='lat' dir='ltr'>in</span> <span class='ocrx_word' id='word_1_288' title='bbox 1344 1748 1479 1796; x_wconf 86' lang='lat' dir='ltr'>guber-</span> 
     </span>
     <span class='ocr_line' id='line_1_61' title="bbox 812 1803 1479 1853; baseline 0.001 -13"><span class='ocrx_word' id='word_1_289' title='bbox 812 1805 873 1840; x_wconf 90' lang='lat' dir='ltr'>nio</span> <span class='ocrx_word' id='word_1_290' title='bbox 887 1803 1086 1853; x_wconf 63' lang='lat' dir='ltr'>lVologda.</span> <span class='ocrx_word' id='word_1_291' title='bbox 1120 1804 1156 1841; x_wconf 87' lang='lat' dir='ltr'><em>T</em></span> <span class='ocrx_word' id='word_1_292' title='bbox 1155 1806 1288 1853; x_wconf 73' lang='lat' dir='ltr'>raspies</span> <span class='ocrx_word' id='word_1_293' title='bbox 1308 1805 1404 1841; x_wconf 89' lang='lat' dir='ltr'>idem</span> <span class='ocrx_word' id='word_1_294' title='bbox 1423 1817 1479 1841; x_wconf 91' lang='lat' dir='ltr'>re-</span> 
     </span>
     <span class='ocr_line' id='line_1_62' title="bbox 812 1861 1479 1910; baseline 0.001 -14"><span class='ocrx_word' id='word_1_295' title='bbox 812 1862 906 1910; x_wconf 86' lang='lat' dir='ltr'>perit</span> <span class='ocrx_word' id='word_1_296' title='bbox 938 1861 975 1896; x_wconf 90' lang='lat' dir='ltr'>in</span> <span class='ocrx_word' id='word_1_297' title='bbox 1012 1861 1092 1898; x_wconf 77' lang='lat' dir='ltr'>vico</span> <span class='ocrx_word' id='word_1_298' title='bbox 1128 1861 1274 1898; x_wconf 80' lang='lat' dir='ltr'>Trasna</span> <span class='ocrx_word' id='word_1_299' title='bbox 1310 1861 1479 1910; x_wconf 85' lang='lat' dir='ltr'>gubernii</span> 
     </span>
     <span class='ocr_line' id='line_1_63' title="bbox 812 1913 1479 1968; baseline 0.006 -15"><span class='ocrx_word' id='word_1_300' title='bbox 812 1917 971 1966; x_wconf 85' lang='lat' dir='ltr'>Kaluga.</span> <span class='ocrx_word' id='word_1_301' title='bbox 992 1940 1046 1944; x_wconf 97' lang='lat'><strong>—</strong></span> <span class='ocrx_word' id='word_1_302' title='bbox 1068 1918 1111 1954; x_wconf 84' lang='lat' dir='ltr'>In</span> <span class='ocrx_word' id='word_1_303' title='bbox 1132 1931 1215 1967; x_wconf 87' lang='lat' dir='ltr'>sqq.</span> <span class='ocrx_word' id='word_1_304' title='bbox 1235 1931 1303 1968; x_wconf 91' lang='lat' dir='ltr'>pro</span> <span class='ocrx_word' id='word_1_305' title='bbox 1326 1913 1479 1956; x_wconf 70' lang='grc' dir='ltr'><em>αὐτέων</em></span> 
     </span>
     <span class='ocr_line' id='line_1_64' title="bbox 813 1974 1479 2025; baseline 0.002 -15"><span class='ocrx_word' id='word_1_306' title='bbox 813 1987 891 2010; x_wconf 88' lang='lat' dir='ltr'>cum</span> <span class='ocrx_word' id='word_1_307' title='bbox 913 1974 1032 2011; x_wconf 84' lang='lat' dir='ltr'>Gaisf.</span> <span class='ocrx_word' id='word_1_308' title='bbox 1065 1979 1101 2012; x_wconf 89' lang='lat' dir='ltr'>et</span> <span class='ocrx_word' id='word_1_309' title='bbox 1133 1975 1314 2012; x_wconf 82' lang='lat' dir='ltr'>Matthiae</span> <span class='ocrx_word' id='word_1_310' title='bbox 1350 1975 1479 2025; x_wconf 86' lang='lat' dir='ltr'>scripsi</span> 
     </span>
     <span class='ocr_line' id='line_1_65' title="bbox 814 2026 1482 2082; baseline 0.003 -14"><span class='ocrx_word' id='word_1_311' title='bbox 814 2026 966 2077; x_wconf 72' lang='grc' dir='ltr'><em>αὖτοῖν,</em></span> <span class='ocrx_word' id='word_1_312' title='bbox 988 2032 1150 2081; x_wconf 87' lang='lat' dir='ltr'>itemque</span> <span class='ocrx_word' id='word_1_313' title='bbox 1169 2029 1263 2077; x_wconf 68' lang='grc' dir='ltr'><em>τούς</em></span> <span class='ocrx_word' id='word_1_314' title='bbox 1283 2031 1482 2082; x_wconf 77' lang='grc' dir='ltr'><em>βασιλέας,</em></span> 
     </span>
     <span class='ocr_line' id='line_1_66' title="bbox 813 2089 1479 2139; baseline 0.002 -15"><span class='ocrx_word' id='word_1_315' title='bbox 813 2093 989 2125; x_wconf 81' lang='lat' dir='ltr'>monente</span> <span class='ocrx_word' id='word_1_316' title='bbox 1018 2089 1152 2126; x_wconf 84' lang='lat' dir='ltr'>Struve</span> <span class='ocrx_word' id='word_1_317' title='bbox 1185 2089 1293 2139; x_wconf 87' lang='lat' dir='ltr'>Spec.</span> <span class='ocrx_word' id='word_1_318' title='bbox 1324 2089 1479 2132; x_wconf 83' lang='lat' dir='ltr'>Quaest.</span> 
     </span>
     <span class='ocr_line' id='line_1_67' title="bbox 814 2145 1479 2196; baseline 0.002 -15"><span class='ocrx_word' id='word_1_319' title='bbox 814 2145 861 2181; x_wconf 86' lang='lat' dir='ltr'>de</span> <span class='ocrx_word' id='word_1_320' title='bbox 896 2145 1039 2182; x_wconf 85' lang='lat' dir='ltr'>dialect.</span> <span class='ocrx_word' id='word_1_321' title='bbox 1075 2145 1216 2182; x_wconf 85' lang='lat' dir='ltr'>Herod.</span> <span class='ocrx_word' id='word_1_322' title='bbox 1241 2145 1274 2182; x_wconf 84' lang='lat' dir='ltr'>ll</span> <span class='ocrx_word' id='word_1_323' title='bbox 1305 2159 1391 2196; x_wconf 86' lang='lat' dir='ltr'>pag.</span> <span class='ocrx_word' id='word_1_324' title='bbox 1416 2148 1479 2186; x_wconf 88' lang='lat'>16.</span> 
     </span>
     <span class='ocr_line' id='line_1_68' title="bbox 816 2198 1484 2253; baseline 0.003 -16"><span class='ocrx_word' id='word_1_325' title='bbox 816 2201 937 2250; x_wconf 84' lang='lat' dir='ltr'>Vulgo</span> <span class='ocrx_word' id='word_1_326' title='bbox 984 2198 1078 2247; x_wconf 63' lang='lat' dir='ltr'>voig—</span> <span class='ocrx_word' id='word_1_327' title='bbox 1116 2203 1331 2253; x_wconf 73' lang='grc' dir='ltr'><em>βασιλῆας,</em></span> <span class='ocrx_word' id='word_1_328' title='bbox 1382 2203 1484 2240; x_wconf 85' lang='lat' dir='ltr'>cuius</span> 
     </span>
     <span class='ocr_line' id='line_1_69' title="bbox 815 2258 1485 2309; baseline 0.001 -15"><span class='ocrx_word' id='word_1_329' title='bbox 815 2258 895 2295; x_wconf 88' lang='lat' dir='ltr'>loco</span> <span class='ocrx_word' id='word_1_330' title='bbox 913 2258 970 2294; x_wconf 86' lang='lat' dir='ltr'>alii</span> <span class='ocrx_word' id='word_1_331' title='bbox 989 2264 1210 2309; x_wconf 83' lang='lat' dir='ltr'>receperunt</span> <span class='ocrx_word' id='word_1_332' title='bbox 1226 2260 1339 2296; x_wconf 88' lang='lat' dir='ltr'>Fabri</span> <span class='ocrx_word' id='word_1_333' title='bbox 1359 2272 1485 2297; x_wconf 88' lang='lat' dir='ltr'>emen-</span> 
     </span>
     <span class='ocr_line' id='line_1_70' title="bbox 816 2316 1485 2367; baseline 0.001 -16"><span class='ocrx_word' id='word_1_334' title='bbox 816 2316 1005 2353; x_wconf 88' lang='lat' dir='ltr'>dationem</span> <span class='ocrx_word' id='word_1_335' title='bbox 1026 2318 1100 2354; x_wconf 85' lang='grc' dir='ltr'>τοῦ</span> <span class='ocrx_word' id='word_1_336' title='bbox 1123 2317 1328 2367; x_wconf 79' lang='grc' dir='ltr'><em>βασιλῆος.</em></span> <span class='ocrx_word' id='word_1_337' title='bbox 1373 2317 1485 2354; x_wconf 86' lang='lat' dir='ltr'>Wes-</span> 
     </span>
     <span class='ocr_line' id='line_1_71' title="bbox 816 2371 1485 2422; baseline 0.001 -14"><span class='ocrx_word' id='word_1_338' title='bbox 816 2371 992 2422; x_wconf 85' lang='lat' dir='ltr'>selingius</span> <span class='ocrx_word' id='word_1_339' title='bbox 1021 2385 1062 2410; x_wconf 87' lang='lat' dir='ltr'>ac</span> <span class='ocrx_word' id='word_1_340' title='bbox 1085 2373 1258 2422; x_wconf 85' lang='lat' dir='ltr'>Schwgh.</span> <span class='ocrx_word' id='word_1_341' title='bbox 1280 2373 1485 2411; x_wconf 89' lang='lat' dir='ltr'>maluerunt</span> 
     </span>
     <span class='ocr_line' id='line_1_72' title="bbox 815 2425 1483 2480; baseline -0.001 -13"><span class='ocrx_word' id='word_1_342' title='bbox 815 2425 909 2475; x_wconf 74' lang='grc' dir='ltr'><em>τοῦς</em></span> <span class='ocrx_word' id='word_1_343' title='bbox 933 2430 1178 2480; x_wconf 79' lang='grc' dir='ltr'><em>βασιληίους.</em></span> <span class='ocrx_word' id='word_1_344' title='bbox 1209 2431 1376 2474; x_wconf 88' lang='lat' dir='ltr'>Quorum</span> <span class='ocrx_word' id='word_1_345' title='bbox 1393 2443 1483 2467; x_wconf 90' lang='lat' dir='ltr'>neu-</span> 
     </span>
     <span class='ocr_line' id='line_1_73' title="bbox 816 2487 1484 2533; baseline 0.001 -11"><span class='ocrx_word' id='word_1_346' title='bbox 816 2490 912 2522; x_wconf 87' lang='lat' dir='ltr'>trum</span> <span class='ocrx_word' id='word_1_347' title='bbox 945 2487 1091 2523; x_wconf 71' lang='lat' dir='ltr'>videtur</span> <span class='ocrx_word' id='word_1_348' title='bbox 1129 2488 1398 2533; x_wconf 84' lang='lat' dir='ltr'>necessarium,</span> <span class='ocrx_word' id='word_1_349' title='bbox 1445 2490 1484 2523; x_wconf 85' lang='lat' dir='ltr'>ut</span> 
     </span>
     <span class='ocr_line' id='line_1_74' title="bbox 816 2544 1483 2593; baseline 0 -14"><span class='ocrx_word' id='word_1_350' title='bbox 816 2548 918 2580; x_wconf 85' lang='lat' dir='ltr'>recte</span> <span class='ocrx_word' id='word_1_351' title='bbox 948 2544 1121 2581; x_wconf 67' lang='lat' dir='ltr'>observat</span> <span class='ocrx_word' id='word_1_352' title='bbox 1152 2544 1262 2581; x_wconf 83' lang='lat' dir='ltr'>Italus</span> <span class='ocrx_word' id='word_1_353' title='bbox 1292 2545 1483 2593; x_wconf 64' lang='lat' dir='ltr'>interpres</span> 
     </span>
     <span class='ocr_line' id='line_1_75' title="bbox 814 2599 1482 2652; baseline -0.004 -14"><span class='ocrx_word' id='word_1_354' title='bbox 814 2600 989 2649; x_wconf 84' lang='lat' dir='ltr'>Namque</span> <span class='ocrx_word' id='word_1_355' title='bbox 1027 2600 1069 2639; x_wconf 81' lang='grc' dir='ltr'>οἱ</span> <span class='ocrx_word' id='word_1_356' title='bbox 1096 2599 1276 2652; x_wconf 82' lang='grc' dir='ltr'><em>βασιλέες</em></span> <span class='ocrx_word' id='word_1_357' title='bbox 1314 2599 1482 2649; x_wconf 85' lang='lat' dir='ltr'>sequenti</span> 
     </span>
     <span class='ocr_line' id='line_1_76' title="bbox 813 2658 1482 2708; baseline -0.004 -14"><span class='ocrx_word' id='word_1_358' title='bbox 813 2670 961 2706; x_wconf 88' lang='lat' dir='ltr'>quoque</span> <span class='ocrx_word' id='word_1_359' title='bbox 1019 2670 1100 2708; x_wconf 87' lang='lat' dir='ltr'>cap.</span> <span class='ocrx_word' id='word_1_360' title='bbox 1152 2658 1263 2694; x_wconf 86' lang='lat' dir='ltr'>iidem</span> <span class='ocrx_word' id='word_1_361' title='bbox 1314 2658 1482 2693; x_wconf 86' lang='lat' dir='ltr'>dicuntur</span> 
     </span>
     <span class='ocr_line' id='line_1_77' title="bbox 813 2711 1480 2764; baseline 0 -14"><span class='ocrx_word' id='word_1_362' title='bbox 813 2714 994 2764; x_wconf 87' lang='lat' dir='ltr'>Scythae,</span> <span class='ocrx_word' id='word_1_363' title='bbox 1026 2715 1088 2763; x_wconf 90' lang='lat' dir='ltr'>qui</span> <span class='ocrx_word' id='word_1_364' title='bbox 1109 2715 1203 2751; x_wconf 89' lang='lat' dir='ltr'>infra</span> <span class='ocrx_word' id='word_1_365' title='bbox 1224 2714 1308 2760; x_wconf 88' lang='lat' dir='ltr'>(IV,</span> <span class='ocrx_word' id='word_1_366' title='bbox 1325 2716 1391 2755; x_wconf 81' lang='lat'>20.</span> <span class='ocrx_word' id='word_1_367' title='bbox 1414 2711 1480 2751; x_wconf 86' lang='lat'>56.</span> 
     </span>
     <span class='ocr_line' id='line_1_78' title="bbox 814 2766 1483 2822; baseline -0.01 -12"><span class='ocrx_word' id='word_1_368' title='bbox 814 2771 878 2812; x_wconf 88' lang='lat'>59-</span> <span class='ocrx_word' id='word_1_369' title='bbox 915 2771 1016 2819; x_wconf 81' lang='lat'>121)</span> <span class='ocrx_word' id='word_1_370' title='bbox 1055 2766 1283 2822; x_wconf 79' lang='grc' dir='ltr'><em>βασιλήιοι,</em></span> <span class='ocrx_word' id='word_1_371' title='bbox 1325 2783 1352 2806; x_wconf 89' lang='lat' dir='ltr'>s.</span> <span class='ocrx_word' id='word_1_372' title='bbox 1388 2769 1483 2817; x_wconf 77' lang='lat' dir='ltr'>regii</span> 
     </span>
     <span class='ocr_line' id='line_1_79' title="bbox 816 2826 984 2877; baseline -0.006 -13"><span class='ocrx_word' id='word_1_373' title='bbox 816 2826 984 2877; x_wconf 69' lang='lat' dir='ltr'>Scythae.</span> 
     </span>
    </p>
   </div>
  </div>
 </body>
</html>
