1863 3256
106 472 301 505 populorum:

65 505 162 532 Tauri
179 506 343 540 naufragos

65 538 221 565 immolant
266 540 343 580 lphi-

65 572 188 605 geniae:
213 572 340 600 hostium

66 606 343 643 occisorumcapita
373 589 746 644 Ωκαταρξάμενοι,
798 588 973 646 ῥοπάλῳ
1011 592 1191 634 παίουσι
1231 590 1310 648 τήν
1350 590 1563 648 κεφαλήν·

397 128 481 167 472
798 128 1269 167 HERODOTI

395 235 467 278 καὶ
498 237 710 289 Νευρῶν,
750 238 821 280 καὶ
845 236 1180 292 Ἀνδροφάγων,
1211 237 1283 279 καὶ
1313 237 1663 290 Μελαγχλαίνων,

396 306 469 350 καὶ
506 310 742 356 Γελωνῶν,
795 308 866 349 καὶ
906 309 1157 358 Βουδίνων,
1212 307 1285 350 καὶ
1326 307 1663 362 Σαυροματέων.

239 375 337 419 103
403 376 585 420 Τούτων
632 383 800 430 Ταῦροι
844 377 923 432 μὲν
971 375 1148 432 νόμοισι
1192 378 1400 420 τοιοισίδε
1446 377 1663 433 χρέωνται.
1681 385 1721 418 15

88 437 190 464 Mores
215 438 320 466 borum

400 449 564 492 θύουσι
585 449 664 503 μὲν
688 451 741 503 τῇ
767 446 986 504 Παρθένῳ
1005 447 1109 498 τούς
1132 464 1175 490 τε
1196 447 1440 504 ναυηγοὺς,
1471 451 1544 493 καὶ
1563 449 1668 501 τούς

553 733 667 782 Cap.
698 732 796 769 Clll.

408 784 570 829 Τούτων
596 790 746 839 Ταῦροι
771 785 844 839 μὲν
869 785 1004 840 νόμοι-

347 859 385 886 σι
423 845 611 885 τοιοισίὸε
649 843 861 896 χρέωνται]
931 845 1005 882 Pro

343 901 534 997 ἔρέᾟνταῖ
559 915 651 996 ung?
676 899 1005 999 Ilixoeggoeoigom

369 973 414 996 au
461 972 519 997 ma
534 972 566 996 e.
647 987 654 995 .
715 973 717 977 ¹
815 985 824 994 .
939 970 1006 994 au-

343 1029 400 1053 ros
418 1016 507 1053 istos
528 1015 699 1064 reliquias
721 986 833 1052 tuisse
847 987 1009 1052 C’i’mme-

343 1074 480 1110 riorum
513 1085 535 1109 a
565 1071 710 1121 Scythis
751 1071 834 1108 olim
875 1071 1009 1108 finibus

347 1129 422 1166 suis
454 1127 664 1180 pulsorum,
706 1127 897 1178 probabile
925 1128 1009 1165 fecit

347 1186 533 1223 Gatterer.
546 1185 753 1222 Comment.
764 1184 899 1222 Societ.
912 1185 1007 1232 Reg.

347 1242 520 1291 Gotting.
540 1240 624 1278 Vol.
646 1241 698 1277 XI
719 1255 754 1291 p.
784 1241 881 1287 140,
921 1253 1009 1291 pro-

345 1298 457 1335 bante
479 1298 641 1335 Heeren.
671 1297 709 1333 in
739 1298 850 1334 ldeen
873 1301 939 1334 etc.
964 1296 1010 1334 T.

346 1354 362 1390 l
389 1366 476 1404 pag.
509 1355 591 1395 888
624 1353 677 1404 [1,
707 1355 734 1393 2
757 1366 841 1404 pag.
863 1353 1009 1402 271].“

351 1409 612 1458 Scliwez‘gli.
643 1410 703 1447 Tu
721 1411 806 1446 add.
827 1409 1010 1447 Mannert.

349 1466 399 1503 lv
418 1480 454 1517 p.
481 1469 572 1506 106.
613 1466 666 1503 Ac
686 1466 777 1503 tales
801 1466 1010 1503 Cimmerios

348 1522 396 1559 ab
424 1521 605 1570 Aeschylo
644 1522 797 1559 indicari
825 1522 1010 1559 Prometh.

349 1578 444 1619 420.
462 1581 544 1619 716
565 1579 750 1616 existimat
769 1578 936 1615 Volcker.
948 1578 969 1615 l.
987 1577 1009 1614 l.

331 1647 436 1685 pag.
462 1636 545 1675 208
567 1634 646 1671 coll.
672 1636 765 1677 209.
824 1632 858 1670 A
889 1634 1010 1683 gentis

351 1690 587 1738 crudelitate,
626 1703 735 1740 quam
760 1692 870 1729 refert
889 1692 1010 1728 Hero-

351 1748 483 1795 dotus,
511 1760 584 1784 non
604 1747 826 1794 abhorrent,
847 1761 941 1797 quae
963 1748 1011 1784 si-

350 1803 450 1841 milia
482 1803 571 1840 alias
602 1805 701 1854 apud
735 1810 865 1853 gentes
903 1804 1011 1841 litora

349 1860 551 1898 incolentes
571 1861 844 1910 naufragosque
866 1864 903 1898 et
925 1861 1012 1897 diri-

350 1917 494 1968 pientes
511 1921 548 1954 et
570 1916 828 1955 interficientes
848 1918 1012 1954 obtinere

352 1974 531 2011 dicuntur.
582 1973 683 2011 Idem
712 1975 842 2011 asserit
859 1974 1013 2012 Diodor.

352 2030 416 2077 lV,
438 2029 493 2070 44
525 2025 651 2078 (θύεν
681 2025 875 2082 Ἀρτέμιδι
903 2030 1012 2068 Tav—

352 2082 507 2140 ροπὸλῳ
571 2083 665 2133 τούς
722 2085 1015 2134 καταπλέοντας

354 2141 537 2191 ξένους),
577 2155 620 2180 ac
648 2142 746 2180 Mela
776 2144 829 2192 11,
864 2146 909 2191 1,
951 2144 1015 2181 ubi

353 2198 457 2248 plura
478 2199 586 2236 affert
606 2200 654 2237 de
682 2201 800 2238 saevis
827 2200 882 2237 his
903 2201 1014 2237 sacri-

353 2255 442 2291 ficiis
466 2255 501 2291 T
504 2255 686 2294 zschucke
713 2258 750 2293 in
770 2261 860 2294 nott.
880 2270 1011 2306 exegg.

355 2310 435 2347 vol.
461 2311 508 2348 lIl
533 2311 573 2347 P.
600 2312 631 2348 ΙΙ
655 2326 739 2363 pag.
765 2315 830 2354 53.
890 2313 1013 2351 Nasa-

353 2380 498 2403 monum
528 2368 695 2419 exemplo
723 2370 835 2406 utitur
855 2369 1010 2406 Rennel.

352 2435 437 2473 pag.
460 2425 552 2464 418.
586 2424 740 2460 Videtur
761 2431 919 2471 „autem
942 2427 1012 2462 ista

351 2479 577 2529 potissimum
637 2479 918 2529 (Valckenaerii
971 2487 1012 2517 ut

353 2540 433 2572 utar
458 2536 603 2583 verbis)
638 2536 835 2573 inhumana
865 2537 1012 2573 'sauro-

351 2605 429 2628 rum
449 2592 644 2629 crudelitas
664 2593 853 2640 effecisse,
884 2601 922 2629 ut
946 2594 1013 2630 hoc

351 2651 562 2698 praesertim
591 2650 738 2686 nomine
755 2650 913 2699 Scythae
934 2651 1011 2686 fue—

353 2706 423 2741 rint
442 2717 463 2741 a
486 2705 641 2742 Graecis
666 2706 701 2741 in
722 2706 930 2743 universum
958 2707 1012 2742 in-

353 2761 488 2798 famati.
524 2763 562 2798 ln
574 2762 725 2799 diversis
741 2762 911 2811 gentibus
923 2762 1013 2811 Scy-

401 520 459 563 ἂν
496 517 662 574 λάβωσι
689 516 905 574 Ἑλλήνων
935 518 1281 575 ἐπαναχθέντας,
1320 519 1468 577 τρόπῳ
1492 523 1665 579 τοιῷδε·
1844 568 1846 572 ,

1625 593 1669 635 οἱ
1730 591 1848 644 328ss

1062 734 1164 770 thicis
1202 735 1273 771 tria
1312 735 1541 785 potissimum
1580 735 1722 773 obtine-

1063 791 1175 836 bant,
1200 803 1295 840 quae
1317 803 1464 840 prorsus
1489 791 1725 829 abhorrerent

1063 846 1109 882 ab
1119 846 1377 883 humanissima
1387 847 1610 885 Graecorum
1622 861 1724 885 man-

1063 903 1281 950 suetudine,
1322 899 1364 941 τὸ
1394 903 1650 951 ξενοθυτεῖν,
1679 901 1724 943 τό

1064 953 1408 1010 οἷνθρωποφαγεῖν
1437 958 1514 1015 ψκαὶ
1555 956 1599 999 vo*
1641 964 1724 1007 τοῖς

1065 1016 1246 1066 κρανίοις
1290 1010 1493 1065 ἐκπώμασι
1535 1018 1722 1066 χρᾶσθαι.

1064 1073 1150 1109 Vid.
1180 1072 1313 1109 Strabo
1336 1072 1401 1109 Vll
1434 1086 1470 1122 p.
1503 1075 1585 1113 298
1611 1073 1657 1110 D.
1694 1086 1722 1110 s.

1065 1127 1147 1169 458
1167 1128 1208 1165 A.
1229 1132 1267 1166 et
1289 1130 1370 1169 300
1389 1129 1433 1168 B.
1461 1141 1490 1166 s,
1510 1129 1592 1170 460
1613 1130 1655 1167 Β.
1687 1134 1724 1168 et

1065 1185 1206 1222 Elsner.
1234 1186 1411 1222 Observv.
1435 1185 1471 1222 in
1491 1184 1563 1236 Ep.
1582 1186 1630 1224 ad
1650 1186 1725 1224 Co-

1065 1241 1150 1279 loss.
1171 1242 1234 1289 ΙΙΙ,
1257 1243 1354 1282 11.“

1122 1294 1275 1336 θύουσι
1309 1295 1381 1348 μὲν
1419 1299 1469 1350 τῇ
1504 1296 1724 1351 Παρθένῳ]

1066 1353 1295 1404 Iphigeniam
1339 1353 1489 1403 intelligi
1531 1357 1725 1404 sequentia

1066 1412 1179 1448 verba
1209 1411 1423 1448 ostendunt.
1482 1410 1530 1447 Et
1565 1412 1725 1461 pertinet

1068 1465 1136 1504 hue
1165 1480 1298 1504 nomen
1326 1464 1597 1518 Ταυροπόλος,
1634 1468 1725 1505 Dia-

1067 1536 1137 1561 nae
1165 1523 1273 1571 vulgo
1303 1524 1403 1572 quod
1437 1524 1630 1570 tribuitur3
1677 1525 1725 1562 de

1068 1593 1142 1629 quo
1169 1580 1372 1616 Creuzerus
1411 1579 1499 1617 locis
1535 1593 1618 1617 mox
1647 1579 1725 1618 lau—

1068 1636 1279 1673 ‹landis.—-
1294 1636 1335 1672 ln
1354 1649 1457 1685 seqq.
1475 1635 1725 1686 ἐπαναχθέν-

1067 1708 1135 1738 τας
1150 1692 1258 1741 vulgo
1271 1693 1448 1730 reddunt:
1472 1693 1606 1730 delatos
1626 1694 1726 1731 illuc.

1069 1749 1190 1793 Quam
1212 1750 1514 1798 significationem
1538 1763 1650 1799 quum
1667 1751 1725 1788 vix

1068 1806 1262 1844 admittere
1280 1806 1447 1843 videatur
1466 1807 1615 1844 verbum
1634 1805 1724 1845 ἐπα-

1069 1858 1231 1914 νάγειν,
1270 1862 1476 1911 Schweigh.
1509 1864 1726 1914 suspicatur,

1069 1920 1240 1969 scriptum
1263 1919 1375 1956 fuisse
1403 1915 1725 1970 ἀπενειχθέντας,

1069 1976 1240 2025 quoniam
1262 1970 1481 2026 οἷποφέρειν
1508 1981 1547 2013 et
1577 1971 1727 2026 οἷποφέ-

1071 2036 1213 2083 ρεσθαι
1240 2031 1306 2068 hac
1329 2032 1593 2081 significatione
1616 2035 1728 2070 usita-

1069 2094 1158 2125 tum.
1200 2088 1309 2125 conf.
1329 2088 1385 2136 ll,
1416 2088 1496 2130 114
1520 2090 1607 2139 ibiq.
1633 2094 1727 2127 nott.

1070 2144 1135 2192 IV,
1160 2144 1584 2186 151.152.164.179.

1126 2197 1429 2252 καταρξάμενοι]
1461 2200 1559 2239 Male
1583 2201 1620 2239 in
1641 2202 1725 2251 qui-

1070 2258 1223 2295 busdam
1279 2253 1585 2307 κατευξάμενοι,
1645 2271 1725 2295 cum

1070 2326 1198 2351 sensus
1226 2314 1292 2359 sit,
1344 2315 1542 2363 interprete
1572 2314 1727 2352 Valcke-

1069 2371 1212 2407 naerio:
1257 2372 1475 2420 „auspicati
1494 2370 1593 2408 velut
1625 2371 1726 2407 victi-

1069 2439 1188 2472 mam,
1233 2426 1335 2462 clava
1363 2430 1470 2477 caput
1498 2429 1727 2476 percutz'unt5

1069 2495 1144 2519 non
1164 2487 1201 2518 ut
1224 2483 1379 2529 Gracci,
1410 2484 1471 2532 qui
1490 2484 1603 2520 cultro
1625 2483 1726 2521 victi-

1069 2551 1162 2575 mam
1204 2538 1437 2575 immolationi
1468 2540 1726 2588 designabant.

1070 2595 1162 2630 Huic
1189 2595 1442 2632 adfirmandae
1474 2596 1617 2633 lectioni
1652 2598 1727 2633 suf-

1069 2651 1165 2687 ficiet
1194 2651 1249 2687 xel
1282 2652 1405 2688 unicus
1434 2652 1531 2689 locus
1560 2653 1724 2703 Euripid.

1069 2707 1233 2755 Iphigen.
1265 2708 1299 2744 in
1331 2708 1444 2745 Taur.
1477 2708 1604 2756 1154,
1653 2722 1726 2758 quo

1070 2763 1277 2801 Taurorum
1319 2778 1381 2802 rex
1412 2764 1539 2802 Thoas
1578 2766 1726 2803 comites

1839 193 1842 219 l

1840 244 1842 263 l

1841 336 1843 360 Ι

1841 378 1843 404 l

1842 417 1843 433 l

1845 653 1848 708 l
