1863 3256
458 139 1025 184 MELPOMENE.

1086 140 1148 178 IV.
1357 146 1440 184 365

139 257 403 313 ΞΘυγατὲρα
440 255 526 310 γοὶρ
557 252 779 308 Ζωπύρου
818 255 899 296 τοῦ
929 247 1197 306 Μεγαβύζου
1239 249 1440 305 ἐβιήσατο

168 328 415 382 παρθένον·
455 326 599 370 ἔπειτα
629 324 862 379 μέλλοντος
891 320 1031 366 αὐτοῦ
1061 322 1132 364 διιὶ
1169 320 1334 377 ταύτην
1363 321 1443 377 τὴν

169 401 311 454 αἰτίην
347 396 762 441 ἀνασκολοπιεῖσθαι
799 394 885 438 ὑπὸ
925 393 1095 446 Ξέρξεω
1142 393 1369 448 βασιλέος,
1410 392 1468 448 ήι

169 469 307 526 μήτηρ
352 471 432 510 τοῦ
485 466 764 519 Σατάσπεος,
820 467 952 510 ἐοῦσα
997 466 1191 520 Δαρείου
1237 463 1440 520 ἀδελφεή,

167 538 490 594 παραιτήσατο,
525 539 647 592 φᾶσά
678 542 721 581 οἱ
751 536 863 593 αὕτη
893 539 1002 592 μέζω
1035 539 1186 593 ζημίην
1217 536 1442 590 ἐπιθήσειν

169 611 276 666 ἤπερ
324 610 512 651 ἐκεῖνον·

574 607 747 663 Λιβύην
790 606 874 662 γάρ
923 609 966 650 οἵ
1014 607 1214 664 ἀνάγκην
1267 608 1444 651 ἔσεσθαι

168 678 452 735 περιπλώειν,
486 679 528 730 ές
557 678 582 722 ὃ
607 677 663 721 ἂν
681 677 911 734 ἀπίκηται,
940 680 1185 733 περιπλέων
1206 677 1367 734 αὐτήν,
1400 679 1443 729 ές

138 750 249 795 Βτὸν
283 749 491 806 Ἀράβιον
532 749 713 794 κόλπον.

778 748 1145 806 συγχωρήσαντος
1182 750 1225 793 δὲ
1266 752 1470 804 Ξέρξεωό

167 822 238 866 ἐπὶ
265 823 483 876 τούτοισι,
514 820 538 866 ὁ
569 821 807 878 Σατάσπης
837 820 1101 876 ἀπικόμενος
1131 823 1173 872 ές
1202 825 1442 877 Αἴγυπτον,

166 895 240 939 καὶ
269 894 419 950 λαβών
448 893 525 937 νέα
556 911 599 938 τε
630 894 704 937 καὶ
735 891 900 942 ναύτας
929 894 1048 947 παρά
1089 893 1282 946 τούτων,
1323 894 1444 937 ἔπλεε

138 971 158 1005 4
169 965 287 1020 παρὰ
314 964 577 1022 ’Πρακληΐας
607 964 775 1021 στήλας.

836 964 1105 1015 διεκπλώσας
1136 966 1202 1015 δὲ,
1233 966 1307 1008 καὶ
1335 964 1443 1020 κάμ-

167 1045 254 1089 ψας
283 1036 332 1081 τὸ
358 1036 637 1094 ἀκρωτήριον
660 1041 735 1093 τῆς
761 1036 949 1094 Λιβύης,
981 1040 1042 1093 τῷ
1069 1035 1242 1090 οὕνομα
1264 1036 1444 1088 Σολόεις
1461 1044 1502 1076 10

168 1109 282 1162 ἐστὶ,
315 1110 435 1152 ἔπλεε
464 1108 574 1163 πρὸς
594 1110 891 1165 μεσαμβρίην·
927 1107 1118 1162 περήσας
1143 1107 1189 1150 δὲ
1210 1106 1444 1151 θάλασσαν

166 1179 335 1236 πολλὴν
365 1181 413 1223 ἐν
442 1185 644 1223 πολλοῖσι
674 1178 847 1234 μήνεσι,
878 1178 968 1221 ἐπεί
987 1194 1031 1221 τε
1051 1181 1131 1220 τοῦ
1152 1182 1342 1229 πλεῦνος
1362 1180 1445 1222 αἰεὶ

138 1251 281 1301 5ἔδεε,
312 1248 591 1304 ἀποστρέψας
621 1248 782 1301 ὀπίσω,
814 1247 997 1292 ἀπέπλεε
1027 1249 1069 1300 ές
1091 1251 1326 1303 Αἴγυπτον.
1372 1248 1444 1292 Ἐκ

170 1320 216 1365 δὲ
245 1320 407 1378 ταύτης
437 1320 701 1378 ἀπικόμενος
737 1321 858 1375 παρὰ
889 1321 1071 1376 βασιλέα
1101 1320 1287 1375 Ξέρξεα,
1331 1320 1447 1377 ἔλεγε

170 1391 258 1448 φας
277 1391 330 1435 τοὶ
348 1393 616 1450 προσωτάτω
642 1392 911 1448 ἀνθρώπους
932 1391 1145 1448 σμικροὺς
1164 1393 1446 1447 παραπλέειν,
1462 1399 1503 1432 15

169 1464 320 1520 ἐσθῆτι
370 1468 599 1522 φοινικηίῃ
650 1465 1014 1521 διαχρεωμένους·
1066 1467 1129 1516 οἳ,
1170 1463 1284 1515 ὅκως
1324 1469 1448 1519 σφεῖς

169 1538 431 1594 καταγοίατο
462 1542 516 1594 τῇ
545 1538 639 1593 νηῒ,
671 1536 916 1592 φεύγεσκον
944 1535 1055 1590 πρὸς
1081 1535 1134 1578 τὰ
1166 1535 1331 1589 οὔρεα,
1363 1537 1447 1579 λεί-

169 1623 325 1659 ποντες
353 1607 430 1659 τὰς
457 1607 639 1660 πόλιας·
687 1608 812 1652 αὐτοὶ
844 1608 890 1652 δὲ
927 1607 1114 1653 ἀδικέειν
1145 1605 1279 1651 οὐδὲν
1308 1606 1446 1652 ἐσιόν-

171 1762 321 1815 ναύτας
352 1763 460 1818 παρὰ
489 1761 660 1818 τούτων]
709 1766 779 1804 Ae-

113 1826 258 1876 gyptz‘i,
313 1826 466 1876 opinor,
526 1822 778 1872 intelliguntur

114 1886 270 1928 nautae,
311 1894 332 1918 a
361 1881 492 1931 quibus
521 1885 558 1919 et
586 1893 716 1917 navem
741 1885 778 1918 et

114 1943 244 1977 nautas
265 1939 460 1988 acceperit.
499 1933 652 1976 τούτων
676 1937 776 1974 exhi-

115 1996 174 2032 bui
196 2009 276 2032 cum
293 1995 410 2032 Gaisf.
429 2007 497 2045 pro
519 1992 700 2033 τουτέων.
724 2018 775 2023 -

114 2052 173 2090 De
195 2051 357 2089 Soloente
377 2053 648 2102 promontorio,
677 2052 778 2100 quod

114 2108 317 2147 Rennelius
350 2122 436 2160 pag.
462 2109 555 2149 567.
582 2108 688 2155 704,
729 2109 779 2145 ad

114 2167 404 2216 promontorium
452 2164 594 2203 Kantin
653 2165 779 2211 refert,

116 2223 270 2260 diximus
302 2224 351 2260 ad
374 2223 421 2270 ΙΙ,
451 2224 517 2263 32.
546 2244 602 2249 -
635 2218 779 2272 μήνεσι

116 2292 194 2316 cum
209 2284 363 2317 recentt.
378 2280 461 2318 edd.
475 2279 561 2317 dedi
580 2291 647 2330 pro
670 2279 777 2329 μησί.

117 2335 174 2372 Cf.
193 2336 293 2385 VllI,
314 2336 381 2377 51.

174 2391 259 2432 ἐπεί
298 2408 337 2432 τε
372 2395 447 2432 τοῦ
488 2394 660 2438 πλεῦνος
700 2390 778 2430 αἰεὶ

119 2445 214 2498 ἔδεε]
262 2451 284 2486 i.
316 2462 347 2488 e.
387 2463 463 2487 cum
499 2462 631 2499 semper
665 2452 778 2487 maior

114 2517 202 2554 pars
229 2505 407 2556 (itineris)
429 2506 547 2544 adhuc
566 2506 716 2554 deesset,
747 2520 777 2544 s.

118 2574 199 2598 cum
222 2563 335 2599 maior
357 2577 502 2614 semper
530 2564 669 2601 itineris
690 2576 778 2614 pars

119 2623 330 2667 superesset
359 2621 596 2657 conficienda.
633 2641 685 2647 -·
717 2620 777 2657 Ad

119 2669 376 2726 ἀποστρέψας
397 2671 522 2715 ὀπίσω
546 2678 590 2713 cf.
618 2677 691 2726 ΙΙΙ,
724 2679 775 2718 16

118 2731 207 2779 ibiq.
255 2735 350 2768 nott.
389 2752 444 2758 —
492 2732 654 2782 βασιλέα
694 2747 774 2771 cum

119 2787 236 2824 Gaiss.
263 2788 410 2838 reposui
427 2801 493 2838 pro
515 2790 697 2840 βασιλῆα.
718 2811 774 2817 -

837 1766 878 1804 In
900 1766 1081 1804 locutione
1112 1764 1216 1816 ἔλεγε
1245 1762 1328 1815 φάς
1350 1780 1396 1804 ne
1414 1766 1502 1804 hae-

835 1836 1006 1870 reamus,
1041 1824 1134 1860 conf.
1162 1823 1223 1869 ΙΙΙ,
1248 1825 1336 1865 156.
1370 1824 1414 1870 V,
1436 1825 1502 1864 36.

835 1878 901 1920 49.
935 1880 1086 1918 Weiske
1116 1882 1162 1918 de
1190 1880 1392 1931 pleonasm.
1412 1880 1500 1929 ling.

836 1937 900 1973 Gr.
929 1951 966 1987 p.
1003 1940 1094 1979 112.
1134 1936 1189 1974 Ae
1215 1937 1499 1986 Schweighaeu-

835 2006 938 2031 serus
966 1995 1086 2032 inesse
1110 1995 1162 2030 ait
1185 2007 1266 2031 eam
1292 1995 1384 2042 vim,
1425 1995 1498 2044 qua

835 2051 958 2088 valeat
975 2053 1133 2100 perrexit
1154 2050 1276 2088 (licere.

893 2107 1035 2155 ἐσθῆτι
1068 2108 1278 2161 φοινικηίῃ
1313 2107 1499 2157 διαχρεω-

837 2162 997 2215 μένους]
1029 2164 1233 2202 Lareherus
1251 2164 1405 2213 intelligi
1426 2164 1500 2200 vult

836 2235 910 2258 non
926 2235 1128 2271 purpureas
1146 2225 1268 2269 vestes,
1296 2227 1334 2258 ut
1352 2221 1497 2270 reliqui,

836 2279 902 2315 sed
932 2282 1041 2314 vestes
1069 2291 1086 2314 e
1106 2278 1250 2328 palmae
1283 2280 1410 2315 cortice
1441 2277 1495 2314 vel

827 2334 932 2385 soliis
971 2334 1167 2385 confectas,
1235 2334 1363 2384 quales
1414 2333 1500 2371 olim

835 2391 1146 2430 Anachoretarum
1158 2392 1302 2430 fuerint.
1312 2413 1368 2419 —
1380 2386 1499 2429 κατοί-

835 2453 980 2500 γεσθαι
1003 2450 1075 2499 νηῒ
1097 2454 1152 2487 est
1174 2450 1261 2486 navi
1281 2449 1331 2485 ad
1357 2452 1499 2493 terram,

837 2506 886 2542 ad
914 2506 999 2542 litus
1030 2506 1227 2556 appellere,
1264 2512 1305 2543 ut
1323 2506 1427 2552 Vlll,
1459 2507 1497 2544 4.

836 2563 877 2599 ln
896 2575 1001 2612 seqq.
1025 2563 1168 2600 exhibui
1192 2559 1364 2608 ἐσιόντες
1379 2591 1389 2608 ,
1417 2574 1498 2599 cum

834 2620 899 2656 sit:
952 2621 1149 2666 intrantes,
1188 2621 1280 2657 intro
1311 2619 1359 2655 ad
1396 2618 1498 2654 urbes

833 2676 976 2713 aedesve
1005 2677 1221 2714 accedentes.
1247 2697 1300 2704 —-
1318 2671 1499 2725 πρόβατα

833 2734 920 2782 quid
952 2734 1046 2781 sint,
1093 2734 1201 2782 attigi
1240 2733 1288 2769 ad
1328 2732 1364 2777 Ι,
1408 2731 1498 2770 133.

830 2790 885 2838 ΙΙ,
915 2788 981 2830 41.
