1863 3256
419 167 503 207 340

819 167 1291 207 HERODOTl

393 273 475 318 2τὸ
504 273 616 330 πρὸς
648 274 830 333 ἑσπέρης
858 276 1077 320 ἑκαστάτω
1112 277 1180 321 ἐπὶ
1208 276 1285 319 τὸν
1313 273 1507 331 Ἀδρίην·
1539 275 1685 319 ἐνθεῦ-

421 360 495 388 τεν
535 345 581 389 δὲ
625 345 736 403 πρὸς
782 349 1054 404 μεσαμβρίην
1095 345 1438 403 προπεμπόμενα
1483 345 1687 401 πρώτους
1751 353 1832 392 295

426 418 724 468 Δωδωναίους
752 415 971 473 Ἑλλήνων
1017 417 1241 460 δέκεσθαι·

368 553 456 603 ipsis
488 549 735 602 Hyperboreis
777 549 913 586 tradita
948 547 1028 585 Ari-

369 609 522 659 maspis,
540 609 624 645 dein
647 606 695 641 ad
715 605 909 642 Issedones
928 610 962 642 et
980 606 1026 642 ab

371 664 603 701 lssedonibus
625 662 840 712 perveniunt
865 662 914 698 ad
936 662 1027 711 Sey-

368 721 470 765 thas,
502 720 563 768 qui
585 731 630 755 ea
649 718 813 767 Sinopen
837 718 1027 763 adferunt3

369 776 466 813 unde
486 788 506 811 a
527 774 679 811 Graecis
696 773 843 810 Prusias
865 774 946 822 (qui
961 773 1027 810 At—

368 833 462 869 ticae
493 829 679 868 orientalis
708 833 763 866 est
788 842 905 878 pagus
928 843 948 867 e
970 842 1027 866 re-

367 889 478 936 gione
489 886 683 933 Euboeae)
703 884 837 930 delata,
856 886 902 922 ab
915 885 1026 922 Athe-

367 943 554 981 niensibus
568 943 702 981 Delum
718 945 1025 992 transportantur.

368 1000 475 1044 Quae
491 1000 572 1050 ipsa
583 998 823 1036 Athenienses
843 1010 1026 1035 commen-

368 1060 425 1093 tos
449 1068 529 1093 esse
558 1056 587 1092 si
612 1060 770 1101 statuas,
809 1067 856 1091 ne
880 1054 1026 1090 honoris

368 1112 460 1149 illius
485 1116 609 1149 essent
628 1115 817 1162 expertes,
848 1111 943 1147 iusto
963 1124 1027 1147 au-

368 1169 496 1206 dacius
529 1169 598 1205 hoc
618 1167 894 1219 pronuntiatum
919 1168 1025 1204 vide-

368 1230 429 1262 tur
449 1225 654 1262 Schubarto
678 1224 698 1261 l.
720 1223 740 1260 Ι.
769 1236 854 1274 pag.
871 1223 937 1264 46.
958 1222 1026 1270 47,

368 1282 432 1331 qui
459 1282 540 1332 ipse
567 1281 770 1318 Pausaniae
799 1280 916 1316 locum
945 1293 1026 1316 cor-

369 1341 514 1389 ruptum
553 1337 699 1374 iudicat.
769 1336 901 1385 Neque
940 1349 1025 1373 vero

368 1394 437 1431 hoc
457 1395 537 1444 ipso
557 1393 706 1430 multum
722 1392 923 1439 lucramur,
962 1406 1027 1430 ne-

367 1463 441 1500 que
465 1463 523 1497 e0‚
541 1451 643 1499 quod
662 1449 868 1498 Schweigh.
887 1450 1027 1496 statuit,

369 1506 459 1544 haec
476 1506 659 1557 pertinere
680 1507 729 1542 ad
751 1506 810 1551 id,
849 1506 948 1554 quod
971 1506 1026 1542 in-

367 1562 536 1612 sequenti
576 1567 741 1612 tempore
771 1562 849 1599 fieri
882 1561 1025 1598 solitum

343 1660 346 1665 .
367 1618 508 1656 Noster
532 1623 662 1668 postea
685 1618 819 1655 tradit:
871 1616 956 1657 ἐπεὶ
983 1614 1026 1656 δὲ

365 1678 468 1714 τοῖσι
486 1672 782 1726 Ὑπερβορέοισι
804 1670 898 1720 τούς
926 1669 1027 1713 ἄπο-

365 1729 626 1782 πεμφθέντας
647 1745 681 1769 κ.
701 1746 731 1769 τ.
750 1733 783 1768 λ.
823 1731 928 1775 Quae
945 1744 1025 1768 cum

368 1789 422 1825 ita
452 1788 547 1835 sint,
588 1788 688 1825 haud
718 1787 791 1824 seio
819 1799 867 1824 an
899 1787 1027 1825 Delio-

367 1857 447 1882 rum
466 1845 585 1883 famae
605 1844 687 1895 plus
706 1844 937 1881 tribuendum
964 1844 1026 1891 sit,

367 1913 593 1950 quamquam
622 1905 853 1950 quantopere
876 1901 913 1937 in
940 1899 1024 1937 tali-

367 1958 434 1995 bus
466 1958 594 2006 variari
633 1956 770 2003 soleat,
812 1956 911 1993 haud
943 1969 1023 1994 sum

363 2014 509 2051 inscius.
554 2013 689 2063 Neque
708 2013 855 2050 omnino
875 2014 954 2051 viae
976 2013 1022 2050 ab

364 2069 556 2108 Herodoto
589 2070 792 2118 indicatae,
839 2070 913 2119 qua
940 2069 1022 2119 Hy-

364 2127 627 2176 perboreorum
663 2127 737 2163 sint
771 2125 884 2163 allata
913 2126 1023 2173 dona,

364 2182 514 2220 multum
549 2183 783 2220 tribuendum
811 2183 951 2220 censuit
977 2182 1022 2219 C.

365 2239 412 2275 O.
445 2239 588 2277 Miiller.
620 2239 640 2275 Ι.
671 2239 716 2287 Ι.,
758 2239 819 2288 qui
848 2238 899 2275 nil
925 2238 1024 2276 aliud

364 2294 450 2332 inde
485 2295 604 2344 colligi
641 2308 750 2345 posse
788 2299 915 2345 putat,
954 2296 1022 2332 nisi

364 2351 465 2399 quod
492 2357 591 2388 arcte
618 2351 701 2388 olim
733 2351 829 2388 hunc
845 2351 1022 2402 Apollinis

363 2419 430 2456 per
461 2407 652 2444 Graeciam
679 2407 814 2444 cultum
843 2421 922 2444 cum
955 2407 1022 2444 hu-

361 2463 417 2499 ius
436 2462 620 2512 religionis
647 2463 794 2499 sedibus
816 2463 1020 2513 primitivis,

362 2531 385 2556 a
405 2518 562 2556 Graecia
591 2519 875 2569 septentrionem
894 2532 1018 2556 versus

361 2575 452 2623 sitis,
461 2576 692 2613 coniunctum
709 2575 818 2612 fuisse
837 2575 1019 2613 existime-

361 2644 440 2669 mus
474 2644 628 2681 eumque
663 2632 780 2681 ipsum
816 2644 1019 2668 connexum

362 2700 431 2737 per
452 2691 655 2738 temporum
673 2688 862 2724 decursum
881 2689 1022 2724 studio-

363 2744 437 2781 sius
466 2748 649 2781 servatum
669 2749 704 2780 et
725 2743 779 2781 vel
803 2744 913 2781 sacris
935 2745 1020 2780 mis-

361 2800 411 2837 sis
434 2800 685 2838 confirmatum
711 2800 832 2837 fuisse.
864 2800 1019 2838 Miillero

1303 414 1386 460 ἀπὸ
1429 416 1474 459 δὲ
1519 416 1688 460 τούτων

1084 550 1329 600 adstipulatur
1388 550 1555 587 Viilcker.
1625 549 1743 598 Myth.

1085 606 1222 655 Geogr.
1248 619 1332 655 pag.
1361 608 1439 646 168
1460 619 1536 655 seq.
1584 606 1744 642 Ritterus

1084 664 1213 699 statuit
1239 662 1429 709 (Vorballe
1456 676 1542 713 pag.
1565 664 1647 704 324
1665 661 1742 699 coll.

1083 718 1196 766 351)
1229 732 1272 755 ex
1307 718 1404 755 hisce
1435 719 1610 768 intelligi,
1652 718 1745 764 loca,

1084 775 1234 822 quaein
1261 774 1327 810 hac
1346 775 1403 810 via
1429 775 1654 820 indicantur,
1693 775 1741 811 ad

1083 842 1178 878 quae
1224 842 1374 866 munera
1418 830 1743 880 Hyperboreorum

1083 886 1317 931 devenerint,
1346 887 1519 922 maturius
1545 899 1625 923 cum
1643 886 1743 922 Pon-

1082 942 1334 978 tico-Asiatico
1355 941 1449 978 cultu
1467 942 1742 991 quodammodo

1082 998 1195 1035 fuisse
1214 1010 1390 1034 connexa.

1141 1052 1205 1093 ἐπὶ
1225 1050 1295 1092 τόν
1315 1049 1488 1105 Ἀδρίην]
1538 1053 1622 1097 Quo
1650 1058 1743 1090 tem-

1083 1124 1173 1161 pore
1209 1109 1373 1148 boreales
1408 1109 1582 1160 Europae
1619 1117 1742 1160 partes

1085 1168 1236 1204 Graecis
1274 1167 1435 1204 nondum
1478 1168 1566 1203 satis
1608 1166 1744 1204 suerint

1083 1224 1276 1272 cognitae,
1317 1224 1488 1272 regiones
1510 1235 1659 1272 quoque
1683 1235 1744 1258 su-

1082 1294 1150 1331 pra
1171 1280 1393 1316 Adriaticum
1420 1293 1523 1317 mare
1554 1280 1642 1315 sitas
1662 1278 1745 1326 Hy-

1083 1336 1271 1387 perboreis
1298 1336 1406 1385 vulgo
1435 1335 1592 1372 adtribui
1617 1339 1742 1372 monet

1083 1392 1240 1430 Danvill.
1278 1404 1300 1429 a
1329 1391 1533 1440 Schweigh.
1569 1393 1742 1428 excitatus

1082 1449 1119 1485 in
1143 1448 1253 1485 Mein.
1291 1449 1338 1486 de
1371 1448 1508 1485 l’Acad.
1557 1448 1593 1484 d.
1631 1447 1741 1484 Inscr.

1082 1504 1226 1542 XXXV
1262 1518 1298 1554 p.
1333 1504 1414 1544 589
1448 1504 1680 1554 Hyperborei
1713 1504 1743 1540 si

1081 1561 1207 1598 ltaliae
1249 1561 1523 1606 adscribantur,
1572 1560 1743 1609 explicari

1082 1630 1192 1668 posse
1215 1618 1267 1653 ait
1285 1617 1451 1654 Niebuhr
1480 1616 1576 1653 Hist.
1596 1615 1704 1653 Rom.
1727 1615 1742 1652 Ι

1082 1686 1167 1724 pag.
1193 1673 1245 1714 85
1265 1674 1323 1710 ed.
1344 1686 1432 1720 sec„
1454 1673 1642 1722 quomodo
1661 1672 1700 1709 H
1702 1686 1744 1720 y-

1081 1731 1343 1781 perboreorum
1379 1731 1478 1766 dona
1507 1728 1641 1766 Delum
1674 1741 1741 1779 per

1081 1799 1181 1824 mare
1197 1787 1420 1823 Adriaticum
1448 1786 1639 1836 pervenire
1673 1797 1740 1835 po-

1083 1844 1232 1880 tuerint.
1289 1844 1339 1879 At
1365 1843 1412 1880 de
1444 1842 1498 1878 his
1526 1842 1580 1878 vir
1610 1842 1740 1878 doetus

1081 1901 1159 1950 ipse
1189 1899 1329 1936 viderit.
1381 1899 1489 1935 Conf.
1516 1899 1552 1934 in
1578 1897 1741 1934 Excursu

1081 1957 1129 1994 de
1146 1955 1396 2005 Hyperboreis
1416 1954 1535 1992 allata.
1594 1953 1674 1990 Alia
1693 1954 1740 1991 de

1080 2012 1134 2050 his
1180 2012 1503 2062 Hyperboreorum
1550 2010 1739 2048 itineribus

1080 2069 1236 2107 Gesner.
1256 2069 1293 2105 in
1305 2068 1483 2106 Praelect.
1503 2066 1536 2103 1¹
1560 2065 1618 2104 De
1638 2067 1740 2103 navi-

1079 2130 1172 2174 gatt.
1206 2129 1308 2163 extra
1335 2124 1489 2161 column.
1517 2123 1628 2162 Herc.
1650 2127 1737 2160 sect.

1079 2182 1111 2219 ΙΙ
1129 2180 1166 2233 §.
1181 2183 1205 2223 8
1224 2195 1259 2232 p
1281 2183 1363 2222 662
1383 2179 1572 2231 (Orphicc.
1593 2175 1738 2229 Herm.)

1136 2235 1320 2289 πρώτους
1355 2236 1622 2281 Δωδωναίους
1655 2233 1738 2273 Ἑλ-

1079 2291 1213 2345 λήνων
1231 2292 1433 2358 δέκεσθαι]
1449 2291 1738 2330 ConsentitCal-

1079 2351 1218 2388 limach.
1242 2352 1278 2386 in
1298 2350 1378 2387 Del.
1401 2350 1503 2396 284,
1534 2348 1596 2396 qui
1623 2348 1737 2384 omni-

1079 2421 1126 2444 no
1157 2408 1194 2443 in
1221 2406 1275 2442 his
1296 2418 1422 2456 presse
1444 2404 1533 2453 legit
1553 2404 1736 2441 Herodoti

1078 2463 1242 2511 vestigia.
1302 2462 1397 2498 Add.
1426 2460 1583 2509 Eumol.
1612 2473 1737 2508 magn.

1077 2533 1105 2557 s.
1139 2532 1169 2555 v.
1197 2518 1438 2563 Δωδωναῖος
1467 2515 1491 2555 ὅ
1517 2513 1637 2563 Ζεῦς,
1675 2516 1737 2553 ubi

1077 2575 1398 2625 Hyperboreoruin
1418 2574 1516 2610 locus
1533 2573 1737 2623 appellatur

1077 2631 1258 2676 Dodona3
1299 2631 1436 2667 Aelian.
1460 2629 1503 2667 V.
1523 2630 1572 2666 H.
1608 2629 1668 2675 ΙΙΙ,
1698 2632 1736 2674 1,

1077 2689 1212 2738 primos
1244 2692 1363 2724 autem
1388 2687 1612 2723 Dodonaeos
1638 2698 1736 2722 com·

1077 2744 1268 2781 memorari
1309 2745 1403 2780 inter
1440 2743 1625 2787 Graecos,
1673 2741 1736 2791 qui

1077 2801 1174 2838 dona
1202 2813 1305 2837 sacra
1325 2812 1346 2837 a
1363 2799 1508 2848 Scythis
1537 2798 1648 2836 allata
1674 2809 1736 2835 ac-
