1863 3256
393 290 480 330 638
787 288 1252 328 HERODO'ri

393 398 590 452 ρηναίων
624 397 726 441 πόλι
760 397 1018 452 ἐπέστησαν,

1065 397 1108 439 οἱ
1139 382 1386 451 Κυρηναῗοι
1427 394 1577 452 λόγιόν
1615 405 1711 440 τι55

392 466 702 522 ἀποσιεύμενοι
759 471 960 522 διεξῆκαν
1015 465 1180 516 αὐτοὺς
1239 466 1312 510 διὰ
1358 470 1440 510 τοῦ
1488 466 1652 519 ἄστεος.

364 539 634 595 Ξδιεξιούσης
664 542 709 584 δὲ
738 544 812 593 τῆς
843 541 1060 594 στρατιῆς,
1105 537 1252 593 Βάρης
1282 538 1360 592 μὲν
1389 537 1413 582 ὁ
1443 543 1524 582 τοῦ
1553 555 1655 582 ναυ-

393 614 517 654 τικοῦ
548 612 734 663 στρατοῦ
757 608 996 664 στρατηγός
1026 608 1190 652 ἐκέλευε
1221 607 1381 663 αἱρέειν
1407 609 1487 666 τὴν
1515 609 1655 659 πόλιν,

381 680 559 737 ’Ἄμασις
590 680 634 721 δὲ
666 679 689 721 ὁ
719 682 800 721 τοῦ
829 684 962 733 πεζοῦ
994 678 1075 723 οὐκ
1105 679 1173 723 ἔα·

1234 712 1260 731 ,,
1273 680 1340 723 ἐπὶ
1362 679 1542 737 Βάρκην
1570 682 1653 737 γάρ

363 752 696 805 ὃᾶποσταλῆυαι
725 750 895 806 μούνην
919 749 1146 806 Ἑλληνίδα
1175 750 1315 795 πόλιν.
1328 755 1352 775 “
1400 751 1442 802 ές
1463 752 1490 795 ὃ
1511 754 1712 805 διεξελ-ὁο

393 827 544 871 θοῦσι,
575 820 647 863 καὶ
679 820 909 875 ἱζομένοισι
945 822 1013 864 ἐπὶ
1041 823 1150 872 Διὸς
1171 825 1372 866 Λυκαίου
1402 821 1559 879 ὄχθον,
1587 840 1655 879 με·

392 893 588 947 τεμέλησέ
630 904 707 947 σφι
749 891 803 935 ου’
844 897 995 948 σχοῦσι
1032 892 1112 949 τήν
1148 893 1386 950 Κυρήνην,
1434 896 1508 938 καὶ
1547 895 1653 938 ἐπει-

395 968 538 1018 ρῶντο
568 962 617 1006 τὸ
648 964 851 1018 δεύτερον
888 965 1091 1019 παριέναι
1128 964 1171 1016 ἐς
1209 963 1365 1020 αὐτήν·
1416 967 1460 1008 οἱ
1489 965 1534 1009 δὲ
1567 969 1652 1009 Κυ-

363 1041 568 1092 4ρηναῖοι
599 1033 652 1078 οὐ
680 1035 931 1089 περιώρεον.
991 1041 1104 1079 τοῖσι
1134 1034 1180 1079 δὲ
1213 1036 1433 1092 Πέρσῃσι,
1473 1035 1657 1088 οὐδενὸς

389 1106 663 1160 μαχομένου,
704 1106 845 1162 φόβος
875 1107 1063 1150 ἐνέπεσε·
1114 1105 1442 1162 ἀποδραμόντες
1471 1107 1517 1151 δὲ
1549 1107 1655 1152 ὅσον

389 1175 596 1231 ἑξήκοντα
628 1176 804 1229 στάδια,
843 1179 998 1231 ἵζοντο.

393 1336 460 1375 καὶ
479 1337 690 1387 ἱζομένοισι
711 1337 774 1377 ε’πὶ
796 1336 894 1385 Διός
911 1342 995 1376 ,lv-

335 1395 454 1433 καίου
492 1392 648 1445 ὄχθον]
689 1395 745 1432 De
781 1397 892 1432 verbo
921 1395 994 1440 ἵζε-

307 1493 309 1495 ,
337 1456 434 1489 σθαι
464 1453 558 1488 conf.
593 1457 683 1488 nott.
711 1452 758 1487 ad
791 1451 862 1497 IV,
901 1452 991 1491 145.

335 1506 447 1544 Iovem
467 1508 676 1556 Cyrenaeos
705 1508 858 1545 coluisse
887 1508 993 1557 plura

335 1565 468 1600 indicia
500 1571 714 1614 supersunt,
754 1577 848 1612 quae
876 1564 994 1600 attulit

335 1620 496 1656 Boeckh.
527 1621 572 1656 ad
602 1620 708 1657 Pind.
740 1620 835 1668 Pyth
878 1620 927 1656 lx
956 1633 994 1669 p.

337 1678 432 1717 328.
464 1674 624 1726 Iuppiter
644 1677 810 1727 Lycaeus
830 1678 864 1712 in
881 1677 995 1724 Cyre-

338 1745 403 1769 nes
421 1733 510 1770 urbe
523 1733 639 1770 cultus
649 1736 696 1770 ad
714 1746 769 1778 ea,
780 1733 995 1782 credo‚per-

338 1789 432 1826 tinet
458 1790 618 1835 numina,
649 1803 742 1839 quae
764 1790 881 1827 Dores
900 1788 998 1825 colo-

339 1846 374 1881 ni
425 1859 444 1883 e
486 1846 612 1895 patriis
652 1847 799 1883 sedibus
847 1845 998 1895 profecti

340 1902 377 1937 in
434 1902 611 1940 coloniam
661 1915 781 1940 secum
831 1903 996 1938 adduxe-

338 1959 421 1997 rint.
462 1958 633 2008 Namque
655 1960 814 1996 Arcades
835 1970 995 2007 quoque,

336 2015 434 2065 apud
464 2028 555 2065 quos
582 2016 745 2066 proxime
771 2017 892 2052 Iovem
918 2014 995 2064 Ly-

336 2084 461 2108 caeum
505 2084 585 2110 esse
618 2073 751 2109 cultum
786 2086 806 2110 e
835 2071 993 2108 Pausau.

336 2128 440 2174 vill,
467 2132 502 2169 2.
522 2130 575 2169 38
602 2129 770 2166 discimus
793 2127 928 2165 colonis
951 2140 995 2164 ex

336 2186 434 2221 omni
469 2185 627 2223 Graecia
655 2187 731 2223 fere
760 2186 895 2222 coactis
930 2184 993 2230 (cf.

333 2240 405 2284 IV,
439 2242 534 2289 159)
565 2242 770 2279 interfuisse
807 2241 995 2291 probabile

322 2301 400 2334 cst.
414 2298 551 2335 ——Pro
572 2296 698 2348 ὄχθον
713 2297 841 2334 Aldina
857 2294 995 2347 ὄχθην,

332 2353 379 2389 de
417 2367 488 2402 quo
525 2355 679 2392 diximus
713 2355 760 2390 ad
791 2355 862 2401 lv,
901 2356 994 2394 201·

332 2407 390 2445 Ad
415 2411 527 2447 verba
552 2410 783 2460 μετεμέλησε
801 2433 856 2438 —
879 2412 995 2460 σχοῦ-

337 2476 375 2503 σι
395 2467 490 2502 conf.
510 2473 601 2504 nott.
622 2470 667 2504 ad
689 2467 760 2513 lV,
791 2466 880 2507 140.

397 2517 564 2568 ου’ὁενός
593 2522 835 2573 μαχομένου,
871 2518 994 2573 φόβος

339 2575 520 2627 ἐνέπεσε]
545 2580 644 2623 „Hic
665 2584 772 2615 terror
791 2580 856 2616 fnit
877 2580 997 2615 Grai·-

339 2634 388 2671 cis
410 2633 566 2671 Panicus
587 2636 718 2680 dictus,
746 2637 844 2672 cuius
869 2641 996 2684 utpote

341 2691 512 2728 divinitus
538 2691 684 2728 immissi
711 2704 784 2728 nou
804 2696 996 2739 appareret

340 2748 445 2784 ratio.
467 2746 633 2796 Thucy-d.
648 2747 805 2794 V11,80.
828 2748 887 2793 lv,
904 2747 993 2787 125.

339 2803 462 2853 Eurip.
504 2804 616 2842 Rhes.
655 2806 722 2845 36.
760 2804 910 2840 Cornut.
948 2803 994 2840 de

340 2859 428 2896 Nat.
458 2860 570 2898 Deor.
594 2863 661 2902 27.
702 2859 868 2897 Eustath.
895 2861 929 2895 iu
955 2858 992 2895 ll.

343 2912 373 2954 0'
396 2930 430 2966 ν-
457 2920 576 2964 1021,
606 2919 672 2958 32.
707 2917 764 2955 De
782 2915 994 2967 appellatio-

1061 1178 1284 1232 ἱδρυθέντι
1314 1177 1359 1221 δὲ
1389 1182 1450 1235 τῷ
1478 1190 1652 1234 στρατο-
1666 1185 1710 1219 65

1052 1339 1108 1375 nis
1153 1339 1294 1387 origine
1333 1342 1489 1387 egerunt
1523 1338 1710 1376 Eratosth.

1053 1397 1192 1431 Catast.
1217 1398 1282 1434 27.
1315 1395 1493 1432 Plutarch.
1523 1394 1581 1432 De
1605 1395 1650 1431 1s.
1675 1400 1711 1432 et

1052 1453 1147 1488 Osir.
1173 1449 1209 1501 ᾖ.
1232 1453 1280 1491 14
1312 1457 1346 1488 et
1379 1451 1551 1500 Polym-11.
1576 1451 1613 1497 l,
1644 1453 1710 1491 2.“

1056 1507 1268 1544 Valcken.
1309 1507 1368 1544 Tu
1405 1508 1490 1546 add.
1534 1507 1708 1545 Creuzer.

1051 1564 1211 1612 Syiubol.
1233 1563 1278 1600 lll
1301 1577 1338 1613 p.
1362 1565 1456 1605 232.

1109 1671 1406 1725 ἀποδραμόντες
1431 1673 1473 1713 δὲ
1503 1670 1600 1714 ὅσον
1619 1689 1654 1713 κ.
1678 1690 1710 1714 τ.

1051 1731 1107 1781 λ.]
1144 1733 1237 1769 Cum
1268 1732 1400 1769 Matth.
1427 1732 1559 1770 retinui
1587 1730 1650 1778 δέ,
1689 1745 1710 1770 e

1052 1789 1265 1826 Florentino
1292 1789 1384 1825 libro
1411 1800 1433 1825 a
1449 1788 1652 1838 Schweigh.
1672 1793 1710 1826 et

1053 1846 1169 1882 Gaisf.
1195 1851 1370 1882 mutatum
1390 1846 1426 1881 ἢ]
1448 1859 1507 1892 τε,-
1542 1845 1642 1893 quod
1659 1845 1711 1882 ita

1052 1904 1138 1952 poni
1159 1914 1267 1951 posse
1285 1907 1320 1939 et
1341 1901 1569 1950 Thucydidis
1601 1899 1661 1952 (cf.
1682 1900 1710 1947 1,

1052 1961 1090 1999 9.
1125 1959 1196 2004 vl,
1227 1959 1297 2006 20)
1343 1962 1379 1995 et
1411 1957 1590 1995 Plutarchi
1625 1969 1710 1994 usus

1052 2015 1246 2052 ostendere
1271 2015 1433 2059 videtur,
1466 2015 1513 2051 de
1540 2026 1613 2063 quo
1634 2013 1710 2050 dixi

1051 2073 1098 2109 ad
1131 2071 1257 2120 Pyrrh.
1288 2073 1311 2110 7
1342 2083 1428 2120 pag.
1463 2070 1554 2110 158.
1612 2069 1708 2106 Add.

1052 2129 1190 2165 Herod.
1233 2126 1301 2173 lv,
1338 2129 1412 2170 33,
1448 2127 1508 2163 ubi
1546 2126 1710 2177 reposui·

1052 2197 1132 2222 mus
1166 2178 1286 2223 πόλιν
1320 2197 1369 2222 τε
1395 2182 1435 2229 ἐς
1460 2177 1580 2221 πόλιν
1609 2180 1708 2232 πέμ-

1052 2255 1141 2280 πειν
1156 2253 1222 2291 pro
1239 2235 1351 2278 πόλιν
1372 2238 1432 2278 δέ.
1464 2240 1574 2276 Haud
1584 2238 1711 2288 displi-

1052 2303 1109 2335 cet
1127 2297 1314 2334 Schaeseri
1332 2296 1507 2334 correctio
1533 2289 1708 2343 ἀποδρα-

1053 2350 1191 2404 μόντες
1213 2351 1265 2391 δὲ
1289 2349 1383 2392 ὅσον
1403 2367 1470 2399 τε,
1500 2351 1610 2388 niodo
1629 2349 1710 2387 libri

1051 2412 1175 2459 scripti
1202 2410 1424 2446 addicerent.
1465 2406 1552 2444 Mox
1583 2419 1709 2444 omnes

1052 2468 1159 2504 codd.
1183 2466 1312 2512 ἵζοντο
1326 2494 1337 2512 ,
1365 2465 1413 2501 de
1432 2476 1504 2512 quo
1523 2463 1595 2500 vid.
1615 2467 1706 2500 nott.

1051 2524 1098 2560 ad
1121 2523 1189 2569 Ν,
1224 2522 1312 2562 145.
1344 2520 1415 2557 Pro
1437 2516 1577 2558 ἐπόδια
1608 2519 1650 2568 (i.
1674 2531 1706 2556 e.

1054 2582 1258 2616 commeatus
1287 2576 1334 2613 ad
1361 2578 1454 2612 viam
1480 2577 1707 2620 necessarius,

1051 2634 1236 2681 viaticum)
1267 2632 1388 2683 plures
1415 2632 1524 2669 codd.
1551 2628 1706 2681 ἐφόδια,

1052 2693 1113 2739 qui
1139 2702 1265 2727 ornnes
1294 2689 1362 2735 vl,
1401 2692 1455 2729 70
1488 2689 1524 2725 in
1552 2689 1706 2726 lectione

1050 2743 1187 2785 ἐπόδια
1212 2746 1432 2795 conspirant.
1459 2766 1515 2772 —
1566 2744 1607 2781 ln
1634 2744 1706 2781 fine

1052 2815 1129 2853 cap.
1172 2797 1302 2840 αὐτῶν
1334 2801 1420 2839 dedi
1448 2814 1515 2852 pro
1542 2796 1705 2839 αὐτέων.

1051 2859 1109 2896 Ad
1164 2860 1316 2895 sormam
1373 2852 1561 2896 ἀπικέατο
1609 2857 1705 2894 cons.

1052 2915 1184 2952 Matth.
1208 2916 1272 2952 Gr.
1296 2915 1362 2952 Gr.
1384 2927 1421 2964 p.
1441 2916 1523 2956 377
1543 2925 1620 2962 seq.

1840 893 1863 937 2(
