1863 3256
468 232 1026 274 MELPOMENE.

1084 233 1146 274 IV.
1351 242 1435 281 609

185 343 240 401 δή
277 361 319 388 τι
357 345 539 400 λέγεται,
580 343 639 395 ὥς
675 343 752 395 τοὶς
785 341 987 399 κορυφάς
1017 341 1155 386 αὐτοῦ
1185 341 1265 386 οὐκ
1296 343 1366 388 οἶά
1394 364 1439 392 τε

184 413 296 458 εἶναι
333 415 520 458 ἰδέσθαι·
580 413 781 459 οὐδέκοτε
818 415 900 472 γὰρ
932 412 1067 464 αὐτάς
1098 412 1346 456 ἀπολείπειν
1374 418 1437 459 νέ-

155 493 294 541 δφεα,
328 485 426 529 οὔτε
455 485 629 540 θέρεος,
660 486 761 530 οὔτε
790 489 1007 541 χειμῶνος.
1047 489 1177 528 τοῦτο
1206 485 1284 528 τὸν
1311 487 1440 529 κίονα

183 561 267 600 τοῦ
305 555 501 610 οὐρανοῦ
538 556 714 612 λέγουσι
750 558 794 599 οἱ
820 556 1040 612 ἐπιχώριοι
1069 553 1192 599 εἶναι.
1250 555 1495 599 {aizoo-10

127 689 252 715 versus
273 676 457 726 progressi
475 676 631 723 suerint,
661 687 705 713 eo
732 674 785 711 ul-

129 733 242 769 terius
264 732 312 768 ad
334 744 498 768 occasum
520 736 706 781 promotas
728 744 786 768 es-

128 801 168 825 se
204 788 331 824 statuit
360 787 529 824 Volcker.
561 788 786 836 tandemque

127 844 281 881 hominis
324 843 362 879 in
403 842 521 880 locum
571 845 786 880 successisse

128 904 310 945 montem,
361 911 470 948 quem
509 898 715 936 altissimum
749 900 787 936 in

128 957 184 993 his
240 955 448 1004 regionibus
506 956 786 993 occidentalibus

130 1013 202 1050 iam
219 1012 456 1060 cognoverint·
472 1016 510 1049 et
533 1012 568 1047 in
589 1025 696 1061 quem
715 1013 787 1049 iam

131 1068 379 1106 transtulerint
445 1080 681 1117 quaecunque
739 1069 787 1105 de

128 1124 277 1162 Atlante
302 1127 434 1173 poetae
463 1129 570 1161 antea
595 1124 788 1160 commenti

131 1185 256 1218 essent
272 1192 437 1229 quaeque
450 1181 545 1216 sama
556 1185 701 1230 recepta
711 1180 788 1216 vul-

131 1249 180 1286 go
207 1236 445 1273 traderentur.
488 1236 585 1279 Quin
616 1237 702 1273 inde
733 1237 788 1272 fa-

131 1299 226 1329 ctum
247 1305 327 1330 esse
347 1292 405 1329 ille
426 1293 621 1339 existimat,
651 1292 786 1339 (My-th.

132 1349 270 1397 Geogr.
289 1361 372 1398 pag.
394 1348 467 1395 50)
487 1353 525 1384 ut
543 1349 622 1398 ipse
642 1348 746 1384 Atlas
766 1360 788 1384 a

131 1408 251 1442 terrae
281 1403 510 1440 occidentalis
537 1404 696 1441 terminis
717 1405 788 1441 iam

132 1461 248 1509 magis
268 1460 457 1508 magisque
476 1461 523 1497 ad
541 1464 656 1497 terras
672 1461 788 1508 magis

133 1521 239 1554 notas
282 1516 484 1564 Syrtesque
538 1517 791 1554 admoveretur

133 1577 349 1620 montesque
384 1572 434 1608 ibi
472 1574 657 1622 conspicui
693 1573 790 1621 iique

134 1628 298 1667 altissimi
309 1627 466 1664 Atlantis
481 1629 626 1666 nomine
641 1629 791 1677 insigni-

134 1690 271 1723 rentur.
301 1683 382 1722 Nec
403 1683 474 1721 alio
493 1685 570 1722 fere
588 1686 698 1721 modo
718 1684 792 1722 Le-

134 1746 268 1779 tronne
287 1739 311 1777 l.
329 1739 354 1777 l.
371 1739 521 1778 Atlante
540 1741 705 1791 primitus
726 1754 792 1777 no-

135 1797 273 1835 tionem
307 1797 492 1846 quandam
522 1797 792 1847 cosmographi-

135 1866 214 1892 cam
249 1853 435 1890 contendit
466 1865 547 1891 esse
577 1853 791 1899 indicatarn3

135 1910 221 1947 dein
248 1922 335 1946 vero
365 1908 550 1947 Atlantem
580 1923 622 1947 ex
648 1910 792 1947 homine

135 1967 175 2003 in
193 1969 354 2003 montem
378 1978 458 2002 esse
478 1979 700 2013 conversum,
730 1966 792 2015 qui

137 2026 264 2060 tamen
282 2022 410 2071 prioris
432 2023 650 2059 conditionis
666 2036 709 2060 ac
728 2034 793 2058 na-

138 2082 244 2116 turae
265 2078 418 2126 vestigia
435 2079 613 2126 quaedam
635 2080 794 2116 retinue-

137 2136 198 2172 rit.
228 2133 276 2170 At
287 2133 604 2184 multum,opin0r,
616 2136 735 2181 abest,
756 2139 795 2172 ut

137 2189 299 2228 fabulam
316 2190 363 2227 de
378 2188 539 2237 Atlante,
559 2190 674 2239 qualis
695 2191 794 2241 apud

138 2246 354 2292 Homerum,
374 2246 536 2294 aliosque
545 2252 674 2296 poetas
689 2260 796 2297 repe-

139 2303 231 2340 ritur
247 2302 404 2349 tradita,
435 2308 519 2339 ante
537 2303 796 2340 accuratiorem

141 2357 312 2405 Atlantis,
341 2359 471 2395 montis
493 2357 635 2408 Libyci,
666 2359 796 2407 cogni-

142 2414 280 2451 tionem
320 2419 438 2451 ortam
470 2427 550 2452 esse
581 2420 797 2460 statuamus,

143 2482 255 2519 quam
279 2469 398 2520 ipsam
427 2470 504 2508 sine
523 2470 593 2507 ulla
609 2472 739 2508 montis
759 2471 797 2506 in

143 2529 306 2563 extrema
340 2525 459 2575 Libya
495 2527 606 2576 inque
635 2527 796 2565 terminis

143 2582 221 2619 fere
250 2580 530 2619 occidentalibus
559 2583 656 2620 orbis
685 2588 799 2626 terra-

144 2649 224 2675 rum
262 2635 422 2673 collocati
450 2639 581 2676 notitia
610 2640 700 2689 fingi
731 2652 799 2690 po-

145 2693 260 2730 tuisse
288 2704 484 2740 negamus,
521 2696 630 2732 immo
658 2709 703 2734 ex
730 2696 799 2732 ob-

147 2759 253 2786 scura
269 2751 408 2784 tantum
426 2752 558 2787 montis
575 2752 724 2789 notione
735 2764 801 2789 ne-

148 2817 222 2853 que
247 2816 332 2840 vero
354 2804 400 2840 ab
420 2803 500 2853 ipsa
516 2811 648 2844 natura
668 2808 803 2845 abhor-

149 2863 253 2898 rente
304 2860 449 2895 fluxisse
493 2863 661 2911 credam,
707 2875 802 2914 quae

204 2915 413 2953 HERonor.
433 2913 480 2951 Π.

842 675 889 712 de
912 673 1058 713 Atlante
1084 675 1182 725 apud
1207 678 1336 725 poetas
1361 675 1496 712 tradita

841 732 1007 780 adeoque
1043 732 1222 781 explicata
1261 736 1298 769 et
1324 736 1496 768 exornata

842 788 1082 838 reperiantur.
1113 788 1246 836 Neque
1264 787 1351 824 illud
1365 788 1497 824 abhor-

841 849 922 890 ret,
952 845 1050 892 quod
1074 849 1214 880 montes·
1238 845 1384 880 omnino
1407 844 1498 881 coeli

842 900 1025 936 columnas
1055 901 1176 936 dicere
1204 901 1275 937 iam
1303 913 1411 937 ausus
1442 904 1498 938 est

842 956 985 992 Hiobus
1010 956 1157 1001 XXVI,
1187 959 1249 995 11.
1290 956 1398 993 Conf.
1421 956 1497 993 Vir.

844 1013 940 1049 doct.
962 1013 999 1048 in
1018 1011 1160 1048 Annall.
1179 1012 1373 1049 Heidelbb.
1390 1014 1499 1053 1827

843 1082 896 1106 nr.
925 1071 981 1109 20
1014 1081 1049 1118 p.
1074 1070 1154 1107 319
1182 1080 1259 1116 seq.
1288 1068 1323 1104 in
1347 1081 1500 1106 censura

844 1125 938 1170 libri,
958 1125 1018 1172 qui
1035 1124 1239 1160 inscribitur
1255 1124 1498 1167 Quaestiones

842 1181 1067 1226 Atlanticae,
1105 1184 1251 1216 auctore
1283 1180 1499 1219 Ruckstuhl.

844 1237 1043 1273 confluent
1056 1238 1174 1275 1826.
1205 1236 1278 1273 Ubi
1297 1237 1404 1272 etiam
1419 1237 1500 1286 plu-

843 1305 883 1328 ra
902 1293 948 1330 de
968 1293 1047 1342 ipso
1069 1292 1201 1328 montis
1221 1293 1378 1341 nomine,
1400 1293 1500 1342 quod

844 1361 1009 1412 plerique
1040 1362 1175 1398 ducunt
1206 1363 1252 1398 ab
1275 1348 1308 1399 {J
1330 1368 1368 1400 et
1386 1358 1500 1401 τλᾶω.

845 1419 902 1455 De
930 1430 1002 1466 quo
1033 1430 1129 1453 nunc
1152 1430 1325 1466 quaerere
1344 1431 1416 1455 non
1436 1431 1501 1455 va-

845 1479 914 1512 cat.
938 1473 1241 1511 Vid.Diiderlein.
1257 1474 1500 1512 commentat.

846 1531 893 1567 de
919 1529 1026 1579 alpha
1050 1529 1242 1568 Graecorr.
1272 1531 1436 1568 intensiv.
1461 1544 1498 1582 p.

845 1588 923 1632 203
952 1597 998 1623 ne
1016 1584 1132 1636 plura.

906 1663 1089 1708 οὐδέκοτε
1125 1665 1200 1720 γὰρ
1240 1665 1364 1716 αὕτεές
1400 1665 1500 1709 οἷπο-

846 1724 1019 1776 isium]
1052 1720 1282 1766 ἀπολείπειν
1301 1727 1398 1775 quod
1418 1739 1502 1776 pro-

845 1783 924 1834 prie
990 1781 1087 1819 valet
1152 1782 1349 1829 manassen,
1417 1783 1502 1819 inde

846 1851 1030 1876 assumere
1085 1840 1271 1875 notionem
1326 1838 1503 1886 ausgehen

847 1895 977 1932 statuit
1010 1894 1165 1934 Werser.
1205 1895 1241 1931 in
1269 1892 1365 1931 Actt.
1402 1893 1501 1944 phill.

846 1951 1011 1989 Monacc.
1040 1950 1057 1987 I
1087 1964 1124 2001 p.
1153 1952 1217 1991 86.
1248 1953 1341 1992 272.
1381 1950 1505 1994 Quare

848 2020 921 2045 non
937 2019 1028 2057 opus
1049 2005 1282 2053 ἐπιλείπειν,
1312 2007 1410 2055 quod
1427 2006 1504 2043 Eu-

850 2064 1001 2101 stathius
1022 2063 1131 2100 habet
1150 2063 1171 2100 l.
1192 2063 1214 2099 l.
1258 2062 1316 2100 De
1337 2062 1449 2099 multa
1467 2063 1505 2099 in

849 2120 904 2157 his
931 2120 1112 2156 montibus
1134 2120 1215 2156 nive
1238 2131 1354 2167 eaque
1372 2131 1507 2168 perpe-

850 2180 914 2213 tua
940 2176 1017 2212 fere
1045 2176 1184 2212 monuit
1210 2175 1338 2212 Ritter.
1358 2173 1506 2211 Erdk.1

849 2246 887 2283 p·
900 2234 980 2273 893
994 2230 1132 2271 et894.
1144 2252 1199 2259 -—
1216 2231 1257 2267 In
1270 2230 1431 2280 proxime
1441 2243 1508 2267 an-

849 2287 992 2325 tecedd.
1015 2288 1063 2324 ad
1083 2284 1186 2326 οὕτω
1209 2282 1259 2337 δή
1277 2301 1314 2325 τι
1331 2287 1424 2324 conf.
1443 2285 1506 2330 ΙΙΙ,

853 2346 946 2384 120.
989 2343 1060 2388 IV,
1097 2346 1164 2384 28.
1216 2343 1258 2380 ln
1289 2355 1391 2392 seqq.
1421 2347 1507 2379 ante

852 2399 970 2438 κίονα
1006 2412 1086 2437 cum
1116 2403 1266 2437 recentt.
1293 2399 1507 2436 inseruimus

852 2455 1039 2493 articulum
1072 2452 1138 2495 τὸν
1178 2455 1288 2504 vulgo
1327 2456 1509 2500 omissum,

854 2513 1040 2562 quoniam,
1069 2525 1163 2561 quae
1181 2511 1291 2560 vulgo
1312 2511 1509 2549 foeminino

853 2568 1038 2620 profertur
1068 2581 1203 2618 genere
1226 2567 1376 2613 vocula,
1407 2579 1451 2604 ea
1474 2569 1511 2603 et

854 2623 1049 2662 masculino
1069 2637 1203 2674 genere
1223 2628 1432 2673 usurpatum
1463 2622 1511 2657 de

855 2693 929 2731 quo
957 2681 1030 2718 vid.
1054 2681 1214 2718 Fischer.
1246 2679 1293 2715 ad
1321 2678 1463 2714 Weller.
1495 2675 1511 2712 I

855 2749 940 2788 pag.
961 2738 1041 2778 383
1062 2741 1100 2774 et
1117 2736 1210 2773 conf.
1227 2733 1364 2770 Herod.
1384 2733 1413 2778 1,
1444 2734 1510 2772 92.

913 2805 979 2845 ἐπὶ
1007 2802 1150 2845 τούτου
1178 2804 1253 2841 τοῦ
1285 2799 1427 2851 οὔρεος
1460 2821 1508 2828 -

857 2859 1065 2912 ἐπώνυμοι
1100 2856 1305 2911 ἐγένοντο]
1345 2858 1368 2894 i.
1402 2870 1434 2896 e.
1466 2857 1512 2893 ab

1185 2916 1238 2955 39
