1863 3256
433 226 999 267 MELPOMENE.
1057 229 1119 270 IV.

142 334 256 380 εἶναι
296 335 591 390 Ἀπόλλωνος,
639 336 785 382 εἶπαν·

85 498 195 547 Pyth.
220 500 283 547 lv,
310 500 392 542 294
413 498 554 548 (524),
587 502 641 538 cui
665 503 747 540 Κυ-

87 560 161 606 ρής
183 558 294 594 fuisse
320 571 453 594 nomen
473 571 515 594 ex
537 558 746 595 Callirnach.

86 612 122 649 in
138 612 255 662 Apoll.
270 616 333 653 88.
351 614 515 650 Eustath.
530 615 576 650 ad
590 614 744 663 Dionys.

84 668 230 716 Perieg.
253 672 347 714 213,
377 670 468 714 aliis,
498 683 589 718 quos
610 671 747 706 excita-

83 725 137 762 vit
189 725 389 774 Spanhem.
446 726 495 762 ad
546 725 745 764 Callimach

85 780 108 818 l.
131 780 154 817 l.
182 781 375 827 discimus3
413 794 635 831 quamquam
671 796 744 831 quo

85 837 165 874 loco
185 838 291 874 suerit
316 839 417 885 fons,
467 839 563 876 haud
594 852 742 888 prorsus

82 898 211 944 patere
242 894 436 931 videbatur
468 895 743 933 Schlichthorst.

82 963 119 1001 p.
144 952 235 991 129.
278 951 447 1001 Cyrenae
477 953 557 989 urbi
588 952 742 989 vicinum

83 1008 195 1044 fnisse
228 1007 283 1044 vel
317 1020 360 1045 ex
395 1009 579 1045 Herodoti
621 1010 741 1046 verbis

82 1063 255 1112 colligas,
285 1069 322 1101 et
340 1066 487 1114 quidem
506 1066 552 1102 ab
575 1066 744 1103 occiden-

83 1124 135 1166 te,
155 1121 215 1157 ubi
239 1121 389 1160 adhuee
405 1124 500 1159 saxis
522 1124 603 1159 sons
624 1136 744 1160 erum-

82 1190 171 1228 pere
212 1177 341 1214 dicitur
380 1179 475 1227 iugis
516 1191 654 1228 aquae,
695 1179 743 1216 ad

83 1246 193 1283 quem
245 1235 378 1271 rudera
428 1237 574 1285 templi,
642 1236 744 1285 quod

82 1290 240 1340 Apollini
262 1292 327 1327 suit
347 1297 610 1329 consecratum.
662 1292 742 1329 No-

82 1360 167 1384 men
201 1347 296 1383 sonti
331 1348 431 1397 apud
460 1349 652 1397 indigenas
681 1347 742 1384 La

82 1404 218 1440 Grenne
236 1416 315 1441 esse
334 1409 490 1441 narrant.
529 1405 587 1442 Cf.
607 1405 742 1442 Ritter.

80 1459 286 1497 Erdkunde
305 1460 318 1496 Ι
339 1474 375 1511 p.
395 1460 488 1500 947.
519 1461 661 1505 Quibus
682 1474 743 1498 ac-

79 1518 260 1554 curatiora
291 1530 359 1554 nos
383 1518 527 1555 edocuit
549 1518 658 1555 Pach.
680 1520 703 1555 l.
718 1518 741 1556 l.

78 1586 166 1624 pag.
185 1577 277 1614 212.
301 1577 381 1615 216
404 1587 481 1623 seq.
526 1574 622 1611 Nam
645 1575 741 1612 viam

80 1642 102 1666 a
116 1629 314 1680 Necropoli
333 1636 457 1668 vetere
475 1632 522 1667 ad
543 1631 742 1681 planitiem,

80 1686 117 1722 in
148 1687 220 1735 qua
252 1691 354 1724 vetus
384 1689 527 1736 Cyrene
559 1693 742 1726 exstructa

81 1746 181 1789 erat,
223 1743 415 1781 ducentem
444 1745 474 1781 si
499 1745 684 1794 sequaris,
721 1758 742 1782 e

81 1798 173 1836 colle
206 1804 321 1837 scatet
356 1802 436 1838 sons
469 1801 592 1850 largus
623 1815 742 1851 aquae

80 1856 119 1892 in
147 1855 307 1893 canalem
338 1869 377 1895 se
409 1858 582 1895 deiiciens
613 1859 742 1895 mediis

80 1913 118 1949 in
144 1913 255 1949 ruinis
277 1914 375 1951 urbis
397 1915 582 1964 antiquae.
623 1916 742 1959 Quem

82 1970 198 2018 Cyres
221 1970 359 2007 fontem
389 1984 470 2008 esse
493 1971 579 2008 nihil
598 1972 743 2008 dubitat

80 2024 216 2062 Pacho.
291 2026 414 2074 Alius,
466 2029 618 2079 opinor,
661 2029 743 2065 fons

85 2080 232 2127 Theste,
267 2084 366 2119 cuius
386 2084 450 2130 lV,
473 2085 551 2126 159
577 2085 617 2121 fit
638 2098 743 2122 men-

81 2139 148 2175 tio.
195 2139 328 2188 Neque
358 2141 466 2177 etiarn
494 2141 650 2178 lustinus
679 2154 745 2178 au-

82 2195 252 2242 diendus,
283 2196 344 2245 qui
362 2196 463 2243 Xlll,
487 2200 512 2238 7
531 2198 578 2235 de
599 2200 744 2246 Cyrene

82 2253 229 2289 condita
243 2266 443 2300 exponens,
464 2259 625 2291 montem
645 2268 744 2291 corn-

82 2314 263 2346 memorat
286 2309 430 2359 Cyrem‚
472 2324 580 2360 quem
611 2311 743 2358 coloni,

83 2366 145 2401 ubi
177 2366 422 2411 advenerunt,
479 2371 556 2404 tum
592 2372 744 2418 propter

83 2420 152 2458 loci
174 2423 451 2470 amoenitatem,
489 2427 565 2460 tum
594 2429 745 2474 propter

83 2477 239 2515 sontium
271 2479 479 2517 ubertatem
517 2482 742 2530 occuparint.

85 2533 212 2576 Quare
244 2535 465 2573 Callimacho
502 2537 538 2574 in
573 2536 628 2573 his
662 2537 744 2587 plus

84 2590 316 2628 tribuendum
347 2606 428 2630 esse
455 2597 555 2631 recte
584 2598 744 2632 statuere

83 2645 229 2682 videtur
261 2647 597 2688 Raoul-Rochette
632 2651 681 2687 111
706 2664 743 2701 p.

84 2703 168 2741 263
196 2702 348 2740 Histoir.
392 2706 439 2743 de
469 2706 664 2744 l’Etabliss.
705 2709 742 2746 d.

85 2757 200 2796 colon.
229 2759 381 2809 Grecqs.
437 2761 494 2799 Ab
521 2763 591 2800 hoc
620 2767 742 2801 autem

85 2815 188 2851 fonte
215 2816 331 2865 ipsum
370 2817 467 2853 urbis
497 2818 649 2869 Cyrenes
678 2821 744 2857 de-

86 2871 225 2908 ducunt
267 2882 422 2920 nomen,
463 2876 565 2923 qnod
606 2876 684 2913 aliis
720 2889 743 2912 a

1319 236 1404 276 555

846 335 1044 392 ,ζἈνδρες
1069 335 1296 394 Ἕλληνες,
1344 341 1461 385 ,ἒν-4ο

807 500 963 551 Cyrene,
1023 499 1165 550 Hypsei
1208 499 1284 537 filia
1330 501 1464 540 ducere

802 558 949 608 placuit.
994 556 1084 594 Mihi
1104 556 1187 593 illud
1208 569 1296 595 sane
1319 558 1465 595 videtur

802 612 1023 663 probabilius
1052 626 1130 650 curn
1168 613 1297 662 Thrig.
1328 627 1365 664 p.
1395 617 1464 660 77,

804 670 866 706 ubi
886 669 989 718 plura
1016 670 1062 706 de
1084 670 1182 706 urbis
1206 672 1352 707 nomine
1375 670 1466 708 alla-

801 730 839 762 ta
864 726 996 772 video,
1041 727 1141 774 quod
1176 727 1212 763 in
1236 727 1354 764 numis
1377 740 1465 764 con-

802 786 941 819 stanter
966 781 1098 830 legitur
1129 785 1276 822 KYPA
1342 783 1464 833 Atque

800 838 899 876 locus
928 837 1009 883 ille,
1048 838 1085 875 in
1106 851 1177 887 quo
1197 840 1283 876 urbs
1312 840 1380 877 fuit
1403 853 1466 878 ex-

802 899 962 941 structa,
1006 896 1202 932 etiamnum
1230 901 1271 933 ut
1301 897 1463 945 regionis

800 952 1025 989 amoenitate
1052 952 1104 988 ita
1135 953 1306 990 ruderum
1332 953 1465 990 multa-

800 1022 878 1045 rum
904 1009 999 1045 mole
1017 1009 1190 1056 insignis3
1228 1014 1266 1046 nt
1287 1010 1404 1059 qualis
1425 1014 1471 1047 et⁴

800 1069 938 1114 quanta
970 1064 1054 1102 olim
1084 1066 1194 1102 fuerit
1227 1067 1336 1114 urbs,
1374 1067 1460 1103 satis

801 1122 885 1159 hinc
902 1121 1063 1170 colligas.
1092 1121 1231 1159 Arabes
1245 1135 1340 1159 nnnc
1354 1124 1461 1160 sedes

799 1179 964 1229 posuisse
987 1179 1158 1215 dicuntur
1184 1178 1250 1215 illis
1281 1179 1317 1216 in
1337 1180 1463 1227 ruinis,

801 1247 895 1284 quae
923 1239 1048 1271 nostra
1075 1235 1220 1272 demum
1248 1240 1371 1273 aetate
1397 1249 1464 1285 pe-

800 1291 1067 1340 regrinatorum
1107 1291 1246 1340 aliquot
1282 1292 1465 1329 industri-<⁴1

800 1349 858 1395 (in
878 1348 1008 1396 quibus
1024 1352 1108 1398 post
1118 1347 1224 1384 Della
1236 1348 1335 1385 Cella
1355 1361 1464 1398 prae-

800 1404 906 1454 cipue
947 1409 1031 1440 sunt
1068 1405 1309 1441 nominandus
1340 1405 1464 1441 Pacho

801 1461 822 1498 Ι.
843 1460 913 1511 l.p.
928 1462 1011 1500 212
1033 1462 1294 1510 sqq—231)
1319 1473 1466 1498 accura-

799 1518 872 1555 tius
914 1518 1019 1555 nobis
1059 1518 1276 1566 innotuere,
1333 1531 1354 1555 a
1384 1518 1464 1554 vico

800 1574 959 1623 Slughe‚
1012 1574 1228 1624 incipientes
1272 1587 1314 1611 ac
1353 1573 1467 1623 longe

799 1631 945 1680 lateque
965 1643 1032 1681 per
1053 1634 1256 1668 montosam
1275 1630 1466 1680 planitiem

800 1688 992 1736 (Platean)
1018 1691 1202 1724 extensae.
1252 1686 1312 1724 De
1332 1687 1465 1736 quibus

800 1745 892 1791 vid„
930 1757 977 1781 ne
1013 1743 1117 1794 plura
1140 1744 1273 1781 Ritter.
1302 1743 1421 1780 Erdk.
1449 1743 1466 1780 I

799 1813 886 1852 pag.
914 1799 995 1841 945
1032 1813 1136 1850 seqq.
1172 1800 1251 1837 coll.
1280 1800 1466 1837 Mannert.

800 1859 848 1904 X,
869 1860 895 1897 2
926 1870 1013 1907 pag.
1048 1860 1138 1898 100.
1197 1857 1256 1894 De
1284 1861 1467 1908 tempore,

802 1927 875 1964 quo
909 1914 1054 1962 Cyrene
1094 1914 1162 1950 suit
1190 1914 1361 1960 condita,
1401 1926 1466 1950 co—

800 1971 937 2022 piosius
970 1971 1142 2007 disseruit
1160 1970 1302 2018 Thrige
1330 1969 1353 2006 l.
1375 1969 1399 2005 l.
1428 1968 1466 2020 ᾗ.

801 2028 988 2068 26—-28
1011 2026 1091 2063 incl.
1111 2040 1196 2077 pag.
1219 2027 1272 2067 84
1293 2047 1349 2054 --
1373 2028 1465 2066 101.

801 2085 854 2122 Ac
874 2083 1059 2134 plerisque
1087 2096 1130 2120 ea
1152 2083 1287 2132 placuit
1317 2087 1467 2119 senten-

800 2142 865 2188 tia,
880 2145 919 2177 ut
931 2141 1101 2188 Cyrenen
1115 2140 1262 2190 Olymp.
1278 2139 1468 2186 XXXVII,

801 2200 828 2238 2
856 2211 884 2234 s.
915 2198 993 2238 631
1037 2209 1070 2233 a.
1103 2196 1189 2233 Chr.
1232 2209 1267 2232 n.
1306 2196 1469 2233 dicerent

802 2267 883 2291 esse
913 2253 1123 2300 conditam,
1173 2253 1353 2302 probante
1387 2253 1469 2302 ipso

802 2310 959 2359 'shrigio
981 2309 1002 2345 l.
1023 2309 1045 2345 l.
1070 2323 1106 2358 p.
1138 2312 1214 2350 101
1248 2308 1328 2345 coll.
1351 2321 1388 2358 p.
1412 2310 1462 2348 91

803 2373 838 2404 et
859 2368 902 2404 C.
928 2367 975 2403 Ο.
998 2365 1144 2403 Miiller.
1173 2366 1396 2403 Orehomen.
1428 2378 1467 2414 p.

801 2422 898 2464 844.
940 2422 1138 2460 Mannerto
1172 2422 1235 2469 (X,
1257 2424 1283 2461 2
1303 2435 1391 2472 pag.
1413 2423 1466 2462 61

802 2485 880 2517 not.
929 2480 982 2520 65
1023 2482 1118 2527 not.)
1166 2479 1266 2515 urbis
1305 2479 1465 2527 origines

802 2538 850 2574 ad
871 2536 1016 2586 Olymp.
1038 2535 1140 2572 XVII
1170 2549 1198 2571 s.
1218 2537 1301 2576 712
1323 2548 1356 2571 a.
1379 2534 1465 2571 Chr.

801 2606 837 2630 n.
858 2593 1074 2630 referendae
1095 2593 1285 2637 videntur,
1324 2590 1463 2627 Raoul-

800 2649 983 2688 Rochette
1003 2649 1024 2686 l.
1048 2649 1068 2686 l.
1092 2650 1142 2685 ΙΙΙ
1162 2661 1246 2698 pag.
1268 2646 1362 2688 251.
1381 2647 1463 2686 263

801 2720 903 2756 seqq.
942 2706 1090 2756 Olymp.
1112 2706 1247 2749 XXVi,
1272 2707 1296 2743 2
1325 2716 1355 2737 s.
1383 2700 1463 2740 675

801 2777 833 2801 a.
854 2764 940 2800 Chr.
960 2775 996 2799 n.
1025 2762 1151 2798 urbem
1173 2758 1357 2796 conditam
1378 2755 1464 2793 vult.

799 2820 876 2856 Sed
907 2819 978 2854 vid.
1018 2830 1112 2866 quae
1148 2819 1273 2852 contra
1313 2812 1462 2863 protulit

801 2875 942 2923 Thrige
956 2874 981 2911 l.
1001 2872 1023 2909 l.
1044 2870 1081 2922 ἓ.
1103 2874 1156 2913 28
1175 2884 1214 2922 p.
1241 2872 1296 2912 96
1316 2882 1418 2919 seqq.
