1863 3256
433 145 998 191 MELPOMENE.
1050 147 1111 186 IV.

1323 151 1403 191 301

136 282 220 309 νου
252 265 298 309 δὲ
328 263 412 321 ἤδη
443 264 524 306 τοῦ
553 258 690 315 λόγου
721 256 805 302 dvo}
837 257 917 314 τὴν
953 256 1084 300 πόλιν
1124 254 1184 307 ὦς
1221 257 1410 308 τεθνεώς

137 338 202 391 εἴη
222 334 245 379 ὁ
263 333 492 389 Ἀριστέης,
523 331 566 382 ἐς
585 328 883 387 ἀμφισβασίας
905 333 1019 372 τοῖσι
1040 328 1217 384 λέγουσι
1238 325 1409 370 ἀπικνέ-

137 412 261 450 εσθαι
292 405 432 459 ἄνδρα
462 402 725 458 Κυζικηνὸν,
757 401 921 458 ἥκοντα
952 401 993 453 ἐξ
1012 398 1221 456 Ἀρτάκης
1241 397 1467 450 πόλιος,30

137 478 281 534 φάντα
312 479 539 530 συντυχεῖν
578 474 622 517 τὲ
662 475 705 516 οἷ
743 472 855 516 ἰόντι
894 472 961 515 ἐπὶ
994 473 1212 525 Κυζίκου,
1257 471 1332 514 καὶ
1364 470 1408 520 ἐς

0 653 3 672 ¹
76 652 237 702 loquitur
256 651 301 698 ll,
320 652 386 692 36.
439 650 489 686 Et
508 650 607 686 conf.
630 662 738 698 prae-

0 732 3 758 k
76 714 177 748 terea
201 708 248 755 11,
277 707 342 748 85.
368 708 433 747 86.
474 706 537 753 Vl,
566 707 657 746 128.
685 725 735 732 -

0 799 1 802 ,
76 765 192 803 Paulo
214 769 298 815 post
316 776 394 801 cum
415 763 532 801 Gaisf.
554 766 592 800 et
604 761 738 799 Matth.

0 850 1 870 ;
78 822 225 873 reposui
258 816 434 867 τεθνεώς
466 818 533 866 (ut
567 831 650 855 mox
684 833 742 856 τε-

83 879 276 926 θνεῶτα),
292 878 391 927 quod
411 877 518 914 codd.
537 875 742 925 aliquotas-

77 936 260 974 serebant.
324 933 584 981 Wesselingius
626 934 742 970 tenuit

0 1000 1 1003 ’
79 988 279 1042 τεθνηώς,
331 991 430 1039 quod
478 991 514 1027 iu
558 989 741 1036 Mediceo,

78 1049 158 1086 aliis
180 1048 375 1086 invenitur.
416 1046 497 1083 Nec
519 1047 635 1094 magis
654 1059 741 1082 con-

3 1103 6 1110 ’
79 1105 197 1152 venit,
234 1104 334 1153 quod
359 1102 626 1148 eFlorentino,
663 1101 740 1139 aliis

78 1161 282 1210 Schweigh.
307 1159 423 1197 edidit
442 1154 662 1209 τεθνηκώς.

135 1242 176 1291 ἔς
195 1239 471 1296 ἀμφισβασίας
485 1247 588 1283 τοῖσι
608 1240 741 1294 λέγου-

80 1312 119 1342 σι
140 1296 419 1351 ἀπικνέεσθαι]
452 1301 474 1338 i.
495 1314 526 1339 e.
549 1304 742 1337 controver-

79 1360 170 1396 siam
200 1360 343 1395 movisse
376 1357 606 1409 (oblocutum
641 1357 741 1404 esse)

79 1417 146 1462 iis,
190 1417 254 1466 qui
290 1415 375 1452 haec
415 1414 591 1461 dicerent,
637 1416 742 1451 civem

81 1471 303 1522 Cyzicenum.
334 1472 393 1509 Ad
402 1484 526 1508 vocem
541 1466 743 1521 ἀμφισβα-

80 1529 147 1568 σία
165 1530 261 1567 conf.
282 1528 381 1575 VIll,
404 1529 471 1574 81,
502 1529 563 1565 ubi
580 1541 646 1578 pro
665 1524 741 1578 α’μ-

81 1585 277 1637 φισβησίη
304 1585 421 1622 Gaisf.
457 1597 553 1621 nunc
579 1586 741 1635 reposuit

80 1637 346 1693 ἀμφισβασίη.
393 1641 455 1679 Sic
485 1641 521 1678 in
550 1653 654 1691 seqq.
673 1654 739 1692 pro

81 1694 368 1750 οἷμφισβητέειν
388 1728 397 1746 ,
474 1698 577 1747 quod
631 1698 740 1735 codd.

79 1769 206 1794 omnes
239 1759 389 1800 tenent,
437 1767 528 1791 unus
558 1755 739 1804 Origenes

78 1813 99 1850 l.
113 1814 136 1851 l.
150 1812 294 1850 exhibet
314 1806 618 1862 οἷμφισβατέεινς
640 1812 740 1860 quod

77 1870 198 1908 verius
236 1869 357 1906 iudico
402 1868 579 1917 quodque
630 1869 739 1905 etiam

78 1926 247 1965 meliores
266 1926 348 1963 libri
371 1925 553 1976 praebent
575 1924 642 1971 IX,
669 1924 739 1966 74.

135 2007 287 2061 ἥκοντα
314 2009 353 2058 ἐξ
373 2004 566 2061 Ἀρτάκης
585 2004 740 2060 πόλιος]

0 2083 1 2096 ³
77 2068 110 2105 E
129 2068 347 2106 Florentino
375 2080 455 2104 cum
477 2066 683 2116 Schweigh.
704 2071 741 2105 et

0 2153 1 2176 ἲ
80 2125 197 2162 Gaisf.
250 2124 397 2175 reposui
430 2118 622 2175 Ἀρτοὲκης
671 2136 740 2174 pro

0 2222 1 2230 ἵ
78 2181 175 2231 vulg.
212 2176 441 2232 Ἀρτακίης,
487 2181 589 2229 quod
628 2181 741 2217 fontis

0 2231 1 2237 ἵ
79 2241 136 2277 est
176 2250 310 2276 nomen
343 2250 460 2289 prope
485 2237 642 2274 Artocen
678 2250 739 2274 ur-

80 2294 163 2332 bem
180 2323 191 2342 ,
246 2298 341 2332 teste
392 2293 512 2330 Schol.
567 2292 739 2344 Apollon.

80 2350 200 2388 Rhod.
222 2351 250 2398 I,
271 2353 365 2393 957.
408 2345 614 2401 Ἀρτακίης
637 2350 739 2388 exhi-

81 2406 144 2444 bet
164 2408 330 2445 Eustath.
357 2407 404 2444 ad
426 2407 577 2445 Homer.
603 2407 739 2457 Odyss.

83 2462 119 2499 X
138 2476 174 2513 p.
195 2465 314 2508 1650,
335 2462 389 2504 54
408 2477 436 2500 S.
461 2466 556 2512 386,
578 2466 645 2504 26.
692 2462 742 2500 At

83 2518 260 2569 Stephan.
289 2521 381 2570 Byz.
411 2533 497 2570 pag.
521 2519 601 2562 174
630 2520 741 2558 Berk.

82 2568 248 2626 ’Λρτάκη
267 2572 382 2622 πόλις
407 2577 597 2629 Φρυγίας,
619 2572 739 2616 cinot-

82 2631 151 2669 κία
175 2632 389 2682 Μιλησίων
412 2648 448 2671 κ.
477 2649 508 2671 τ.
537 2636 569 2672 λ.
628 2633 739 2684 Apud

82 2686 218 2725 Matth.
232 2701 438 2738 operarum,
453 2695 492 2726 ut
502 2690 657 2737 videtur,
679 2703 739 2727 so-

81 2744 207 2781 cordia
225 2748 342 2781 exstat
361 2739 590 2795 Ἀρτιακίης.
640 2747 738 2784 Infra

81 2799 144 2848 Vl,
163 2801 216 2842 33
237 2805 334 2839 recte
355 2800 532 2839 invenitur
548 2799 736 2855 Ἀρτάκης

797 661 891 697 quae
910 649 994 686 urbs
1013 653 1217 698 portusque
1234 647 1332 684 haud
1350 645 1460 694 longe

797 706 911 742 abfuit
955 718 978 742 a
1012 705 1171 755 Cyzico,
1222 716 1380 754 quocum
1423 703 1461 739 in

798 774 907 799 unam
938 763 1032 799 adeo
1068 763 1193 800 urbem
1224 760 1378 811 posthac
1409 761 1464 796 vi-

799 820 908 855 detur
929 819 1116 856 coaluisse.
1163 819 1223 856 Tu
1240 818 1335 855 conf.
1357 817 1464 853 Stra-

800 876 884 912 bon.
902 876 988 912 Xlll
1010 889 1045 925 p.
1069 877 1151 916 582
1167 889 1194 911 S.
1208 875 1343 916 87313.
1376 873 1463 910 XlV

799 946 835 982 p.
856 934 936 973 635
962 945 989 968 S.
1019 933 1095 973 941
1119 931 1166 969 D.
1217 931 1310 968 Plin.
1335 931 1384 970 H.
1411 929 1460 967 N.

799 988 845 1035 V,
868 988 922 1029 40
943 990 1048 1036 (32).
1089 989 1187 1032 Quin
1215 988 1303 1038 ipsis
1332 988 1368 1024 in
1391 984 1462 1024 Ar-

798 1049 1039 1094 gonautarum
1087 1045 1195 1082 rebus
1239 1048 1462 1081 memoratur

799 1101 906 1148 urbs;
936 1102 1006 1137 vid.
1030 1101 1179 1151 Orphic.
1204 1099 1342 1150 Argon.
1363 1100 1459 1140 496.

798 1156 908 1195 Nunc
937 1162 1087 1194 vocatur
1116 1157 1251 1194 Artakz·
1279 1157 1462 1206 sedesque

799 1218 854 1251 est
873 1214 1133 1265 archiepiscopi
1156 1214 1351 1263 Cyziceni,
1382 1215 1464 1264 ipso

799 1269 873 1307 scil.
885 1271 1022 1320 Cyzico
1044 1283 1183 1309 everso.
1207 1271 1263 1308 Cf.
1278 1270 1463 1309 Mannert.

799 1327 863 1376 Vl,
886 1329 910 1368 3
928 1341 965 1378 p.
991 1327 1085 1369 531.

857 1435 957 1479 ἰόντι
979 1438 1044 1479 ἐπὶ
1069 1441 1261 1492 Κυζίκου]
1294 1443 1316 1479 i.
1337 1454 1368 1479 e.
1394 1440 1464 1492 Cy-

798 1498 914 1534 zicum
933 1510 1066 1544 versus,
1091 1499 1179 1536 satis
1199 1503 1288 1536 noto
1308 1498 1462 1547 loquen-

799 1554 835 1590 di
856 1567 936 1591 usu.
968 1555 1023 1592 Ac
1036 1555 1249 1592 Plutarchus
1269 1555 1304 1591 in
1315 1554 1461 1591 Romul.

798 1609 820 1646 l.
842 1610 865 1647 l.
903 1610 1082 1649 Crotonem
1101 1612 1208 1663 ponit
1227 1624 1295 1663 pro
1318 1610 1461 1662 Cyzico,

799 1667 845 1704 de
859 1680 931 1716 qua
953 1668 1041 1706 urbe
1059 1681 1155 1706 nunc
1174 1669 1295 1706 deleta
1315 1669 1460 1718 paucis-

799 1737 870 1773 que
889 1725 1081 1762 ruderibus
1101 1729 1262 1763 veterem
1283 1724 1459 1775 splendo-

797 1793 873 1818 rem
900 1785 1061 1820 testante
1090 1783 1307 1832 praecipuus
1332 1786 1462 1819 auctor

798 1838 933 1874 Strabo
952 1838 1020 1876 Xll
1046 1851 1130 1889 pag.
1153 1838 1233 1880 575
1257 1852 1285 1878 S.
1314 1839 1392 1880 861
1413 1838 1458 1875 C·

797 1894 878 1931 coll.
899 1895 988 1932 XlV
1015 1909 1101 1946 pag.
1124 1896 1207 1937 635
1234 1909 1262 1933 S.
1295 1893 1372 1935 941
1399 1895 1462 1942 D.,

797 1964 953 2000 quocum
966 1954 1060 1989 conf.
1078 1951 1231 1989 Diodor.
1244 1953 1315 1989 Sic.
1326 1951 1461 1998 XVIII,

798 2007 864 2048 51.
900 2008 993 2047 Plin.
1021 2008 1043 2046 l.
1065 2008 1109 2053 l.,
1140 2009 1212 2049 alii.
1264 2009 1343 2046 Sita
1365 2009 1459 2046 enim

798 2068 877 2101 erat
894 2066 931 2102 in
950 2065 1190 2116 Propontidis
1210 2065 1342 2112 insula,
1375 2078 1461 2102 con-

796 2121 925 2159 tinenti
948 2135 1031 2160 mox
1058 2123 1200 2170 iuncta,
1250 2135 1272 2160 a
1294 2121 1460 2168 Milesiis,

799 2182 838 2215 ut
851 2179 1000 2227 quidam
1021 2179 1159 2225 volunt,
1180 2180 1347 2225 condita3
1366 2191 1462 2228 quae

797 2239 947 2285 postera
977 2239 1100 2274 aetate
1120 2236 1348 2286 potissimum
1374 2236 1463 2273 emi-

797 2293 878 2329 nuit
895 2297 1006 2341 atque
1024 2294 1204 2340 innotuit,
1236 2292 1461 2330 Mithridatis

797 2350 1013 2400 praesertim
1037 2350 1274 2400 temporibus.
1317 2349 1462 2399 Exigua

797 2406 897 2443 urbis
939 2407 1091 2454 rudera,
1139 2419 1235 2456 quae
1277 2406 1462 2455 hodieque

797 2475 991 2514 superesse
1026 2464 1218 2511 dicuntur,
1264 2464 1301 2500 in
1329 2463 1459 2513 quibus

799 2519 1128 2569 amphitheatrum,
1175 2533 1292 2571 prope
1340 2520 1457 2557 locum

799 2576 937 2614 Antakz'
963 2590 984 2614 a
1002 2577 1213 2615 recentioris
1236 2577 1367 2614 aetatis
1394 2589 1459 2626 pe-

795 2634 1083 2682 regrinatoribus
1101 2634 1317 2671 indicantur.
1350 2631 1459 2668 Plura

795 2690 898 2727 dabit
920 2689 956 2728 T
959 2690 1124 2728 zschuck.
1158 2691 1206 2727 ad
1227 2688 1312 2726 Mel.
1344 2688 1371 2734 1,
1406 2689 1457 2727 19

794 2750 887 2783 nott.
917 2759 1047 2796 exegg.
1069 2746 1149 2783 Vol.
1171 2745 1222 2782 Ill
1255 2745 1295 2782 P.
1330 2744 1342 2781 l
1369 2755 1455 2794 pag.

793 2802 876 2844 555
899 2815 976 2852 seq.
