1946 3272
435 250 491 290 40
834 249 1296 289 HERODOTI

434 355 598 413 ήσαντο
628 357 706 409 τὰς
733 356 875 415 θήκας
905 355 1075 411 αὐτῶν,
1116 360 1161 401 αἳ
1189 357 1389 413 λέγονται
1419 356 1703 409 σκευάζεσθαι

575 509 684 560 Cap.
715 509 847 547 XXIV.

438 566 480 603 αἳ
503 563 681 617 λέγονται
707 562 970 610 σκευάζεσθαι
1002 563 1041 611 ἐξ

380 620 516 671 ὑέλου]
546 620 665 661 ὑέλου
689 635 767 659 cum
788 620 988 669 Schueigh.
1005 624 1043 657 et

382 679 499 715 Gaisf.
536 679 620 716 dedi
663 691 729 728 pro
762 677 856 724 vulg.
900 673 1041 722 ὖάλου,

382 736 437 772 cui
456 735 528 771 duo
547 734 628 772 libri
645 733 903 781 suffragantur.
937 733 1043 776 Quae

382 792 604 840 grammatici
631 790 764 826 Graeci
794 789 841 826 de
864 788 1043 826 discrimi-

381 861 429 885 ne
449 849 544 885 inter
560 843 674 891 ὕελος
693 850 730 882 et
747 842 868 890 ὕαλος
885 845 1043 882 doceant

382 905 453 941 vid.
482 903 580 953 apud
606 902 739 939 Thom.
766 901 936 949 Magistr.
957 913 1043 951 pag.

383 962 465 1001 862
516 972 593 1008 seq.
638 957 756 994 Moer.
810 970 895 1007 pag.
947 958 1044 998 373.

383 1015 574 1064 Phrynich.
603 1026 692 1064 pag.
733 1015 814 1054 309
847 1026 952 1062 seqq.
984 1014 1043 1051 ed.

381 1071 544 1110 Lobeck.
583 1091 641 1100 --
662 1070 862 1122 Matthiae
895 1070 1047 1108 retinuit

381 1122 524 1167 ὑάλου.
565 1147 621 1155 -
680 1126 738 1164 Α(1
791 1131 1046 1176 argumentum

382 1185 451 1221 loci
470 1184 698 1235 potissimum
724 1184 933 1220 conferatur
951 1182 1045 1220 Dio-

383 1241 463 1277 dori
495 1239 553 1278 vel
584 1241 703 1290 potius
729 1240 897 1286 Ctesiae,
936 1251 1046 1289 quem

383 1298 489 1344 citat,
527 1296 627 1333 locus
653 1296 710 1344 II,
744 1296 819 1342 15,
857 1297 894 1333 in
926 1297 1045 1345 fragg.

383 1355 505 1392 Ctess.
554 1365 641 1403 pag.
683 1352 764 1393 410
810 1365 913 1402 seq.‚
972 1352 1047 1400 ubi,

383 1410 485 1460 quod
541 1410 588 1446 ad
644 1410 849 1447 dissensum
902 1408 1049 1446 Ctesiae

384 1471 496 1516 atque
533 1466 718 1504 Herodoti
767 1465 920 1513 attinet,
966 1478 1049 1502 eum

383 1523 550 1561 Diodoro
571 1523 693 1573 potius
717 1534 783 1572 pro
806 1534 907 1559 more
930 1522 1047 1558 minus

385 1583 554 1617 accurate
570 1579 765 1616 Ctesianos
783 1577 894 1615 libros
913 1578 1048 1615 exscri-

383 1636 486 1673 benti
520 1636 796 1672 attribuendum
823 1634 938 1671 videri
968 1647 1048 1671 mo-

385 1692 459 1729 nui.
492 1691 592 1735 Quid
614 1705 700 1729 vero
718 1704 809 1729 voce
828 1688 947 1729 ὖέλου
969 1689 1047 1727 He·

385 1749 538 1785 rodotus
558 1748 775 1796 designarit,
804 1747 842 1784 id
861 1751 962 1784 certo
982 1746 1048 1784 de-

385 1805 490 1842 finire
529 1804 788 1841 difficillimum.
853 1802 911 1841 De
942 1805 1048 1850 vitm,

386 1861 488 1910 quod
506 1860 620 1898 multo
636 1861 763 1898 labore
782 1860 961 1909 coquitur,
980 1872 1049 1896 nec

386 1918 422 1954 in
442 1922 538 1954 terra
556 1919 635 1967 ipsa
653 1917 824 1963 nascitur,
847 1928 919 1965 quo
931 1916 1047 1952 minus

387 1973 654 2022 intelligamus,
694 1974 844 2010 obstant
871 1972 952 2022 ipsa
970 1972 1049 2009 He-

387 2030 508 2066 rodoti
527 2030 639 2067 verba
669 2026 725 2080 (ή
752 2027 793 2067 δέ
822 2040 893 2077 σφι
921 2023 1048 2077 πολλή

387 2084 454 2125 καὶ
474 2081 634 2136 εὕεργός
652 2081 900 2136 ὄρύσσεται),·
921 2097 1050 2134 quam-

388 2154 497 2192 quam
535 2143 586 2178 ita
617 2141 752 2192 placuit
782 2141 905 2178 Pawio
948 2142 1051 2188 (Re-

389 2198 527 2236 cherch.
549 2198 678 2249 philos.
707 2211 768 2234 sur
797 2197 848 2235 les
872 2197 1007 2247 Egypt.
1037 2196 1050 2233 Ι

389 2268 423 2305 p.
446 2257 523 2296 191
547 2254 624 2292 coll.
637 2268 672 2305 p.
688 2254 804 2301 283),
826 2254 993 2291 Vincent.
1015 2266 1049 2303 p.

1098 508 1165 556 (ad
1189 508 1341 549 Diodor.
1362 508 1384 546 l.
1409 509 1453 557 l.)
1472 509 1501 546 si
1527 509 1667 555 audias,
1695 507 1762 545 suit

1099 564 1279 602 metallica
1291 565 1472 614 quaedam
1485 565 1639 616 specim,
1651 576 1760 613 quam

1099 627 1221 658 tamen
1249 621 1329 671 ipse
1359 634 1398 659 se
1422 623 1590 670 ignorare
1614 622 1760 665 fatetur,

1099 675 1168 713 hoc
1200 677 1399 714 adiiciens:
1447 678 1619 725 „stibium
1649 681 1762 721 certe,

1099 733 1200 781 quod
1221 737 1261 770 et
1280 733 1527 770 Antimonium
1545 734 1687 780 dicitur,
1709 732 1763 768 vi-

1100 790 1208 827 detur
1236 802 1317 827 esse
1347 791 1526 838 quaedam
1561 789 1641 826 vitri
1678 801 1762 838 spe-

1100 846 1212 882 cies.“
1248 845 1432 882 Electrum
1453 859 1482 883 s.
1502 847 1681 882 succinum
1704 845 1763 881 su-

1101 902 1193 948 isse,
1230 902 1388 952 probare
1416 903 1557 939 studuit
1583 899 1763 937 Gataker.

1101 958 1148 993 ad
1166 957 1218 995 M.
1241 958 1377 994 Anton.
1396 959 1444 994 lv
1468 972 1504 1008 p.
1531 959 1622 1003 133,
1661 969 1764 993 acce-

1102 1013 1213 1050 dente
1232 1013 1285 1050 M.
1303 1013 1470 1050 Gesnero
1490 1014 1525 1050 in
1544 1015 1764 1051 Commentt.

1102 1070 1229 1107 societ.
1254 1068 1423 1118 Gotting.
1454 1069 1505 1106 111
1524 1083 1560 1120 p.
1584 1071 1665 1114 92,
1698 1069 1765 1105 ob-

1101 1125 1274 1176 loquente
1292 1124 1538 1175 Wesselingio
1560 1126 1623 1171 (ad
1643 1124 1766 1162 Hero-

1101 1182 1181 1219 doti
1198 1182 1355 1228 locum),
1386 1182 1443 1219 cui
1460 1182 1528 1233 ipsi
1549 1182 1585 1218 in
1605 1184 1764 1229 mentem

1101 1243 1251 1276 venerat
1268 1238 1325 1275 sal
1337 1238 1501 1289 fossilis,
1541 1238 1603 1287 qui
1623 1237 1764 1286 ingenti

1101 1295 1207 1345 copia
1238 1296 1275 1331 in
1303 1295 1521 1344 quibusdam
1545 1293 1764 1344 Aethiopiae

1101 1352 1265 1402 partibus
1295 1352 1485 1402 proveniat
1509 1355 1546 1388 et
1565 1363 1610 1388 ex
1634 1349 1764 1386 nativis

1101 1414 1244 1445 secetur
1269 1408 1474 1451 montibus3
1518 1407 1693 1456 quodque
1727 1405 1765 1442 in

1102 1464 1216 1501 lucem
1243 1465 1391 1513 quando
1413 1462 1595 1514 prolatum
1615 1463 1684 1510 sit,
1715 1462 1767 1498 ita

1102 1521 1291 1565 durescat,
1332 1525 1373 1558 ut
1405 1520 1451 1558 ab
1491 1519 1667 1570 imperitis
1698 1530 1766 1568 pro

1100 1577 1196 1613 vitro
1216 1577 1357 1614 censeri
1378 1576 1505 1626 possit.
1535 1576 1632 1613 Add.
1645 1574 1767 1611 Bron-

1103 1634 1225 1682 gniart
1239 1633 1365 1671 Traite
1382 1632 1485 1670 elem.
1506 1632 1553 1669 de
1574 1631 1705 1668 Miner.
1720 1630 1764 1666 T.

1104 1690 1119 1727 l
1147 1703 1182 1739 p.
1205 1689 1294 1730 144.
1344 1689 1396 1726 Et
1422 1702 1465 1726 eo
1496 1687 1767 1738 quodammodo

1103 1745 1252 1782 inclinat
1273 1743 1382 1783 Italus
1402 1744 1594 1795 interpres,
1615 1742 1768 1780 multum

1104 1802 1152 1840 de
1171 1801 1206 1839 h.
1225 1801 1248 1839 1.
1269 1802 1477 1851 disputans.
1523 1800 1670 1848 Heynio
1689 1799 1769 1846 (De

1103 1858 1257 1896 fontibb.
1272 1858 1425 1896 Diodor.
1447 1870 1483 1907 p.
1501 1856 1570 1895 LX
1589 1857 1646 1894 ed.
1663 1856 1769 1906 Bip.)

1104 1915 1289 1965 placuerat
1335 1914 1487 1950 bitumen
1535 1926 1565 1950 s.
1611 1914 1748 1961 gummi
1755 1925 1768 1956 ,·

1106 1971 1296 2018 Werfero,
1316 1976 1494 2020 quantum
1516 1982 1561 2008 ex
1578 1969 1642 2016 iis,
1673 1981 1769 2018 quae

1105 2028 1143 2064 in
1165 2028 1261 2064 Actt.
1278 2027 1376 2078 phill.
1398 2026 1564 2064 Monacc.
1585 2026 1600 2061 1
1627 2038 1664 2075 p.
1688 2027 1781 2066 107-

1106 2084 1270 2135 scripsit,
1314 2083 1516 2132 intelligere
1561 2082 1665 2128 licet,
1714 2080 1769 2118 sal

1106 2143 1310 2184 montanus‚·
1328 2139 1436 2177 Gallo
1456 2138 1648 2189 interpreti
1659 2136 1768 2186 Mi0t‚

1106 2197 1247 2247 species
1275 2199 1395 2234 micae.
1443 2196 1536 2235 Mihi
1564 2195 1701 2232 dudum
1732 2194 1769 2232 in

1107 2258 1268 2291 mentem
1292 2257 1441 2290 venerat
1465 2252 1692 2289 alabastrites
1713 2250 1769 2288 Ia-

389 2312 472 2353 794
503 2324 606 2360 seqq.
649 2311 697 2347 ad
734 2310 866 2347 calcem
894 2309 1049 2348 Rennel.
1100 2312 1160 2360 pis
1173 2311 1400 2359 maximeque
1416 2322 1495 2346 sum
1508 2308 1676 2355 laetatus,
1690 2319 1769 2344 cum

390 2367 436 2405 de
457 2380 582 2417 geogr.
603 2367 743 2405 Herod.
781 2371 819 2403 et
847 2379 964 2416 nuper
984 2366 1050 2403 ad-

389 2423 536 2460 modum
557 2424 634 2460 viro
659 2423 882 2460 nobilissimo
909 2423 955 2460 de
979 2421 1051 2458 Mi-

389 2479 524 2526 nutoli,
565 2479 775 2528 Nachtriige
795 2493 827 2515 z.
848 2479 958 2516 Reise
982 2482 1048 2514 etc.

389 2549 474 2588 pag.
505 2537 586 2577 224
620 2549 723 2585 seqq.
784 2534 998 2586 Crystallum
1012 2534 1049 2581 ²⁸)

390 2592 586 2640 significari
604 2593 807 2643 suspicatus
826 2596 881 2628 est
891 2592 1049 2628 Heeren.

390 2648 580 2695 Ideen.11,
608 2651 628 2690 1
659 2662 694 2698 p.
715 2648 822 2693 3353
867 2648 966 2697 quod
996 2651 1052 2683 ta-

391 2718 473 2743 men
492 2706 607 2756 ipsum
628 2705 663 2741 in
687 2705 911 2742 calidissimis
932 2704 1051 2752 regio-

391 2762 496 2800 nibus
517 2761 583 2799 illis
601 2775 668 2798 nec
685 2761 800 2797 oritur
818 2774 885 2797 nec
905 2760 1051 2796 omnino

391 2817 497 2856 facile
517 2822 573 2857 est
591 2817 789 2856 elaboratu.
835 2815 1051 2854 Palmerium

1107 2367 1142 2403 in
1164 2366 1337 2403 Creuzeri
1357 2366 1579 2402 Commentt.
1601 2363 1768 2401 Herodd.

1106 2436 1143 2473 p.
1165 2422 1218 2463 54
1239 2427 1314 2459 not.
1334 2424 1386 2462 26
1420 2421 1499 2468 (ubi
1521 2421 1567 2457 de
1588 2419 1621 2456 h.
1641 2419 1663 2456 1.
1683 2432 1769 2457 con-

1106 2478 1173 2515 suli
1193 2478 1265 2514 vult
1284 2483 1428 2529 praeter
1446 2478 1540 2513 viros
1561 2476 1692 2512 doctos
1709 2488 1770 2512 su-

1107 2546 1173 2584 pra
1213 2534 1382 2570 laudatos
1425 2533 1544 2582 Heyn.
1584 2532 1622 2568 in
1652 2531 1768 2568 Notit.

1108 2590 1221 2627 Mum.
1244 2590 1479 2638 Gottingens.
1502 2601 1539 2640 p.
1570 2589 1608 2633 8,
1641 2587 1770 2636 Zoega

1109 2647 1156 2684 de
1177 2645 1355 2683 Obeliscc.
1376 2659 1411 2695 p.
1428 2647 1522 2686 261.
1537 2645 1630 2684 266.
1663 2644 1767 2681 Com.

1110 2703 1158 2739 ‹le
1170 2702 1271 2739 Palin
1293 2702 1329 2739 in
1351 2703 1534 2750 sragmens
1554 2713 1616 2737 sur
1633 2699 1769 2738 l’etude

1109 2759 1174 2796 des
1195 2757 1453 2810 hieroglyphes
1473 2756 1520 2795 Τ.
1545 2757 1560 2793 1
1579 2756 1652 2807 p.4
1665 2769 1768 2808 seqq.

1109 2828 1147 2865 p.
1171 2817 1235 2856 12.
1266 2814 1471 2863 Boettiger.
1493 2813 1602 2851 ldeen
1623 2826 1686 2851 zur
1703 2811 1769 2851 Ar-

461 2895 494 2936 ·)
519 2896 607 2937 Apud
632 2895 744 2929 achin.
765 2895 841 2927 Tat.
859 2895 896 2931 11,
918 2897 949 2927 8.
968 2886 1086 2925 ὕαλον
1106 2886 1364 2934 ὀρωρυγμένην
1382 2893 1542 2933 explicant
1561 2890 1770 2935 crystallum.

1918 731 1921 743 l

1917 788 1922 830 i

1910 835 1921 847 11

1915 872 1923 1059 1

1910 983 1914 995 Ι

1911 1062 1923 1174 l

1912 1179 1923 1295 1

1912 1256 1914 1267 l

1912 1269 1913 1284 l

1910 1403 1921 1427 4

1912 1433 1922 1461 Ἰ

1920 1515 1923 1526 v

1904 2746 1908 2783 ἰ
