1863 3256
468 231 1028 274 MELPOMENE.
1086 234 1150 274 IV.
1354 243 1436 283 611

150 340 298 396 3ρὲων
333 340 466 395 ὁδοῦ,
505 341 578 385 καὶ
615 339 844 395 α’νθρωποι
881 339 1106 393 οἰκέοντες.
1162 342 1215 386 τοὶ
1246 345 1292 388 δὲ
1321 349 1436 392 οἰκία
1490 349 1764 414 hunllffcf'r‘f'

179 413 372 458 τούτοισι
411 415 518 456 πᾶσι
557 411 604 456 ἐκ
643 416 731 455 τῶν
769 411 930 455 ἁλίνων
958 412 1158 468 χόνδρων
1187 415 1436 471 οἷκοδομέα-
1447 415 1765 480 Ξοξξίῗῶξῐᾶθωωᾶ-

177 502 262 530 ται.
318 487 455 527 ταῦτα
483 483 567 538 γὰρ
594 483 678 540 ἤδη
707 486 782 538 τῆς
811 482 977 539 Λιβύης
1007 484 1208 542 ἄνομβρα
1235 486 1438 531 ἐστι·οὐ

176 558 260 613 γάρ
286 555 343 598 ἂν
371 554 583 610 ἠδυνέατο
612 555 759 610 μένειν
788 555 830 596 οἱ
858 560 998 610 τοῖχοι
1027 556 1170 607 ἐόντες
1200 556 1366 611 ἅλινοι,
1401 560 1438 602 εἰ

175 623 239 671 ὗε.
297 625 322 670 ὁ
353 626 400 669 δὲ
430 624 505 676 ἃλς
534 624 692 669 αὐτόθι
720 626 794 668 καὶ
823 627 975 676 λευκὸς
1004 628 1077 670 καὶ
1106 627 1360 684 πορφύρεος
1387 628 1437 673 τὸ

146 696 297 747 4εἶδος
335 694 577 748 ὀρύσσεται.
632 693 758 751 Ὑπὲρ
795 695 840 739 δὲ
869 700 944 752 τῆς
974 697 1144 755 ὀφρύης
1172 698 1352 756 ταύτης,
1388 699 1437 743 τό

175 767 287 822 πρὸς
318 766 451 809 νότον
479 767 552 808 καὶ
581 764 819 822 μεσόγαιαν
848 771 923 822 τῆς
956 769 1145 824 Λιβύης,
1177 769 1334 826 ἐρῆμος
1363 772 1493 815 καὶ25

177 839 368 892 ἄνυδρος
396 838 469 881 καὶ
501 836 669 894 ἄθηρος
698 837 772 880 καὶ
803 837 1025 894 ἄνομβρος
1054 841 1127 883 καὶ
1158 839 1311 893 ἄξυλός
1340 842 1430 886 ἐστι

174 908 203 968 ἡ
232 908 370 966 χώρη·
408 909 482 952 καὶ
508 909 686 965 ἰκμάδος
716 908 804 952 ἐστὶ
833 909 879 952 ἐν
910 908 1021 966 αὐτῇ
1051 909 1192 954 οὐδέν.

289 979 416 1024 Οὕτω
462 980 540 1035 μὲν
585 980 707 1037 μέχρι
750 984 827 1037 τῆς
868 983 1130 1036 Τριτωνίδος
1169 983 1320 1039 λίμνης
1355 981 1432 1027 ἀπ’

173 1050 400 1108 Αἰγύπτου
439 1050 624 1108 νομάδες
664 1052 744 1094 εἰσὶ
773 1051 1014 1108 κρεοφάγοι
1045 1069 1089 1096 τε
1117 1054 1191 1097 καὶ
1219 1059 1431 1110 γαλακτο-

173 1124 303 1168 πόται
341 1123 522 1178 Λίβυες·
579 1123 652 1167 καὶ
689 1122 862 1180 θηλέων
897 1140 942 1168 τε
981 1126 1101 1180 βοῶν
1140 1122 1196 1168 οὔ
1234 1142 1275 1170 τι
1310 1127 1433 1183 γευό-

1491 996 1574 1026 Inter
1605 999 1769 1060 Aeglyptum

1491 1033 1681 1093 emlidgtlrlldm
1660 1067 1768 1101 [Al-fs)

1490 1098 1537 1126 Βο
1522 1108 1566 1126 om
1569 1100 1640 1127 31169
1628 1109 1656 1127 s:
1677 1101 1728 1126 alm
1717 1101 1767 1127 *bt

1489 1141 1537 1161 nei
1531 1139 1562 1160 ut
1588 1142 1640 1161 6511
1664 1142 1717 1160 rea
1720 1142 1767 1160 c-a

1490 1175 1576 1204 rum,
1612 1175 1667 1196 nec
1697 1176 1768 1195 sues

117 1294 242 1340 ciunt,
296 1294 516 1337 exstructas,
574 1290 661 1328 viles
699 1291 777 1329 illas

117 1350 265 1399 quidem
288 1353 324 1386 et
343 1347 507 1393 humiles,
531 1350 625 1384 teste
648 1349 777 1384 eodem

115 1405 258 1444 Leone.
318 1405 424 1441 Facit
455 1404 524 1441 huc
551 1403 687 1440 Plinius
718 1403 776 1441 De

116 1460 458 1500 Hammanientibus
476 1460 635 1497 scribens
655 1460 702 1497 H.
724 1459 774 1497 N.

116 1518 163 1565 V,
185 1517 233 1558 5:
286 1517 451 1565 „domos
486 1516 560 1553 sale
594 1517 776 1553 montibus

117 1575 192 1612 suis
213 1575 332 1611 exciso
344 1603 355 1621 ,
384 1586 452 1610 ceu
470 1572 593 1623 lapide
611 1578 778 1609 constru-

119 1632 228 1668 unt.“
270 1630 537 1668 Gerrhaeorum
560 1627 698 1675 οὲλίνας
719 1629 777 1668 οἰ-

116 1687 207 1733 κίας
227 1687 304 1724 sive
329 1686 439 1723 aedes
466 1699 486 1723 6
515 1685 591 1723 5316
618 1690 774 1722 structas

119 1747 298 1782 memorat
316 1743 451 1779 Strabo
473 1742 560 1779 XVI
586 1754 672 1792 pag.
692 1745 774 1783 766

118 1799 166 1837 B.
201 1813 230 1838 s.
257 1802 365 1840 1110
388 1799 431 1836 C.
498 1798 696 1836 Rennelius
726 1799 774 1835 ad

115 1855 212 1894 hunc
230 1856 277 1893 de
296 1855 446 1892 aedibus
465 1855 540 1892 sale
559 1856 774 1892 constructis

115 1911 258 1960 locum,
287 1925 398 1961 quem
417 1924 611 1962 perperam
636 1925 672 1961 p.
691 1913 773 1951 660

116 1969 166 2006 ad
198 1969 440 2007 Garamantes
470 1968 588 2005 retulit
610 1968 774 2017 itemque

115 2038 154 2077 p.
178 2027 261 2066 672
289 2025 337 2061 ad
357 2024 570 2072 Atarantes‚
610 2037 702 2073 quos
736 2025 773 2061 in

117 2081 197 2119 oasi
221 2081 396 2118 Gadamis
422 2081 586 2118 habitare
609 2081 772 2131 suspica-

117 2141 198 2184 tur,
235 2137 343 2174 affert
362 2137 495 2173 Shawii
514 2138 772 2184 testimonium,

119 2195 215 2231 intra
241 2193 408 2243 Tripolin
441 2205 484 2230 ac
507 2193 775 2230 Mauretaniam

119 2250 203 2287 salis
247 2249 397 2300 reperiri
444 2248 550 2287 colles
590 2249 774 2298 lacusque,

117 2307 311 2357 ipsumque
345 2305 460 2342 solum
493 2306 706 2354 gravidum,
754 2318 775 2343 6

119 2374 192 2412 quo
210 2361 314 2399 multi
333 2361 415 2399 salis
429 2363 547 2399 fontes
563 2361 777 2411 prosiliant3

120 2431 277 2467 eumque
292 2419 406 2456 salem
423 2418 527 2455 valde
547 2419 676 2454 durum
696 2430 776 2454 esse

119 2485 164 2511 36
193 2473 336 2511 firmum
366 2474 497 2524 lapidis
525 2475 572 2511 ad
601 2475 715 2511 instar
740 2478 778 2511 et

119 2529 218 2567 rubri
245 2530 325 2568 fere
350 2530 500 2576 coloris;
540 2530 661 2567 album
691 2542 778 2567 vero

121 2597 228 2632 eum,
269 2586 331 2634 qui
354 2587 402 2624 de
423 2587 606 2624 montibus
628 2588 778 2634 defluat,

120 2641 214 2680 nivis
244 2641 295 2678 ad
326 2642 440 2680 instar
466 2647 505 2681 et
540 2643 781 2681 amaritudine

122 2701 306 2735 carentem
345 2699 453 2736 omni.
512 2699 570 2737 De
601 2713 675 2749 quo
705 2699 780 2737 sale

123 2752 235 2791 Italus
268 2753 448 2804 interpres
471 2755 580 2793 affert
597 2755 715 2793 locum
737 2768 782 2793 ex

124 2808 320 2847 Alexandr.
347 2809 510 2849 Itinerar.
535 2824 652 2864 nuper
673 2813 782 2851 dete-

124 2870 187 2904 cto
209 2864 247 2918 §-
270 2865 336 2908 52.

891 1305 1015 1330 ταυτα
1036 1306 1111 1343 γαρ
1135 1288 1216 1343 η’δη
1240 1295 1311 1342 τῆς
1332 1290 1495 1345 Λιβύης

836 1344 886 1386 α’ν
891 1343 1021 1398 οιιβρά
1044 1347 1138 1397 ἐστι]
1178 1350 1211 1385 V
1214 1351 1281 1386 eris
1285 1351 1374 1388 sime
1404 1351 1495 1390 haec

832 1405 926 1441 tradi
949 1416 1159 1449 monemul,
1200 1418 1278 1442 cum
1315 1408 1351 1442 in
1390 1407 1491 1445 hisce

831 1461 1041 1509 regionibus
1069 1460 1155 1498 inde
1187 1474 1209 1497 3
1230 1462 1328 1510 Syrti
1357 1463 1488 1500 minori

834 1517 952 1554 nullae
978 1529 1128 1566 prorsus
1149 1518 1318 1555 decidant
1344 1519 1489 1557 imbres,

835 1575 942 1610 Conf.
979 1573 1135 1612 Rennel.
1177 1587 1262 1623 pag.
1295 1578 1371 1615 671
1410 1589 1487 1624 seq.

832 1629 952 1666 Ritter
979 1628 1097 1665 Erdk.
1131 1629 1146 1665 Ι
1169 1642 1254 1680 pag.
1287 1633 1406 1670 1026.
1432 1653 1485 1658 —-

832 1685 890 1723 Ad
925 1685 1035 1723 verba
1071 1682 1113 1724 τό
1148 1683 1247 1735 πρός
1278 1682 1393 1725 νότον
1419 1686 1487 1726 καὶ

833 1737 1046 1794 μεσόγαιαν
1069 1743 1166 1779 conf.
1190 1742 1318 1779 Matth.
1340 1743 1404 1783 Gr.
1417 1744 1486 1781 Gr.

832 1796 868 1848 ἓ.
889 1798 971 1839 437
992 1802 1067 1834 not.
1089 1797 1115 1836 4
1138 1811 1223 1848 pag.
1246 1801 1340 1840 818.
1399 1800 1488 1837 Mox

831 1856 956 1905 scripsi
987 1853 1135 1907 ἔρῆμος
1157 1868 1226 1906 pro
1253 1854 1419 1908 ἔρημος,
1447 1859 1489 1894 ut

831 1911 906 1960 IV,
939 1913 1002 1952 18.

941 2038 961 2056 ‚
971 2000 1002 2038 c
1014 2012 1035 2039 a
1045 2013 1083 2052 p.
1108 1999 1343 2039 chxxw.

887 2078 962 2120 εἶσὶ
979 2076 1199 2132 κρεοφάγοι
1220 2094 1261 2118 τε
1281 2077 1348 2118 καὶ
1370 2080 1487 2131 γαλα-

828 2132 1035 2187 κτοπόται]
1056 2137 1157 2174 Idem
1177 2137 1223 2174 de
1236 2137 1378 2185 Scythis
1393 2137 1489 2185 Hip-

828 2197 969 2245 pocrat.
979 2193 1037 2231 De
1049 2206 1124 2230 aer.
1138 2205 1195 2242 aq.
1207 2199 1244 2230 et
1262 2192 1348 2229 loce.
1362 2191 1398 2243 §.
1411 2190 1487 2231 94·

831 2247 947 2288 αὐτοι
971 2244 1012 2288 δ’
1040 2248 1225 2288 ἐσθίουσι
1251 2247 1346 2299 κρέα
1375 2244 1488 2297 ἕφθα

831 2305 900 2345 καὶ
924 2305 1088 2344 πίνουσι
1108 2302 1207 2357 γαλα
1233 2304 1388 2351 ι’ππων,
1426 2304 1488 2341 ubi

831 2362 1018 2400 Herodoti
1047 2362 1147 2398 locus
1171 2374 1245 2398 non
1265 2362 1358 2408 sugit
1379 2362 1493 2398 inter-

831 2422 987 2469 pretem.
1009 2439 1061 2446 —
1083 2417 1172 2454 Mox
1190 2430 1257 2467 pro
1281 2414 1392 2456 οὔτοι
1413 2430 1493 2454 cum

833 2478 984 2512 recentt.
1013 2474 1098 2512 edd.
1121 2474 1206 2511 dedi
1229 2470 1289 2512 οὔ
1313 2488 1370 2512 τι.
1433 2473 1493 2509 Ad

833 2534 1086 2579 argumentum
1117 2529 1183 2567 loci
1224 2531 1318 2567 conf.
1351 2529 1491 2566 Herod.

834 2588 882 2633 ll,
905 2585 955 2627 41
981 2591 1018 2624 et
1041 2587 1141 2636 quod
1168 2587 1215 2623 ad
1246 2599 1328 2623 sues
1360 2586 1492 2622 attinet

835 2644 883 2691 ΙΙ,
897 2643 962 2685 47.
982 2642 1078 2680 Add.
1091 2642 1262 2679 Bochart.
1281 2641 1488 2678 Hierozoic.

836 2701 870 2737 Il
891 2712 969 2750 cap.
998 2701 1051 2740 57
1076 2712 1161 2750 pag.
1182 2700 1283 2742 703‚
1329 2697 1390 2732 ubi
1416 2697 1490 2732 Ae-

836 2758 1005 2807 gyptios,
1052 2754 1273 2803 Aethiopes,
1318 2753 1429 2788 Indos
1469 2763 1491 2787 a

839 2825 904 2850 sue
945 2811 1165 2849 abstinuisse
1210 2808 1330 2846 multis
1370 2807 1493 2846 accitis

838 2869 949 2906 docet
977 2867 1141 2905 testibus.

1138 2922 1190 2961 39
1204 2920 1222 2941 *
