1879 3255
587 184 1059 227 THALIA.111.

1410 192 1464 232 13

168 300 435 359 ὄνομάζουσι
476 297 522 341 δὲ
559 297 637 341 τὸν
665 297 746 354 μὲν
774 295 1022 348 Διόνυσον,
1060 294 1264 351 Ὀροτάλ·
1310 296 1389 353 τήν
1420 298 1466 341 δὲ

103 380 134 423 9
196 371 420 426 Οὐρανίην
431 403 441 422 ,
479 366 661 413 Ἀλιλάτ.
713 367 831 411 Ἐπεὶ
862 361 925 410 ὧν
953 367 1035 424 τήν
1063 369 1209 411 πίστιν
1244 370 1359 410 τοῖσι
1389 366 1464 423 α’γ·

190 444 352 500 γέλοισι
406 445 520 484 τοῖσι
566 437 686 493 παρὰ
724 438 971 495 Καμβύσεω
1023 436 1304 494 ἀπιγμένοισι
1350 437 1463 481 ἐποι-
1521 444 1585 495 ξέΨ·

160 513 326 570 Ξήσατο
359 511 382 555 ὁ
412 509 635 566 Ἀράβιος,
668 510 909 567 ἐμηχανᾶτο
939 509 1098 554 τοιάδε.
1142 508 1306 561 ἀσκοὺς
1327 508 1577 566 meavi-35⁰³*

189 589 277 628 λων
305 582 472 639 πλήσας
499 581 682 633 ὕδατος,
715 580 889 634 ἐπέσαξε
919 580 988 624 ἐπὶ
1017 581 1096 633 τοὶς
1127 580 1238 635 ζωᾶς
1266 583 1356 623 τῶν
1385 596 1465 624 κα-

188 777 367 833 booron]
409 781 465 818 lta
486 794 567 818 cum
590 779 795 829 Schweigh.

134 844 172 877 et
200 840 318 878 Gaisl'.
361 839 564 884 edidimus,
603 838 797 874 addicente

131 896 346 934 Florentino
368 894 534 944 aliisque.
581 895 622 931 ln
644 893 798 931 Floren—

135 954 211 990 tino
241 957 363 989 tamen
398 953 495 1001 prius
529 952 709 988 exstitisse
745 951 796 985 vi-

136 1012 243 1048 detur
258 1005 453 1058 Ὀροτάλτ,
490 1009 590 1057 quod
605 1008 701 1044 idem
717 1007 797 1057 pln-

136 1079 194 1104 res
215 1066 272 1102 alii
292 1066 465 1103 exhibent
483 1064 574 1101 libri.
614 1064 798 1100 Sanerosti

135 1123 225 1160 liber
247 1117 432 1173 Ὀρατοῖλ,
464 1122 549 1158 edd.
572 1125 657 1158 vett.
681 1115 797 1169 ου’ρο-

135 1175 230 1218 τάλτ
268 1177 360 1229 [‚,et
409 1178 459 1214 ita
507 1178 632 1214 scribit
670 1177 797 1226 Payne

134 1235 282 1285 Knight
301 1248 348 1270 on
369 1234 554 1283 symbolic.
574 1234 670 1282 lang.
695 1232 730 1284 ἓ.
743 1235 798 1274 30

133 1305 219 1343 pag.
240 1293 343 1332 22.“
381 1290 482 1341 Cr.],
523 1291 622 1328 unde
644 1290 798 1328 wesse-

133 1349 222 1398 ling.
250 1353 464 1399 reposuerat
486 1342 686 1400 Ου’ροτάλ,
717 1360 797 1383 mo-

134 1418 225 1443 nens
256 1405 315 1442 hic
351 1405 537 1454 designari
577 1406 650 1441 duo
686 1404 796 1440 totins

133 1463 285 1500 orientis
309 1463 505 1513 praecipua
529 1461 700 1507 numina,
730 1460 797 1497 So-

134 1519 199 1557 lem
221 1524 259 1556 et
275 1518 437 1565 Lunam,
475 1519 587 1568 inque
607 1530 698 1555 voce
722 1512 797 1556 Ου’-

135 1570 254 1628 ροτάλ
277 1577 471 1613 manifesto
490 1576 612 1613 inesse
632 1575 799 1612 Hebrae-

135 1646 237 1669 orum
257 1638 295 1670 et
315 1632 471 1669 Arabum
491 1642 562 1670 Ὃκ
590 1632 613 1668 ἰ.
635 1646 666 1669 e.
683 1631 798 1678 solem,

136 1689 262 1726 lumen.
301 1690 440 1726 Contra
458 1689 645 1726 Hammer.
667 1688 702 1724 in
723 1688 801 1724 An-

136 1746 220 1783 nall.
243 1746 458 1783 Viennenss.
480 1745 515 1782 X
546 1759 582 1795 p.
605 1746 688 1784 222
723 1739 800 1782 Οὕ-

136 1798 256 1854 ροτάλ
302 1802 538 1853 probabiliter
591 1805 799 1852 corruptum

136 1863 262 1897 censet
280 1872 348 1909 pro
370 1853 566 1904 Ου’σατοὲλ,
597 1871 693 1907 quae
714 1870 800 1895 vera

137 1916 184 1953 sit
205 1915 361 1953 Arabica
377 1928 457 1953 vox.
496 1910 649 1953 Ἀλιλάτ
668 1915 797 1952 eadem

136 1977 193 2010 est
212 1973 302 2019 dea,
342 1985 437 2022 quae
463 1972 500 2020 I,
535 1973 610 2012 131
647 1976 800 2009 vocatur

133 2024 308 2076 Ἁλίττα,
338 2030 422 2066 luna
441 2042 469 2065 s.
488 2028 655 2066 coelestis
673 2028 798 2065 Venus

135 2086 310 2123 Arabum.
331 2085 392 2122 Tu
404 2086 498 2124 conf.
513 2085 685 2122 Bochart.
703 2085 800 2121 Pha-

137 2143 199 2192 leg
217 2143 261 2190 ΙΙ,
284 2144 334 2181 19
358 2155 381 2179 a
399 2142 620 2191 VVesseling.
639 2143 800 2180 citatum.

137 2199 250 2236 Cuius
285 2200 446 2237 eiusdem
486 2199 579 2236 deae
614 2199 650 2236 in
697 2211 801 2235 sacro

135 2255 388 2294 Mohammedi
417 2256 542 2293 codice
564 2256 605 2293 fit
635 2256 772 2294 mentio
792 2268 801 2292 ε

135 2303 302 2368 021³?
323 2325 359 2361 in
381 2325 463 2361 Sur.
488 2324 562 2371 51,
600 2336 686 2375 pag.
717 2324 799 2363 298

137 2403 299 2442 Marecc.
355 2403 477 2454 Atque
512 2404 623 2442 etiam
650 2377 805 2490 ύὲἐὶῐ

137 2495 238 2543 qnod
258 2493 382 2544 procul
404 2494 527 2542 dubio,
545 2495 663 2532 iudice
682 2494 803 2531 Hitzi-

139 2551 200 2600 gio
214 2579 224 2598 ,
275 2551 331 2588 cui
379 2551 469 2588 haec
512 2551 652 2598 debeo,
703 2551 801 2588 idem

141 2610 197 2644 est
214 2616 325 2657 atquc
343 2604 430 2654 κοζὲ
449 2609 549 2658 apud
566 2607 711 2658 Ioseph.
723 2607 802 2644 An-

141 2662 231 2712 tiqq.
250 2663 332 2712 XV,
349 2667 374 2705 7
400 2663 436 2716 §.
455 2666 494 2711 9,
526 2665 627 2714 quod
646 2664 802 2702 Edomi-

142 2721 260 2756 tarnm
273 2725 329 2758 est
343 2734 491 2759 numen.
521 2721 712 2758 Edomitas
734 2734 800 2758 au-

143 2777 218 2811 tem
237 2775 448 2815 Herodotus
473 2791 547 2815 una
573 2791 653 2816 cum
669 2777 801 2815 Arabi-

145 2830 213 2867 bus
241 2833 427 2884 complecti
454 2835 620 2883 videtur3
659 2835 707 2873 de
727 2847 799 2886 quo

854 777 974 816 multis
994 779 1133 815 monuit
1153 779 1364 827 Hottinger.
1379 777 1519 815 Histor.

854 837 982 872 orient.
1010 849 1095 886 pag.
1122 837 1204 875 228
1225 849 1330 885 seqq.
1360 836 1417 873 ed.
1446 848 1519 873 sec.

854 892 933 929 coll.
947 893 1105 930 Pocock.
1117 893 1225 942 Spec.
1239 891 1519 929 HistonArabb.

854 963 889 999 p.
910 952 962 989 89
984 962 1087 999 seqq.
1109 950 1167 986 ed.
1191 949 1326 987 white.
1367 948 1425 986 Ab
1453 949 1520 985 hac

855 1019 941 1043 vero
964 1007 1033 1043 (lea
1056 1007 1206 1055 eiusque
1239 1005 1337 1042 cultu
1359 1006 1519 1042 Arabum

856 1063 959 1110 genti
992 1062 1139 1099 Alilaeis
1153 1090 1163 1107 ‚
1214 1062 1313 1099 cuius
1358 1063 1522 1099 meminit

854 1119 1006 1156 Diodor.
1029 1119 1092 1164 ΙΙΙ,
1117 1118 1184 1165 44,
1206 1131 1339 1155 nomen
1363 1119 1519 1155 inditum

854 1176 966 1212 fuisse
987 1175 1187 1224 probabilis
1203 1180 1258 1211 est
1279 1176 1459 1213 sententia
1477 1174 1520 1211 F.

854 1232 905 1268 H.
943 1230 1089 1269 Mulieri
1135 1231 1194 1269 De
1233 1231 1333 1269 rebb.
1376 1232 1521 1269 Semitt.

855 1287 1037 1338 (Berolin.
1062 1290 1191 1337 1831)
1221 1301 1309 1339 pag.
1335 1287 1402 1336 42,
1431 1301 1523 1338 quo-

854 1358 934 1384 cum
943 1345 1217 1383 conf.Bochart.
1229 1344 1380 1395 Phaleg.
1394 1345 1441 1393 ΙΙ,
1456 1347 1520 1385 19.

1086 1449 1192 1499 Cap.
1226 1448 1288 1485 lx.

912 1523 1063 1574 ἀσκούς
1090 1523 1296 1580 καμήλων]
1347 1526 1523 1576 Intelligit

855 1589 950 1623 utres
972 1599 988 1623 e
1005 1585 1096 1636 pelle
1122 1585 1329 1623 camelorum
1347 1585 1470 1635 factos
1492 1597 1522 1620 s.

856 1643 1005 1680 omnino
1022 1643 1156 1692 pellem
1181 1642 1426 1688 camelorum,
1449 1641 1524 1691 qua

857 1699 931 1735 scil.
959 1699 1049 1736 utris
1083 1699 1163 1737 loco
1199 1702 1399 1737 uterentur.
1459 1697 1522 1735 Tu

856 1756 951 1792 conf.
982 1756 1062 1803 Vll,
1090 1758 1144 1796 26
1182 1757 1270 1805 ibiq.
1315 1756 1522 1805 interprett.

856 1812 946 1850 Inde
968 1812 1037 1849 hoc
1058 1812 1137 1850 loco
1161 1808 1276 1852 οἷσκοὶ
1300 1811 1430 1862 (pelles
1457 1824 1519 1848 ca-

854 1869 1037 1918 melorum)
1057 1873 1292 1920 opponuntur
1308 1872 1393 1915 ταῖς
1406 1869 1522 1915 ζωαῖς

855 1921 1050 1976 καμήλοις
1079 1927 1121 1974 (ἰ.
1152 1940 1183 1964 e.
1212 1928 1305 1963 vivis
1337 1923 1520 1973 camelis);

856 1983 987 2033 quibus
1004 1995 1051 2020 sc.
1073 1983 1140 2020 hos
1163 1989 1260 2021 utres
1282 1983 1378 2032 aqua
1403 1981 1522 2032 reple-

855 2044 914 2077 tos
955 2040 1139 2090 imposuit.
1220 2040 1393 2089 Namque
1432 2037 1522 2078 ἐπι-

859 2092 1015 2135 ocimu}
1034 2097 1215 2147 significat
1236 2099 1414 2147 imponere.
1463 2095 1524 2132 ln-

858 2154 907 2191 de
935 2166 1082 2203 quoque
1111 2154 1152 2190 fit
1185 2158 1350 2191 nostrum
1380 2152 1521 2190 sattlen.

858 2210 967 2247 Conf.
986 2211 1156 2261 Xenoph.
1176 2209 1293 2248 Anah.
1316 2210 1382 2257 ΙΙΙ,
1401 2211 1440 2257 4,
1456 2209 1522 2249 35.

857 2266 931 2304 Pro
966 2265 1130 2315 ἐπέσαξε
1164 2267 1258 2305 male
1295 2280 1389 2305 unus
1431 2266 1521 2303 liber

859 2322 1028 2371 ἔπίλαξε.
1068 2323 1176 2374 Vulg.
1204 2325 1303 2362 citat.
1323 2323 1413 2361 Lex.
1432 2323 1522 2371 Seg.

859 2394 895 2432 p.
918 2379 985 2429 94,
1007 2382 1071 2420 23.
1103 2381 1218 2418 Paulo
1236 2385 1320 2432 post
1338 2394 1405 2431 pro
1429 2377 1524 2418 ὑπέ-

861 2452 969 2488 μεινε
987 2437 1105 2475 Schw.
1130 2443 1166 2475 et
1176 2438 1293 2475 Gaisf.
1312 2450 1355 2475 ex
1371 2436 1524 2475 Floren-

858 2495 935 2531 tino
961 2494 1053 2531 libro
1073 2499 1112 2532 et
1129 2495 1295 2532 Passion.
1323 2494 1403 2531 cod.
1426 2505 1524 2531 rece-

859 2556 995 2602 perunt
1015 2549 1132 2602 ὖπέμ
1146 2566 1195 2590 εν
1208 2566 1236 2590 ε.
1284 2550 1365 2589 Nos
1396 2563 1525 2588 censo-

859 2621 936 2646 rem
972 2608 1086 2645 secuti
1115 2609 1152 2645 in
1175 2607 1438 2660 Ephemeridd.
1467 2606 1524 2642 Ie-

859 2677 983 2702 nenSS.
1014 2666 1124 2705 1817
1151 2678 1205 2703 nr.
1229 2663 1309 2705 164
1338 2676 1423 2715 pag.
1441 2660 1521 2701 374

856 2721 1070 2759 retinuimus
1107 2721 1293 2771 vulgatam
1330 2720 1522 2757 lectionem

855 2777 1090 2829 plurimorum
1112 2778 1286 2817 librorum
1304 2776 1522 2815 auctoritate

855 2835 1048 2874 fismatam.

1522 367 1674 399 Quomodo
1703 369 1799 397 Arab-

1522 404 1662 442 Cambynj
1702 411 1800 438 aquae

1537 478 1561 495 ie
1588 478 1656 509 prox

1580 511 1641 530 ran

1589 445 1635 463 am
1650 445 1679 463 m
1698 437 1795 464 deser-

1657 470 1765 504 fiderit,

1669 503 1798 533 diverse.
