1946 3272
119 589 245 617 Archiae
254 611 262 624 ‚

449 214 505 252 98
848 216 1315 255 HERoDoTt

451 320 599 378 ῥάχιος
626 326 707 365 τοῦ
738 323 893 377 οὔρεος
926 324 1129 377 ἐπεόντα,
1161 326 1397 382 ἐπεξῆλθον
1417 328 1521 369 οἵτε
1548 327 1716 370 ἐπίκου·

448 408 519 448 ροι
555 394 627 436 καὶ
667 393 815 436 αὐτῶν
844 399 1027 449 Σαμίων
1056 399 1225 451 συχνοί·
1278 396 1501 452 δεξάμενοι
1539 397 1584 440 δὲ
1613 397 1718 448 τούς

448 466 825 518 Λακεδαιμονίους
855 466 926 509 ἐπ’
957 465 1108 521 ὀλίγον
1136 467 1318 521 χρόνον,
1349 468 1538 524 ἔφευγον
1568 468 1773 512 ὀπίσω·15

320 526 386 570 55
445 536 488 577 οἷ
520 535 587 586 δὲ,
631 535 913 590 ἐπισπόμενοι
954 537 1159 580 ἔκτεινον.
1222 541 1277 581 Εἰ
1314 537 1394 594 μέν
1431 556 1515 583 νυν
1555 541 1598 583 οῖ
1636 556 1720 582 πα-

306 591 391 617 cuius

117 628 258 663 nepote-q
283 623 391 663 'nero-
449 604 620 658 ρεόντες
652 608 1011 662 Λακεδαιμονίων
1042 605 1189 662 ὁμοῖοι
1219 608 1420 663 ἐγένοντο
1450 610 1613 666 ταύτην
1640 611 1721 666 τήν

116 655 391 724 ἶῖῐὲᾒιέἐὼῖαεὲἷ
448 674 613 730 ἡμέρην
648 675 791 734 Ἀρχίῃ
830 694 872 720 τε
911 679 982 720 καὶ
1013 678 1231 733 Λυκώπῃ,
1274 679 1429 734 αἷρέθη
1465 680 1520 723 ἂν
1551 681 1719 737 Σάμος.

117 723 338 750 daemoniorum

117 757 213 784 virtus
231 762 262 785 et
283 766 374 784 mors.
420 743 612 801 2Ἀρχίης
637 749 720 802 γάρ
753 750 826 792 καὶ
849 747 1066 804 Λυκώπης
1082 753 1242 803 μοῦνοι
1261 750 1598 802 συνεσπεσόντες
1619 753 1720 806 φεύ-

446 828 575 871 γουσι
604 816 647 868 ἐς
676 818 725 862 τὸ
750 825 885 875 τεῖχος
905 825 1017 863 τοῖσι
1039 821 1271 874 Σαμίοισι,
1314 821 1385 863 καὶ
1407 819 1719 878 ἀποκληϊσθὲν-
1731 830 1777 863 20

448 903 517 938 τες
545 892 621 943 τῆς
651 887 789 932 ὀπίσω
821 889 954 941 ὁδοῦ,
1004 889 1230 933 ἀπέθανον
1260 890 1306 934 ἐν
1335 896 1388 948 τῇ
1419 891 1518 936 πόλι
1549 898 1602 950 τῇ
1633 898 1718 936 Σα-

418 964 441 997 3
452 960 576 1012 μίων.
620 961 750 1018 τρίτῳ
782 962 828 1004 δὲ
859 959 937 1004 ἀπ’
974 958 1148 1016 Ἀρχίεω
1178 961 1341 1005 τούτου
1369 963 1568 1017 γεγονότι
1600 963 1717 1022 ἄλλῳ
1783 974 1865 1017 224

444 1027 610 1086 Ἀρχίῃ,
657 1035 719 1089 τῷ
748 1033 925 1089 Σαμίου
963 1036 1043 1076 τοῦ
1075 1031 1270 1088 Ἀρχίεω,
1310 1031 1441 1084 αὐτὸς
1470 1034 1517 1077 ἐν
1550 1033 1720 1090 Πιτάνῃ

395 1221 484 1258 ρεος
512 1202 696 1257 ἐπεόντα]
736 1206 968 1246 Munimenta
998 1210 1054 1245 in-

394 1263 523 1313 telligit
543 1264 579 1300 in
606 1265 716 1300 dorso
737 1263 879 1313 Ampeli
909 1267 1053 1312 montis,

395 1321 457 1370 qui
482 1333 549 1370 per
578 1325 696 1358 totam
721 1321 872 1357 insulam
893 1323 1055 1371 porrigi-

394 1382 472 1421 tur,
503 1382 684 1414 exstructa
701 1376 785 1413 albo
807 1391 850 1414 ex
874 1378 995 1427 lapide
1019 1384 1056 1416 et

395 1434 603 1483 quindecim
634 1434 748 1483 pedes
769 1435 965 1471 eminentia
992 1436 1058 1472 de-

396 1502 549 1538 cemque
586 1490 681 1536 lata,
730 1489 767 1525 in
806 1491 937 1539 quibus
974 1496 1058 1542 post

393 1546 572 1583 decimum
602 1550 741 1583 sextum
781 1560 965 1596 quemque
990 1562 1056 1598 pe-

395 1602 480 1639 dem
510 1602 632 1639 turris
647 1602 939 1652 conspiciebatur
949 1633 960 1650 ,
990 1605 1058 1641 nisi

396 1659 470 1708 qua
492 1663 623 1695 natura
639 1671 765 1695 saxum
782 1672 959 1710 praeceps
979 1674 1059 1698 mu-

395 1715 547 1752 nimenti
575 1727 605 1755 s,
634 1716 742 1751 turris
772 1716 945 1753 inlocum
969 1718 1057 1754 sub-

396 1771 574 1808 stituerat.
633 1771 730 1808 Hinc
771 1772 808 1807 in
848 1773 1059 1810 suburbium

396 1823 708 1877 (προάστειον),
749 1827 895 1866 lunonis
922 1830 1060 1880 templo

395 1884 548 1934 aliisque
569 1884 741 1921 aedificiis
757 1884 1059 1934 splendidissimis

395 1941 559 1989 insigne,
587 1941 724 1977 intrare
743 1940 851 1980 licuit.
881 1942 965 1978 Vid.
986 1942 1059 1978 Pa-

395 1997 507 2033 nofka
525 1997 699 2033 Samiorr.
735 1997 810 2034 Res
833 2011 870 2047 p.
883 1997 956 2038 34
973 1999 1058 2047 ibiq.

395 2052 520 2089 laudd.
543 2074 595 2079 -—
622 2048 942 2103 ἀπηλάσθησαν
971 2056 1058 2092 scri-

396 2109 452 2158 psi
484 2122 552 2158 pro
586 2103 898 2159 ἀπηλάθησαν,
934 2115 974 2148 ut
994 2111 1059 2158 ΙΙΙ,

397 2163 464 2204 46.
511 2165 569 2201 Ad
599 2163 804 2217 ἐπίκουροι
839 2168 933 2204 conf.
967 2171 1058 2205 nott.

397 2222 446 2257 ad
469 2221 532 2268 ΙΙΙ,
549 2225 588 2262 4,

617 2278 731 2327 Cap.
761 2276 840 2314 LV.

457 2331 513 2370 Εἰ
530 2331 601 2382 μέν
617 2332 961 2386 νυν-ἐγένοντο]
983 2333 1059 2386 ἕγί-

398 2402 516 2426 νοντο
540 2389 743 2437 Schweigh.
776 2397 813 2428 et
844 2391 961 2427 Gaisf.
990 2405 1057 2441 pro

398 2442 600 2495 ἐγένοντο,
664 2446 765 2494 quod
804 2448 933 2484 retinui
975 2461 1056 2484 cum

399 2501 532 2538 Matth.
556 2500 626 2537 Pro
650 2499 956 2549 συνεσπεσόντες
979 2503 1058 2540 libri

400 2557 473 2594 duo
508 2553 792 2606 συμπεσόντες,
847 2573 914 2608 nec
957 2559 1058 2597 aliter

400 2613 559 2662 Gregor.
589 2613 756 2649 Corinth.
790 2617 836 2652 de
867 2615 951 2654 dial.
980 2616 1058 2652 1011.

401 2667 438 2720 ὃ.
462 2672 481 2710 1
514 2682 597 2719 pag.
620 2671 713 2710 374.

456 2720 576 2771 αὕτός
604 2723 645 2763 ἐν
664 2721 823 2778 Πιτάνῃ
856 2721 1059 2776 συνεγενό-

399 2780 493 2832 μην]
506 2781 616 2818 Graii
629 2795 752 2819 errore
764 2781 898 2832 lapsus,
915 2783 1057 2832 opinor,

397 2838 452 2874 vir
481 2838 631 2886 doctm,
671 2838 798 2887 Heyse
833 2839 869 2875 in
906 2839 1057 2882 Quaest.

1111 1209 1307 1248 Herodott.
1330 1211 1342 1247 Ι
1361 1225 1395 1261 p.
1410 1212 1462 1252 89
1482 1211 1538 1247 hie
1557 1210 1604 1246 de
1624 1207 1774 1255 Pitana,

1112 1264 1259 1304 Aeolica
1312 1268 1422 1314 urbe,
1475 1268 1613 1315 cogitat
1632 1294 1643 1311 ‚
1693 1278 1773 1302 cum

1112 1324 1228 1359 omnis
1249 1324 1407 1360 narratio
1427 1337 1470 1361 eo
1488 1336 1554 1360 nos
1576 1323 1707 1368 ducat,
1737 1325 1775 1358 ut

1113 1378 1298 1416 Laconiav
1321 1380 1437 1417 locum
1459 1380 1514 1417 hic
1533 1378 1683 1427 intelligi
1699 1382 1775 1414 sta-

1114 1440 1277 1482 tuamus,
1306 1436 1399 1473 hanc
1418 1450 1502 1473 vero
1522 1436 1637 1485 ipsam
1655 1434 1776 1482 regio-

1114 1505 1197 1529 nem
1210 1491 1388 1529 Nostrum
1407 1494 1532 1529 visisse
1555 1491 1676 1541 plures
1693 1491 1775 1537 loci,

1114 1549 1176 1585 ubi
1215 1548 1429 1585 Herodotus
1473 1547 1776 1585 Lacedaemoniis

1116 1605 1225 1640 utitur
1247 1605 1413 1652 testibus,
1436 1605 1481 1641 ab
1501 1605 1631 1641 eodem
1650 1603 1776 1652 Heyse

1116 1660 1262 1697 collecti
1282 1660 1303 1697 l.
1323 1661 1344 1697 Ι.
1364 1674 1400 1711 p.
1428 1663 1521 1707 119,
1543 1661 1630 1698 satis
1652 1664 1777 1696 osten-

1116 1717 1217 1753 dunt.
1259 1717 1343 1760 Quo
1369 1717 1595 1766 potissimum
1618 1717 1703 1753 facit
1723 1715 1778 1752 lo-

1116 1786 1191 1819 cus,
1214 1774 1276 1822 qui
1302 1773 1436 1822 legitur
1455 1773 1518 1818 ΙΙΙ,
1540 1773 1604 1814 47.
1637 1771 1776 1809 Intelli-

1116 1830 1214 1878 gitur
1235 1834 1354 1866 autem
1376 1830 1410 1866 h.
1431 1832 1453 1866 l.
1485 1829 1624 1866 Pitana
1643 1829 1690 1865 ad
1701 1828 1777 1865 Eu-

1116 1891 1253 1931 rotam,
1293 1886 1451 1935 Spartae
1477 1886 1574 1922 vicus
1604 1897 1696 1922 unus
1731 1896 1776 1922 ex

1116 1941 1396 1990 antiquissimis,
1437 1941 1662 1979 occidentem
1695 1953 1776 1978 ver-

1116 2010 1200 2043 suS,
1240 1997 1463 2046 multumque
1489 1997 1691 2035 celebratus
1718 2000 1776 2033 at-

1116 2066 1188 2102 que
1208 2054 1333 2090 incolis
1355 2055 1539 2103 frequens.
1584 2054 1657 2098 Qui
1676 2053 1776 2091 idem

1116 2110 1162 2146 ab
1183 2109 1375 2147 Herodoto
1394 2111 1428 2147 h.
1447 2110 1469 2147 l.
1501 2110 1628 2160 δῆμος
1645 2110 1776 2160 appel-

1115 2166 1228 2214 latur,
1255 2179 1276 2203 a
1294 2167 1518 2215 Thucydidis
1542 2166 1652 2204 schol.
1671 2166 1699 2213 l,
1720 2168 1776 2206 20

1117 2218 1258 2272 κώμη,
1295 2223 1343 2260 ab
1365 2223 1444 2260 aliis
1463 2219 1591 2274 φυλὴ,
1623 2234 1776 2272 quarum

1117 2283 1277 2328 quatuor
1303 2280 1449 2316 omnino
1479 2281 1636 2330 Spartae
1666 2279 1776 2316 fuisse

1115 2335 1253 2372 volunt.
1301 2335 1434 2384 Neque
1463 2338 1558 2373 enim
1586 2337 1635 2372 ad
1667 2347 1777 2372 unam

1116 2392 1273 2428 Atticam
1293 2396 1426 2429 terram
1444 2393 1602 2442 pertinet
1617 2404 1686 2428 vox
1705 2390 1775 2436 δῆ-

1114 2462 1200 2497 μος,
1231 2449 1296 2485 sed
1312 2448 1360 2484 ad
1380 2448 1468 2484 alias
1487 2460 1636 2497 quoque
1655 2446 1777 2494 regio-

1114 2517 1202 2550 nes,
1252 2505 1411 2552 indeque
1450 2505 1548 2540 varie
1597 2503 1776 2550 redditur,

1115 2572 1195 2596 cum
1225 2560 1373 2596 omnino
1411 2572 1546 2609 pagum
1580 2572 1608 2596 s.
1644 2559 1775 2605 vicum,

1115 2616 1170 2651 cui
1193 2615 1246 2651 sui
1267 2616 1368 2662 agri,
1408 2617 1640 2663 magistratus
1663 2615 1776 2652 adeo-

1116 2684 1187 2719 que
1208 2684 1323 2716 sacra,
1347 2671 1392 2707 ab
1411 2671 1488 2707 aliis
1510 2676 1693 2721 separata,
1709 2671 1777 2709 de-

1115 2727 1248 2775 signet.
1281 2727 1309 2763 V
1315 2728 1362 2763 id.
1380 2727 1535 2764 Siebelis
1551 2728 1598 2764 ad
1617 2728 1775 2764 Pausan.

1117 2783 1144 2828 l,
1172 2787 1186 2822 1
1212 2780 1247 2832 ξ.
1269 2787 1304 2824 2.
1336 2784 1434 2819 Satis
1456 2797 1540 2821 vero
1561 2788 1688 2820 notum
1707 2787 1776 2830 est,

1115 2839 1279 2876 l'itauam
1300 2852 1412 2877 unum
1429 2852 1474 2877 ex
1499 2840 1703 2879 istiusmodi
1723 2840 1777 2877 vi-

1921 379 1931 574 --³-..-†=:*.·:-
1923 348 1925 358 ·<
1922 267 1935 330 ⁴--v-v3
1922 246 1924 249 ·
1923 202 1925 226 -Α
1923 114 1925 181 ᾼψᾼᾼ
1923 65 1925 99 *⁴
1922 0 1926 50 --

1918 1235 1928 1284 i„

1919 1286 1928 1317 'l

1918 1330 1928 1387 -÷

1918 1400 1927 1424 'l
