1863 3256
97 425 258 461 Agathyrsi
298 429 375 457 lauti

96 465 128 487 ct
162 468 237 488 auro
280 463 370 490 culti:

433 123 518 163 474

404 229 536 282 Mdv,
580 230 766 287 μάλιστα
804 233 850 276 δὲ
892 231 998 285 ὑπὲρ
1037 236 1113 288 τῆς
1150 231 1439 288 καπνοδόκης.

837 124 1301 163 HERODOTI

1510 234 1617 288 φασὶ
1657 235 1701 278 δὲ
1712 244 1755 276 30

431 300 616 354 τούτους
638 303 867 358 φυλάκους
892 306 967 357 τῆς
992 303 1131 357 οἰκίης
1150 302 1288 359 πάσης
1310 302 1696 358 ὑπεραιωρέεσθαι.

269 365 368 409 104
426 375 528 424 ζῶσι
558 374 603 416 ὁὲ
635 373 718 416 dno*
749 376 871 428 ληΐης
900 388 943 415 τε
974 372 1046 415 καὶ
1078 373 1288 427 πολέμου.
1345 372 1608 430 Ἀγάθυρσοι
1639 375 1696 427 δὲ,

376 619 486 665 erigit
509 619 586 664 ita,
624 620 664 654 ut
695 616 805 654 multo
837 630 947 667 supra
976 617 1037 654 clo-

374 687 484 720 ηιιιηι,
543 677 633 710 certe
674 687 784 723 supra
824 673 1036 723 fumarium,

373 732 535 767 emineat.
594 730 649 767 lta
692 734 791 767 recte
830 731 1034 779 Schweigh.

373 787 437 823 Sic
475 781 698 837 οἷναπαρεὶς
741 786 810 833 lv,
852 786 917 826 94.
976 787 1035 823 Ad

375 841 466 894 ἱστᾷ
506 843 601 879 conf.
638 842 770 879 Matth.
807 842 871 879 Gr.
899 843 965 878 Gr.
997 840 1034 892 ξ.

374 900 481 945 210,
512 902 547 938 1.
598 898 664 935 Cr.
696 899 869 935 amandat
900 899 947 935 ad
975 911 1032 945 ea,

372 967 469 1004 quae
499 955 547 991 ad
566 954 734 992 Proclum
763 955 799 990 in
819 954 915 992 Plat.
937 954 1033 992 Alci-

372 1011 469 1048 biad.
492 1011 506 1048 l
526 1024 611 1061 pag.
634 1013 716 1051 273
741 1011 940 1048 adnotavit.
991 1011 1032 1048 ln

372 1079 477 1116 seqq.
526 1069 638 1105 verba
688 1065 1033 1118 ὑπεραιωρέεσθαι

370 1125 442 1173 τῆς
478 1123 608 1174 οἰκίης
646 1119 800 1174 πάσης,
858 1128 1032 1162 monente

370 1180 574 1230 Schweigh.
603 1181 639 1217 in
664 1180 754 1218 Lex.
775 1181 914 1218 Herod.
934 1181 1029 1218 idem

370 1236 493 1274 valent
518 1241 632 1286 atque
653 1239 724 1287 τῆς
748 1237 877 1286 οἰκίης
899 1234 1030 1287 πάσης

369 1290 574 1344 ’ὑπερέχειν
593 1296 631 1330 in
653 1295 795 1330 sublimi
813 1306 1027 1344 suspensum,

368 1362 398 1386 s.
432 1354 580 1387 erectum
609 1364 719 1400 supra
749 1350 885 1387 (Ιοηιιιηι
919 1354 1028 1387 totam

369 1407 525 1443 eminere.
599 1406 658 1443 Ad
695 1408 806 1445 verba
852 1408 946 1453 ζῶσι
986 1405 1028 1445 δὲ

369 1457 467 1501 α’πό
514 1463 631 1513 ληΐης
673 1477 714 1501 τε
755 1461 822 1502 καὶ
852 1462 1027 1514 πολέμου

366 1519 463 1556 conf.
483 1519 555 1565 IV,
586 1521 652 1560 22.

576 1575 689 1625 Cap.
722 1575 818 1612 CIV.

420 1625 662 1681 Ἀγάθυρσοι
702 1629 761 1682 δὲ]
814 1631 1028 1669 Herodotea

343 1662 346 1665 -
365 1689 488 1736 tangit
508 1689 688 1725 Stobaeus
719 1686 796 1735 44,
826 1687 879 1728 43
912 1686 974 1738 [T.
996 1687 1028 1725 11

314 1762 317 1765 ·
364 1756 402 1793 p.
424 1747 506 1785 230
528 1743 659 1794 Gaisf.]
680 1745 839 1794 itemque
860 1745 1027 1781 Eustath.

365 1800 414 1836 ad
451 1800 603 1850 Dionys,
643 1801 786 1850 Perieg.
816 1802 911 1841 310.
970 1800 1027 1839 De

364 1856 586 1908 Agathyrsz's
607 1859 702 1894 conf.
733 1858 935 1895 Herodotei
957 1857 1026 1894 loci

364 1912 436 1961 lV,
469 1913 535 1954 49.
563 1917 655 1955 100.
689 1917 778 1954 102.
812 1913 902 1955 125.
939 1913 1025 1951 Mel.

365 1969 412 2016 ll,
434 1973 471 2016 1,
491 1970 554 2011 15.
588 1971 628 2007 In
644 1970 910 2019 Transylvania
922 1971 1027 2007 Hun-

367 2027 567 2075 gariaeque
617 2028 812 2077 superioris
863 2028 1026 2077 partibus

366 2083 488 2131 gentis
516 2084 623 2121 sedes
651 2084 761 2121 fuisse
792 2084 1026 2121 consentiens

365 2140 444 2176 sere
473 2144 527 2177 est
558 2140 714 2177 virorum
736 2141 925 2178 doctorum
950 2141 1029 2190 opi-

365 2195 438 2232 nio.
468 2196 552 2232 Vid.
568 2196 724 2234 Rennel.
743 2210 779 2246 p.
794 2196 887 2238 414.
918 2197 1027 2234 Man-

365 2256 458 2288 nert.
478 2252 528 2287 lv
550 2266 585 2302 p.
614 2255 703 2293 102.
735 2253 894 2291 Heeren.
914 2254 1025 2291 Ideen

366 2306 395 2353 I,
423 2310 436 2347 1
469 2321 553 2356 pag.
575 2311 642 2349 94.
692 2309 871 2347 Niebuhr.
903 2311 1024 2347 Verm.

366 2363 511 2400 Schrift.
544 2365 556 2401 l
591 2378 676 2414 pag.
698 2368 792 2406 377.
851 2366 1023 2415 Kiippen.

365 2418 566 2468 Nordgest.
589 2422 624 2458 d.
644 2422 750 2458 Pont.
772 2435 857 2471 pag.
875 2424 938 2462 13.
957 2424 1023 2463 68.

366 2474 425 2512 Ad
452 2476 701 2514 Sarmatarum
742 2479 889 2527 stirpem
922 2479 1023 2526 Aga-

366 2531 504 2582 thyrsos
546 2534 655 2570 refert
692 2533 823 2571 Ritter.
852 2534 1023 2572 Vorhalle

365 2601 451 2638 pag.
486 2592 568 2631 286
598 2602 676 2639 seq.
712 2589 790 2626 coll.
822 2592 924 2637 263,
975 2591 1022 2628 de

364 2646 445 2696 ipso
465 2647 620 2683 nominis
645 2652 767 2694 etymo
787 2659 962 2694 monens,
987 2647 1022 2683 iu

365 2715 439 2751 quo
471 2702 530 2750 (ut
552 2703 587 2739 in
606 2702 683 2740 aliis
707 2703 880 2741 similibus
907 2705 1023 2740 nomi-

363 2758 470 2796 nibus
501 2759 830 2809 ldanth)‘rsoru1n,'
861 2760 1024 2810 Thyrsa-

431 441 666 498 ἁβρότατοι
689 442 845 495 ἄνδρες
873 443 977 496 εἰσὶ,
1011 443 1083 486 καὶ
1112 442 1387 499 χρυσοφόροι
1419 444 1470 488 τὰ
1499 439 1719 501 μάλιστα.Ι

1095 621 1282 666 getarum,
1303 617 1617 668 Thyssagetarum
1628 647 1640 664 ,
1661 616 1751 654 alio-

1094 676 1193 723 rum)
1220 675 1377 711 numinis
1403 674 1479 725 Tyr
1507 674 1665 724 aliquam
1693 686 1751 710 ra-

1091 731 1227 768 tionem
1258 731 1417 768 habitam
1449 732 1563 768 videri
1592 731 1750 768 coniicit.

1093 786 1165 822 Pro
1195 786 1304 824 Dacis
1338 789 1486 824 eosdem
1521 787 1631 824 habet
1659 786 1749 824 Ne-

1091 842 1195 879 buhr.
1216 842 1238 878 l.
1258 843 1279 879 l.
1308 842 1474 880 Thraciis
1500 843 1582 880 hinc
1603 847 1747 880 utentes

1090 898 1250 935 moribus
1273 903 1384 948 atque
1405 899 1591 936 institutis.
1637 900 1747 936 Man—

1089 959 1195 992 nerto
1216 954 1238 991 l.
1262 954 1284 991 l.
1312 955 1510 1004 Agathyrsi
1538 968 1618 992 cum
1640 955 1747 992 Getis

1089 1011 1379 1059 immigrantibus
1414 1012 1591 1049 coaluisse
1620 1011 1748 1049 viden-

1088 1071 1147 1104 tur
1191 1068 1227 1104 in
1267 1080 1376 1104 unam
1416 1073 1590 1117 gentem3
1648 1068 1747 1105 unde

1087 1129 1234 1174 postera
1262 1128 1386 1162 aetate
1415 1126 1574 1171 sactum,
1615 1128 1655 1161 ut
1683 1124 1746 1175 qui

1086 1181 1203 1229 magis
1235 1181 1282 1218 ad
1311 1181 1489 1219 orientem
1525 1181 1746 1228 habitarent,

1087 1238 1218 1284 Getae,
1248 1238 1309 1286 qui
1329 1238 1377 1274 ad
1396 1238 1635 1286 occidentem,
1667 1236 1745 1274 Da-

1087 1306 1158 1331 cae.

1143 1346 1357 1401 ἁβρότατοι
1379 1347 1521 1401 ὅῖνδρες
1541 1348 1634 1399 εἰσὶ]
1673 1344 1742 1387 α’ν-

1087 1407 1195 1457 δρών
1221 1406 1341 1455 plures
1363 1406 1441 1443 libri
1463 1407 1643 1456 praebent
1663 1419 1743 1443 cum

1085 1463 1252 1500 Eustath.
1301 1462 1323 1500 l.
1369 1464 1392 1499 l.
1480 1463 1744 1512 Interpretatur

1085 1518 1308 1566 Schweigh.:
1341 1519 1570 1565 „lautissimi
1592 1518 1744 1555 homines

1086 1578 1217 1614 sunt.“
1245 1597 1301 1602 —
1337 1574 1543 1612 Larcherus
1563 1575 1743 1612 reddidit:

1085 1632 1172 1679 „les
1197 1632 1282 1682 plns
1312 1631 1510 1680 effemine‘es
1531 1631 1572 1668 cle
1600 1635 1676 1667 tous
1695 1631 1744 1668 les

1086 1688 1285 1734 hommes,“
1352 1700 1551 1737 congruere
1599 1701 1742 1737 negans

1085 1745 1174 1783 haec
1190 1758 1272 1782 cum
1291 1757 1354 1792 eo,
1385 1745 1483 1793 quod
1498 1744 1641 1793 Scythis
1664 1744 1744 1781 adi-

1084 1806 1125 1839 tu
1147 1802 1401 1839 interdixerint
1421 1801 1498 1848 (lv,
1529 1801 1649 1848 125),
1673 1800 1742 1837 nisi

1084 1862 1232 1907 gentem
1293 1857 1538 1895 effeminatam
1588 1857 1744 1895 subinde

1083 1915 1273 1965 pristinam
1304 1915 1476 1951 virtutem
1505 1926 1742 1963 recuperasse

1082 1976 1232 2009 statuas.
1274 1971 1451 2020 Equidem
1470 1982 1595 2008 vocem
1616 1967 1739 2021 ἁβρό-

1083 2043 1191 2066 τατοι
1209 2029 1256 2065 ad
1276 2028 1373 2065 vitae
1397 2027 1528 2064 cultum
1549 2026 1740 2065 lautiorem

1083 2097 1126 2122 ac
1141 2084 1395 2129 liberaliorem,
1417 2084 1490 2132 qua
1502 2083 1632 2120 haecce
1649 2096 1740 2132 gens

1084 2154 1173 2192 prae
1203 2142 1353 2178 caeteris
1388 2140 1504 2189 iisque
1533 2140 1740 2176 rudioribus

1085 2197 1315 2245 excelluerit,
1350 2196 1553 2242 retulerim,
1592 2200 1740 2233 auctore

1083 2254 1217 2292 Ritter.
1238 2252 1410 2290 Vorhalle
1438 2264 1522 2302 pag.
1544 2252 1627 2292 287
1646 2265 1738 2301 seq.‚

1083 2311 1144 2359 qui
1173 2310 1396 2360 potissimum
1425 2313 1546 2345 vestes
1574 2308 1738 2345 subtilio-

1082 2380 1139 2403 res
1158 2372 1269 2414 atque
1293 2367 1499 2411 tenuiores,
1536 2365 1665 2413 quibus
1684 2365 1737 2402 usi

1081 2424 1215 2460 suerint
1234 2421 1432 2470 Agathflsi
1445 2449 1455 2467 ‚
1494 2421 1623 2470 respici
1641 2421 1738 2458 arbi—

1080 2483 1194 2515 tratur
1223 2478 1486 2528 Orpheumque
1521 2477 1590 2514 huc
1627 2478 1738 2515 refert

1080 2534 1216 2582 Argon.
1242 2536 1346 2575 1062
1361 2532 1631 2584 ἁβροχίτωνας
1649 2533 1690 2584 (i.
1704 2547 1734 2572 e.

1080 2591 1229 2628 molliter
1251 2595 1288 2628 et
1309 2591 1457 2628 delicate
1481 2593 1669 2638 tunicatos,
1697 2594 1737 2627 ut

1080 2648 1234 2685 Gesner.
1253 2648 1531 2698 interpretatur)
1543 2651 1737 2684 vocantem

1080 2704 1278 2742 Maeotidis
1295 2704 1457 2750 accolas3
1496 2705 1628 2753 quibus
1648 2703 1735 2753 ipsis

1080 2761 1110 2798 si
1134 2761 1317 2799 accenseri
1342 2760 1426 2800 velit
1447 2760 1613 2799 Ritterus
1633 2758 1735 2810 Aga-
