1863 3256
381 271 466 310 634
775 271 1238 310 HERODOTI

378 381 541 435 βρωται
571 377 595 421 ὁ
625 381 793 431 πρῶτος
822 378 1011 431 καρπός,
1049 379 1124 422 καὶ
1154 378 1178 421 ὁ
1210 383 1452 429 τελευταῖος
1481 391 1646 434 συμπα-

379 451 610 505 ραγίνεται.
647 447 762 491 οὕτω
785 446 853 490 ἐπ’
886 448 999 490 ὀκτώ
1024 453 1165 504 μῆνας
1189 450 1464 503 Κυρηναίους
1487 448 1638 506 ὀπώρη
1658 459 1669 490 1

375 520 522 577 ἐπέχει.
585 523 734 562 Ταῦτα
764 517 844 571 μέν
873 535 957 562 νυν
986 520 1054 562 ἐπὶ
1083 523 1298 563 τοσοῦτον
1328 518 1531 574 εἰρήσθω.

217 597 318 642 200
488 593 541 634 Οἱ
579 589 624 632 δὲ
667 589 899 643 Φερετίμης
937 591 1119 673 τιμωροὶ
1159 590 1347 643 Πέρσαι,
1388 590 1478 632 ἐπεί
1514 606 1558 632 τε
1597 590 1644 632 ἐκ

42 661 68 688 1'
61 668 167 721 'fm‘'
186 661 325 723 j’bgssg‘g‘
381 666 456 718 τῆς
478 659 705 716 Αἰγύπτου
734 658 956 710 σταλέντες
977 660 1064 704 ὑπὸ
1094 665 1173 704 τοῦ
1191 659 1439 714 Ἀρυανδεω
1461 658 1645 704 ἀπίκατο

44 729 321 791 ξῖ,,’ζζ,ζ,ῗξζῐῆξ
378 732 422 784 ἐς
451 732 528 786 τὴν
558 726 759 784 Βάρκην,
790 728 1070 785 ἐπολιόρκεον
1100 730 1181 788 τήν
1210 731 1358 783 πόλιν,
1393 730 1643 786 ἐπαγγελλό-
1708 730 1790 771 369

43 796 144 864 ξέξξξῗ
162 798 324 867 ηἰξοεῗξὲξζ
383 819 506 858 μενοι
535 801 756 844 ἐκδιδόναι
785 799 889 850 τοὺς
919 803 1082 852 αἰτίους
1110 802 1191 845 τοῦ
1222 802 1367 857 φόνου
1396 806 1475 846 τοῦ
1501 800 1623 856 Ἀρκε
1651 807 1672 841 6
1831 816 1861 860 2⁰

44 866 322 932 {225255233}„‚⁰⁸“
386 876 535 916 σίλεω·
581 874 670 914 τῶν
709 871 779 923 δὲ,
817 875 906 914 πᾶν
935 871 1018 926 γάρ
1047 868 1103 927 ἦν
1131 871 1181 915 τό
1211 876 1380 928 πλῆθος
1411 874 1645 928 μεταίτιον,

351 941 468 986 Ξούκ
498 940 699 985 ἐδέκοντο
729 941 836 993 τούς
868 941 1039 998 λόγους.
1086 943 1281 987 ἐνθαῦτα
1303 943 1348 986 δὲ
1367 943 1645 998 ἐπολιόρκεον

377 1012 458 1068 τὴν
477 1011 654 1069 Βάρκην
671 1012 738 1056 ἐπὶ
757 1017 899 1070 μῆνας
919 1012 1063 1064 ἐννέα,
1095 1013 1358 1068 ὀρύσσοντες
1387 1029 1430 1057 τε
1451 1012 1643 1069 ὀρύγμα-
1662 1019 1703 1052 10

376 1100 430 1126 τα
464 1081 656 1138 ὑπόγαια
697 1084 892 1139 φέροντα
925 1083 968 1134 ἐς
1007 1084 1055 1127 τό
1095 1089 1252 1142 τεῖχος,
1295 1085 1370 1130 καὶ
1397 1082 1646 1140 προσβολὰς

349 1153 596 1210 3καρτεροὶς
615 1153 878 1210 ποιεύμενοι.
908 1155 961 1198 τά
979 1154 1058 1211 μέν
1074 1172 1158 1199 νυν
1180 1153 1406 1210 ὀρύγματα
1424 1154 1532 1211 ἀνὴρ
1546 1158 1645 1210 χαλ-

373 1225 474 1277 κεύς
494 1224 651 1282 ἀνεῦρε
667 1225 881 1283 ἐπιχάλκῳ
906 1225 1055 1270 ἀσπίδι
1075 1222 1159 1271 ὦδε
1178 1226 1468 1282 ἐπιφρασθείς
1486 1240 1492 1247 ·
1525 1242 1645 1281 περι-

541 1381 653 1430 Cap.
683 1380 762 1419 CC.

377 1435 429 1474 Oi
447 1433 487 1474 δὲ
510 1437 727 1486 Φερετίμης
753 1435 918 1488 τιμωροὶ
946 1451 980 1474 κ.

308 1496 351 1531 ’τ.
388 1490 446 1542 λ.]
491 1492 565 1529 lam
601 1492 740 1530 Noster
778 1506 983 1531 sermonem

318 1549 429 1598 longa
474 1545 716 1599 interruptum
756 1550 983 1598 digressione

322 1606 408 1642 inde
445 1618 467 1641 a
507 1617 588 1655 cap.
620 1604 712 1645 165.
743 1608 821 1647 167
862 1606 982 1643 denuo

322 1662 495 1711 suscipit,
542 1661 814 1711 expeditionem
852 1661 983 1700 Persa-

322 1730 400 1754 rum
431 1722 557 1754 contra
577 1718 729 1754 Baream
761 1715 876 1769 (quae
903 1719 983 1768 ipsa

322 1785 448 1810 ansam
479 1773 631 1811 dederat
660 1774 875 1823 digressioni
901 1775 983 1812 huic

321 1831 370 1867 de
396 1829 506 1866 rebus
532 1829 699 1879 Libycis)
739 1835 981 1868 enarraturus.

320 1908 376 1914 ——
406 1885 465 1923 Ad
482 1887 632 1923 verbum
654 1884 980 1939 ἐπαγγελλόμενοι

320 1942 414 1979 conf.
455 1955 551 1991 quae
582 1943 629 1980 ad
652 1944 723 1992 IV,
756 1946 834 1984 119
854 1949 982 1981 notata

322 2003 408 2036 sunt
431 2002 478 2048 et,
508 2000 608 2048 quod
624 2000 673 2036 ad
691 2001 807 2051 ipsam
827 2013 901 2037 rem
924 2005 980 2036 at-

320 2057 433 2102 tinet,
470 2056 541 2093 vid.
572 2056 642 2103 lV,
677 2059 770 2098 167
814 2057 980 2093 Structu-

319 2124 396 2148 ram
440 2113 633 2149 verborum
674 2126 776 2162 seqq.
814 2127 897 2150 των
937 2110 979 2151 δὲ

317 2170 400 2206 πᾶν
418 2183 491 2219 γαρ
510 2163 562 2219 ἦν
581 2183 615 2206 κ.
629 2183 659 2206 τ.
671 2172 701 2207 λ.
717 2171 807 2218 attho
794 2170 837 2205 it
850 2168 977 2206 Matth.

317 2225 383 2261 Gr.
409 2224 474 2261 Gr.
505 2239 539 2276 p.
563 2225 680 2267 1242.
703 2248 758 2253 ——
786 2226 845 2263 Ad
868 2226 980 2262 verba

318 2279 494 2331 φέροντα
522 2281 564 2328 ἐς
589 2279 631 2321 τὸ
648 2286 773 2333 τεῖχος
796 2282 891 2320 conf.
918 2281 980 2328 ΙΙΙ,

321 2339 399 2377 117
424 2338 549 2386 ibique
568 2343 659 2376 nott.

376 2388 481 2443 οἷνηρ
516 2391 681 2444 χαλκεύς
720 2390 863 2446 ανεῦρε
896 2393 979 2434 ἐπι-

316 2443 445 2512 χαλκο)
469 2445 632 2501 α’σντίδι]
663 2451 845 2489 Nimirum
878 2452 980 2489 saber

317 2507 475 2543 aerarius
494 2519 607 2544 aeneo
625 2512 726 2544 scuto
748 2508 813 2545 hos
835 2509 980 2545 cunicu-

317 2562 370 2598 los
400 2573 422 2598 a
445 2561 565 2600 Persis
594 2564 641 2599 ad
672 2564 851 2601 diruenda
879 2577 980 2602 moe-

321 2619 383 2655 nia
413 2619 528 2655 factos
562 2619 711 2656 detexit.
773 2620 844 2657 Ubi
876 2615 924 2658 αἰ
929 2635 978 2670 ηρ

321 2675 450 2713 eodem
476 2675 586 2712 modo
608 2676 796 2722 additum,
826 2689 899 2724 quo
919 2689 980 2712 su-

321 2743 387 2781 pra
409 2731 475 2777 lV,
510 2730 587 2773 194
617 2737 653 2769 et
675 2732 773 2782 apud
786 2704 881 2768 'Am
901 2731 979 2768 'Ia-

320 2788 398 2824 ctic.
426 2790 492 2834 37,
526 2788 588 2825 ubi
608 2789 735 2826 eadem
758 2800 827 2834 τες,
857 2789 932 2825 ad
925 2800 979 2824 in-

320 2844 498 2881 cunabula
513 2846 600 2881 artis
612 2844 855 2882 cuniculorum
867 2857 980 2893 agen—

321 2900 448 2937 dorum
487 2902 642 2939 maxime
680 2901 890 2952 pertinens,
935 2915 977 2939 ex

1039 1381 1117 1431 ipso
1136 1380 1327 1418 Herodoto
1352 1381 1481 1418 iisdem
1507 1392 1702 1430 propemo-

1040 1438 1125 1474 dum
1160 1442 1350 1474 enarratur
1378 1438 1507 1474 verbis.
1563 1436 1596 1472 E
1627 1449 1700 1485 quo

1041 1494 1170 1531 eodem
1192 1494 1311 1530 retulit
1333 1493 1500 1530 Eustath.
1523 1493 1572 1530 ad
1592 1492 1631 1529 Il.
1652 1488 1699 1538 ν’,

1039 1563 1076 1600 p.
1108 1551 1213 1596 918,
1243 1552 1292 1588 21
1330 1562 1357 1585 s.
1389 1550 1492 1595 883,
1524 1549 1577 1588 42
1604 1553 1640 1586 et
1661 1562 1699 1598 p.

1039 1607 1145 1652 436‚
1176 1606 1229 1647 35
1252 1619 1280 1642 s.
1299 1607 1377 1645 331
1402 1606 1485 1652 fin.‚
1518 1605 1698 1642 Herodoti

1040 1657 1244 1713 ὀρύγματα
1255 1656 1433 1712 ὑπόγαια
1448 1674 1580 1699 vocans
1599 1655 1700 1701 ὑπό-

1040 1733 1166 1768 νομον
1196 1732 1227 1755 s.
1245 1719 1435 1756 cuniculos.
1478 1717 1561 1755 Alio
1589 1718 1700 1755 modo

1040 1775 1110 1821 (ait
1130 1775 1323 1821 Valcken.)
1358 1776 1536 1813 Demetrii
1553 1775 1698 1812 cunicu-

1038 1832 1147 1868 latios
1177 1832 1337 1877 Rhodii,
1381 1832 1568 1869 Romanos
1597 1831 1699 1868 sefel-

1038 1888 1158 1925 Ierunt
1179 1888 1447 1934 Ambmciotae,
1468 1889 1566 1937 apud
1586 1886 1697 1924 Diod.

1038 1945 1129 1991 XX,
1158 1944 1222 1985 94.
1264 1944 1342 1982 Liv.
1364 1943 1576 1991 xxxvul,
1606 1946 1631 1984 7
1663 1948 1699 1981 et

1039 2001 1102 2037 Pol
1107 2013 1210 2048 yaen.
1221 2001 1284 2047 VI,
1301 2004 1361 2041 17.
1375 2001 1516 2044 Quibus
1528 2000 1697 2049 Schwgh.

1038 2058 1158 2094 adiicit
1195 2057 1322 2106 Polyb.
1358 2056 1485 2104 XXII,
1535 2060 1585 2097 11
1629 2056 1698 2094 hoc

1037 2126 1183 2163 quoque
1209 2126 1374 2161 monens,
1404 2114 1503 2164 apud
1524 2113 1694 2149 Herodo-

1037 2175 1111 2206 tum
1149 2182 1256 2207 voces
1297 2169 1510 2220 ἐπίχαλκον
1548 2165 1696 2208 α’σπίδα

1037 2227 1182 2264 minime
1219 2227 1331 2276 accipi
1371 2239 1480 2276 posse
1510 2227 1556 2264 de
1585 2229 1695 2272 scuto,

1038 2283 1130 2332 quod
1157 2296 1237 2320 aere
1254 2283 1373 2333 suerit
1397 2283 1599 2327 obductum,
1629 2283 1695 2319 sed

1037 2341 1160 2389 potius
1181 2340 1227 2377 de
1245 2340 1325 2390 ipso
1346 2352 1447 2376 aeneo
1467 2342 1564 2376 scuto
1581 2351 1611 2374 s.
1633 2351 1693 2374 ae-

1037 2408 1103 2432 nea
1147 2397 1302 2442 lamina,
1346 2408 1442 2444 quae
1476 2394 1693 2432 obducendo

1037 2457 1140 2489 scuto
1167 2453 1352 2490 inserviat.
1397 2452 1522 2499 ltaque
1543 2445 1694 2500 χαλκώ-

1037 2523 1139 2559 ματα
1181 2504 1394 2546 λεπτότατα
1440 2511 1524 2553 ταῑς
1575 2521 1694 2545 κατα-

1037 2568 1196 2610 σκευαῖς
1218 2564 1381 2601 adhiberi
1399 2569 1528 2601 auctor
1547 2568 1602 2600 est
1622 2563 1695 2600 Po-

1037 2621 1155 2668 lybius
1183 2620 1204 2656 l.
1234 2620 1276 2665 l.·‚
1320 2621 1450 2657 mansit
1479 2621 1574 2657 enim
1606 2619 1694 2657 haec

1039 2677 1132 2713 iuter
1169 2676 1331 2713 Graecos
1368 2677 1616 2723 cousuetudo,
1655 2681 1729 2729 ut,

1038 2732 1219 2769 cuniculos
1249 2733 1397 2769 admoto
1423 2734 1470 2770 ad
1498 2733 1612 2769 locum
1635 2735 1714 2769 su-''

1038 2794 1201 2837 spectum
1221 2795 1428 2826 aeramento
1450 2789 1694 2839 explorarent.

1037 2841 1157 2890 οἷσπὶς
1183 2844 1387 2895 ἐπίχαλκος
1426 2846 1588 2892 (scutum
1617 2857 1695 2882 aere

1037 2901 1239 2949 obductum)
1262 2903 1362 2952 apud
1374 2902 1590 2939 Pausaniam
1603 2914 1694 2950 quo-
