1863 3256
0 3177 9 3256 ᾖ

475 112 1148 151 MELPOMENE.1V.

1357 124 1434 162 451

183 221 254 275 ἰ’ση
285 220 327 272 ἐξ
351 219 533 276 Ἡραίου
570 237 612 264 τε
650 220 797 273 πόλιος
836 225 909 277 τῆς
945 220 1063 275 παρὰ
1097 223 1326 280 Περίνθῳ,
1365 230 1438 270 καὶ

182 290 224 341 ἐξ
261 288 546 348 Ἀπολλωνίης
589 296 665 349 τῆς
705 291 751 335 ἐν
792 295 850 347 τῷ
881 291 1073 349 Εὐξείνῳ
1105 290 1280 350 Πόντῳ,
1319 295 1439 338 δυῶν

152 360 377 418 4ἡμερέων
419 363 606 419 ἑκατέρη.
666 362 831 406 ἐκδιδοῖ
868 362 914 406 δὲ
953 361 977 406 ὁ
1023 363 1183 419 Τέαρος
1224 359 1354 416 οὗτος
1394 366 1436 417 ἐς

179 433 255 475 τόν
284 432 590 477 Κοντάδεσδον
625 431 829 488 ποταμόν.
890 431 912 475 ὁ
953 432 998 476 δὲ
1028 433 1352 488 Κοντάδεσδος,
1394 435 1438 487 ἐς

176 606 214 654 ἐξ
249 606 410 658 Ἡραίου
447 622 487 646 τε
526 604 668 656 πόλιος
706 611 777 658 τῆς

119 660 226 713 παρά
274 663 491 716 Περίνθῳ]
544 664 776 714 Heraeupolz‘s

118 719 204 755 urbs
233 719 378 757 aliunde
412 733 484 757 non
512 725 608 757 nota.
651 722 774 765 Quare

118 775 283 812 Perinthi
306 776 513 814 suburbium
532 778 642 815 fuisse
654 779 772 827 suspi-

117 835 217 868 catur
236 831 420 870 Mannert.
440 833 506 869 Vll
526 847 562 883 p.
585 837 662 875 177
677 864 687 881 ,
717 835 775 871 lu-

116 887 220 923 nonis
258 888 394 939 templo
434 889 576 938 insigne
615 891 773 939 indeque

116 944 425 992 cognominatum.
482 946 668 984 Voemelio
707 960 772 983 au-

116 1003 216 1037 ctore
248 1001 315 1048 (ad
343 1001 581 1039 Demosthen.
615 1002 769 1053 Philipp.

114 1068 150 1105 p.
172 1057 244 1103 97)
275 1058 370 1095 idem
402 1063 458 1095 est
479 1063 587 1106 atque
610 1057 769 1107 Ἡραῖον

114 1114 259 1161 τεῖχος,
291 1126 319 1150 s.
350 1112 534 1150 Iunonium
567 1114 768 1162 Castellum,

113 1167 285 1205 Perintho
302 1171 526 1218 proximum,
555 1171 601 1206 ad
624 1171 768 1220 Bospo-

111 1235 188 1259 rum
239 1229 274 1260 et
314 1225 532 1274 Byzantium
585 1232 765 1276 spectans,

112 1278 323 1328 Perinthus,
368 1293 389 1317 a
422 1282 552 1319 Samiis
589 1283 636 1319 ad
676 1282 766 1319 Pro-

109 1336 299 1385 pontidem
338 1338 486 1375 condita
521 1339 764 1389 maximopere

109 1391 166 1428 vel
186 1391 434 1430 Romanorum
455 1399 576 1432 aetate
596 1396 764 1434 floruisse

108 1447 222 1484 fertur
241 1449 429 1499 primaque
451 1450 630 1488 Thraciae
655 1453 764 1489 exsti-

108 1503 151 1539 tit
180 1505 291 1551 urbs,
321 1510 475 1557 excepta
504 1507 764 1544 Constantino-

106 1558 194 1609 poli.
224 1559 257 1596 A
277 1566 406 1610 quarto
428 1563 512 1600 inde
532 1563 673 1600 saeculo
685 1564 762 1600 He-

107 1615 246 1652 racleae
280 1630 413 1655 nomen
452 1620 612 1670 accepit3
669 1633 764 1658 nunc

106 1676 257 1709 vocatur
273 1672 404 1711 Ereklz·
419 1687 447 1711 s.
466 1675 610 1724 Elegrz’.
652 1676 761 1714 Plura

105 1726 289 1766 Mannert.
334 1729 357 1767 l.
398 1730 420 1767 l.
461 1736 500 1769 et
537 1732 761 1782 potissimum

106 1783 317 1823 Tzschucke
347 1788 394 1825 ad
422 1787 509 1825 Mel.
532 1788 589 1835 Il,
618 1791 645 1829 2
672 1802 759 1839 pag.

107 1842 186 1882 102
227 1854 330 1891 seqq.
372 1847 466 1881 nott.
509 1858 637 1894 exegg.
680 1845 759 1883 Vol.

103 1896 155 1933 ΙΙΙ
175 1897 215 1934 P.
235 1897 281 1934 ΙΙ.

141 1951 181 2000 ἐξ
193 1948 454 2004 Ἀπολλωνίης
466 1957 538 2006 τῆς
551 1954 593 1995 ἒν
610 1972 664 2009 τῳ
651 1951 759 1995 Ev'-

104 2008 220 2076 ξείνῳ
235 2005 394 2077 Πόντῳ]
418 2011 536 2050 Verba
556 2015 627 2064 τῆς
640 2012 684 2052 ἐν
704 2015 759 2066 τῷ

105 2060 285 2120 Ευξείνῳ
301 2064 444 2120 Πόντῳ
469 2071 633 2106 consulto
653 2054 758 2107 addi-

103 2126 142 2158 ta
159 2126 303 2172 putem,
338 2136 384 2161 ne
405 2125 539 2163 scilicet
559 2127 759 2164 confunde-

106 2183 205 2215 retur
230 2179 319 2217 haec
346 2180 533 2230 Apollonia
568 2196 647 2219 cum
679 2182 757 2220 aliis

105 2234 269 2273 eiusdem
305 2238 458 2274 nominis
487 2239 632 2276 urbibus
659 2251 758 2276 com-

104 2290 264 2340 pluribus
276 2320 287 2339 ,
318 2305 411 2342 quae
430 2295 538 2331 variis
556 2294 641 2332 locis
657 2309 754 2332 com-

105 2352 358 2385 memorantur.
396 2350 543 2388 Haecce
568 2351 756 2401 Apollonia

105 2402 151 2438 ad
197 2415 297 2441 oram
333 2407 603 2445 meridionalem
643 2408 755 2455 sinus,

105 2458 167 2507 qui
204 2471 298 2496 nunc
328 2462 373 2499 ab
401 2464 490 2501 urbe
515 2464 657 2513 Bul-gas
685 2464 755 2502 illic

105 2518 174 2550 Sita
202 2527 333 2552 nomen
363 2518 520 2567 invenit,
550 2532 572 2556 a
603 2520 772 2558 Milesiis

106 2572 367 2620 quinquaginta
403 2576 478 2613 fere
506 2581 590 2613 ante
617 2578 752 2625 Cyrum

105 2627 209 2663 annis
245 2629 389 2665 condita
424 2631 460 2667 in
500 2645 610 2682 parva
640 2633 754 2671 insula

104 2683 302 2720 continenti
337 2688 454 2723 terrae
487 2688 628 2735 iuncta,
669 2702 753 2726 mox

104 2740 261 2775 omnium
271 2740 346 2777 fere
356 2741 573 2781 coloniarum
584 2745 631 2781 ad
644 2744 753 2782 Ponti

833 608 1094 647 occidentalem
1123 624 1223 649 oram
1244 613 1391 649 sitarum
1414 624 1490 649 ma·

832 665 924 702 xime
953 666 1085 702 floruit.
1145 668 1220 705 Sed
1255 669 1302 706 ab
1332 681 1375 706 eo
1404 669 1490 707 inde

831 725 1018 771 tempore,
1048 735 1120 771 quo
1146 735 1167 760 a
1194 723 1245 761 M.
1273 725 1408 762 Crasso
1435 726 1490 762 di—

831 782 911 814 ruta
943 781 1017 823 est,
1062 783 1220 817 veterem
1252 785 1385 819 statum
1414 794 1488 819 non

830 835 1078 883 recuperavit,
1137 839 1348 885 praesertim
1409 850 1487 875 cum

829 889 1024 926 Anchialus
1065 904 1180 940 prope
1219 893 1289 929 sita
1326 907 1370 930 eo
1411 907 1485 931 ma-

829 946 884 994 gis
940 947 1070 983 florere
1120 948 1305 997 inciperet.
1379 949 1487 987 Nunc

826 1001 897 1039 illic
917 1003 1090 1052 oppidum
1116 1003 1277 1040 Sz'zebolz'
1295 1005 1388 1043 bene
1407 1019 1487 1043 mu-

825 1058 939 1094 nitum
996 1059 1219 1108 egregioque
1270 1060 1485 1099 instructum

823 1118 944 1163 portu.
976 1114 1134 1151 Plurima
1146 1115 1426 1154 Tzschuckel.l.
1446 1131 1483 1168 p.

824 1170 877 1210 95
896 1182 973 1218 seq.
1017 1171 1074 1207 Cf.
1096 1171 1280 1209 Mannert.
1302 1172 1368 1209 Vll
1395 1186 1483 1224 pag.

826 1224 904 1265 144
925 1237 1002 1274 seq.

878 1279 917 1326 ἐς
936 1277 1006 1320 τόν
1024 1275 1321 1333 Κοντάδεσδον]
1344 1282 1478 1331 Nemo,

820 1341 996 1386 quantum
1008 1338 1094 1384 scio,
1112 1337 1202 1374 alius
1222 1340 1376 1389 scriptor
1390 1339 1482 1377 Con-

820 1393 962 1430 tadesdi
989 1395 1210 1431 mentionem
1235 1396 1341 1442 fecit,
1372 1409 1480 1445 quem

818 1449 1085 1499 Hadrianopoli
1133 1451 1479 1502 Constantinopolin

818 1506 1131 1555 proficiscentibus
1152 1507 1402 1545 traiiciendum
1422 1522 1480 1546 es-

820 1574 859 1598 se
889 1563 1029 1598 coniicit
1052 1562 1234 1600 Mannert.
1258 1564 1323 1601 V11
1352 1577 1390 1614 p.
1414 1567 1477 1605 16.

820 1618 846 1654 Ι.
880 1618 926 1655 de
957 1618 1143 1656 Hammer.
1174 1618 1196 1655 l.
1223 1619 1246 1656 l.
1280 1632 1365 1670 pag.
1395 1620 1478 1662 645

819 1686 898 1711 eum
918 1687 1012 1712 nunc
1029 1675 1097 1712 dici
1121 1674 1385 1713 Kutschukdere
1403 1681 1477 1715 tra-

819 1730 886 1767 dit.
935 1730 1076 1768 Eodem
1101 1731 1300 1770 Hammero
1329 1736 1476 1770 auctore

817 1786 1018 1834 Agrianes,
1066 1788 1127 1836 qui
1164 1789 1264 1838 apud
1305 1793 1475 1839 posterae

818 1843 946 1880 aetatis
965 1843 1159 1893 scriptores
1180 1846 1326 1882 nomine
1336 1844 1477 1893 Ergim'

818 1900 991 1946 occurrit,
1019 1899 1128 1937 hodie
1149 1905 1295 1938 vocatur
1310 1900 1474 1938 Erzenelz

817 1968 848 1993 s.
870 1955 1058 2005 Erganeh,
1081 1956 1232 1994 Erkene.
1263 1956 1358 1994 Add.
1380 1958 1473 1995 Gat-

815 2015 924 2049 terer.
944 2012 966 2049 l.
987 2012 1115 2062 l.·pag.
1130 2012 1194 2052 42.
1225 2014 1400 2051 Miscetur
1414 2013 1472 2051 ille

815 2068 951 2117 aliquot
980 2068 1146 2106 milliaria
1176 2071 1362 2107 meridiem
1390 2083 1470 2107 ver-

816 2137 876 2161 sus
908 2125 955 2162 ab
977 2124 1245 2176 Hadrianopoli
1264 2127 1375 2163 fluvio
1393 2126 1471 2163 He-

814 2181 881 2217 bro
892 2210 904 2227 ,
944 2182 1005 2230 qui
1048 2182 1223 2219 maximus
1261 2184 1338 2220 sere
1375 2182 1471 2220 inter

814 2235 995 2275 Thraciae
1013 2250 1136 2275 amnes
1155 2239 1218 2286 (cf.
1238 2238 1374 2276 Herod.
1389 2238 1469 2285 Vll,

814 2293 882 2338 59)
943 2306 1039 2331 nunc
1087 2298 1238 2332 vocatur
1279 2294 1469 2338 Maritzm

813 2361 921 2398 quam
941 2349 1218 2400 appellationem
1242 2350 1312 2388 iam
1335 2350 1468 2389 saeculi

812 2406 941 2443 decimi
963 2406 1059 2444 tertii
1076 2406 1307 2458 scriptoribus
1324 2407 1469 2455 Byzan-

811 2462 943 2499 tinisin
954 2475 1021 2500 usu
1040 2464 1150 2501 fuisse
1165 2464 1338 2500 videmus.
1370 2463 1466 2508 Vid.,

811 2531 858 2556 ne
883 2518 1008 2569 plura,
1040 2519 1222 2557 Mannert.
1251 2519 1317 2555 Vll
1344 2532 1380 2567 p.
1404 2518 1465 2556 14.

809 2595 863 2602 -—
892 2576 1010 2612 Aenus
1036 2577 1124 2613 urbs
1156 2576 1202 2612 ab
1225 2572 1465 2610 Aeolensibus

809 2632 977 2679 condita,
1009 2633 1076 2669 sub
1098 2631 1290 2668 Alexandri
1322 2640 1463 2665 succes-

809 2688 950 2724 soribus
984 2692 1019 2725 et
1046 2688 1100 2725 vel
1130 2690 1260 2737 postea
1286 2683 1463 2732 Byzanti-

807 2755 934 2779 norum
963 2748 1085 2781 aetate
1113 2742 1266 2779 maxime
1299 2740 1463 2776 floruisse

1151 2795 1240 2837 29*
