1946 3272
107 888 384 924 Nax-enantiquitns

106 922 297 950 rubricatae:
326 923 379 949 Sa-

138 957 157 983 ii
196 965 214 996 a
249 956 381 995 Sipliniis

107 998 264 1024 pecuniam
321 997 380 1016 exi-

109 1029 196 1058 gunt.

450 224 531 264 1⁰2

840 223 1306 262 HERODOTI

439 335 502 389 τῷ
529 334 796 388 χρηστηρίῳ,
848 334 884 375 εἰ
923 329 1090 374 αὐτοῖσι
1130 330 1182 373 τὰ
1210 331 1428 385 παρεόντα
1457 329 1604 386 ἀγαθοὶ
1638 328 1709 374 οἶά

441 404 486 445 τέ
531 403 617 446 ἐστι
661 400 805 444 πολύν
854 400 1018 456 χρόνον
1065 401 1347 456 παραμένειν.
1402 400 1429 456 ἡ
1471 401 1517 444 δὲ
1559 404 1710 458 Πυθίη

442 472 590 529 ἔχρησέ
621 485 700 528 σφι
727 471 828 515 τάδε
840 488 848 496 ·

412 563 434 596 4
526 556 607 592 Ἀλλ’
633 555 724 592 ὅταν
748 555 787 590 ἐν
811 556 942 601 Σίφνῳ
967 553 1180 599 πρυτανήϊα
1205 555 1315 591 λευκὰ
1338 556 1508 601 γένηται,
1722 561 1768 595 50

521 611 727 656 λεύκοφρύς
751 610 791 646 τ’
818 610 957 656 ἀγορὴ,
990 611 1074 647 τότε
1099 611 1144 656 δὴ
1171 614 1227 646 δεῖ
1252 613 1468 657 φράδμονος
1492 611 1631 656 ἀνδρὸς

522 667 762 714 φράσσασθαι
784 666 935 710 ξύλινόν
958 680 996 703 τε
1023 667 1131 712 λόχον
1154 667 1297 714 κήρυκά
1322 668 1360 705 τ’
1387 670 1563 715 ἐρυθρόν.
1721 676 1764 710 55

447 754 569 792 Τοῖσι
599 748 644 791 δὲ
662 749 891 801 Σιφνίοισι
919 742 975 803 ἦν
1003 747 1097 792 τότε
1125 746 1152 803 ἡ
1183 746 1322 806 ἀγορὴ
1353 751 1427 793 καὶ
1458 750 1507 793 τό
1539 765 1708 804 πρυτα-

312 825 380 869 58
438 819 566 875 νήϊον
591 819 739 872 Παρίῳ
769 820 880 877 λίθῳ
910 818 1143 875 ἠσκημένα.

439 1152 505 1196 οἶοί
527 1154 568 1195 τέ
586 1153 685 1205 ἔστι]
717 1155 865 1203 Steger.
884 1156 1041 1193 Praefat.

380 1212 658 1265 p.Xlll¹navult
680 1210 797 1259 ἔσται,
812 1218 852 1248 ut
871 1212 1043 1258 1,55.-

381 1271 454 1308 Pro
481 1266 632 1316 πολύν,
674 1269 774 1318 quod
802 1281 928 1306 omnes
961 1269 1043 1306 libri

380 1327 558 1378 praebent
588 1339 670 1363 cum
692 1325 852 1373 Gregor.
877 1326 1042 1362 Corinth.

381 1384 430 1421 de
458 1383 543 1420 dial.
575 1382 651 1419 lon.
684 1379 719 1432 §.
752 1385 802 1423 17
831 1393 916 1431 pag.
950 1384 1044 1422 398.

381 1440 547 1477 Koenius
579 1439 666 1475 ibid.
703 1434 741 1487 ἓ.
775 1440 826 1478 12
855 1451 942 1489 pag.
960 1438 1043 1479 395

380 1496 509 1547 reponi
529 1495 603 1532 vult
623 1489 785 1533 πολλόν.

394 1561 397 1565 ’
439 1547 705 1601 φράσσασθαι
732 1545 894 1597 ξύλινόν
912 1564 952 1589 τε
977 1545 1046 1589 λό-

381 1609 473 1659 χον]
534 1607 632 1645 Tres
675 1607 755 1644 libri
793 1601 1044 1655 φράσασθαι.

381 1666 578 1702 Caeterum
600 1663 704 1700 huius
725 1663 886 1710 ξυλίνου
910 1658 1042 1713 λόχου,

379 1725 536 1758 notante
553 1720 726 1757 Valcken.
755 1720 966 1757 recordatus
991 1719 1044 1755 vi-

380 1778 487 1814 detur
514 1774 803 1822 Themistocles,
843 1789 924 1813 cum
955 1775 1043 1813 Del-

380 1833 477 1883 phici
495 1833 630 1870 oraculi
658 1827 819 1880 ξύλινον
846 1835 971 1882 τεῖχος
992 1832 1043 1869 ci-

380 1890 484 1926 vibus
503 1889 575 1925 suis
597 1890 908 1939 interpretaretur.
940 1889 1041 1926 Idem

381 1944 553 1982 Valcken.
609 1945 781 1982 observat
801 1973 815 1990 ,
891 1944 1042 1982 verbum

381 1996 620 2049 φράζεσθαι,
650 2002 685 2037 in
707 2005 868 2038 veterum
890 2000 1043 2037 oraculis

380 2058 467 2093 satis
487 2057 624 2103 tritum,
654 2057 794 2094 valere:
826 2058 942 2093 animo
963 2070 1042 2092 con-

379 2113 560 2159 siderare,
590 2113 733 2163 saepius
753 2113 861 2150 etiam
888 2113 1044 2149 conside-

379 2173 464 2206 rata
481 2181 604 2205 cavere
623 2182 651 2206 s.
672 2165 931 2217 φυλάξασθαι
950 2170 1043 2218 (quo

380 2226 461 2276 ipso
483 2225 623 2262 Noster
644 2239 727 2262 mox
758 2226 880 2272 utitur,
909 2225 1044 2263 oraculi

381 2294 528 2318 sensum
545 2281 830 2331 explicaturus),
851 2287 891 2318 ut
910 2283 947 2319 in
960 2282 1045 2318 Plu-

381 2337 492 2374 tarch.
513 2336 651 2385 Agesil.
680 2340 715 2377 3.
737 2340 804 2383 30,
829 2339 890 2374 ubi
910 2343 1047 2375 utrum-

379 2406 451 2443 que
462 2394 608 2430 verbum
621 2394 800 2431 invenitur
811 2395 980 2431 iunctum.
992 2415 1045 2420 ——

381 2447 499 2499 λόχον
518 2450 613 2486 haud
636 2449 706 2485 alio
727 2463 836 2487 sensu
860 2451 957 2500 apud
972 2450 1046 2487 Eu-

382 2506 486 2556 ripid.
507 2505 671 2542 Troada.
694 2506 775 2546 534
802 2511 840 2543 et
859 2506 1045 2555 'l'ryphio-

381 2563 458 2598 (lor.
486 2563 511 2600 2
541 2561 689 2598 inveniri
719 2567 845 2599 monet
874 2561 1044 2599 Larcher.

385 2638 440 2646 —
458 2611 512 2668 ἦν
535 2614 621 2656 τότε
647 2619 734 2666 (pro
755 2613 841 2656 τότε
859 2611 932 2666 ἦν)
964 2631 1044 2654 cum

385 2678 535 2711 recentt.
561 2674 646 2711 edd.
677 2674 825 2723 scripsi,
865 2675 1045 2724 probante

385 2743 531 2779 quoque
567 2742 718 2767 censore
752 2731 893 2768 lenensi
937 2732 1043 2770 1817

387 2799 438 2823 nr.
464 2788 543 2826 163
563 2799 598 2836 p.
620 2787 712 2825 363.

444 2842 584 2896 Παρίῳ
610 2841 714 2895 λίθῳ
736 2835 955 2891 ἠσκημένα]
986 2840 1044 2878 Ad

1210 824 1380 864 Τοῦτον
1410 820 1487 864 τὸν
1515 820 1710 876 χρησμὸν

441 888 522 932 οὐκ
548 885 698 932 οἷοίτε
727 883 841 944 ἦσαν
869 894 1056 944 γνῶναι,
1087 892 1188 935 οὔτε
1216 890 1311 934 τότε
1341 891 1464 943 ἰθύς,
1495 891 1595 934 οὔτε
1622 895 1709 934 τῶν

437 960 621 1015 Σαμίων
651 957 908 1016 ἀπιγμένων.
966 960 1057 1005 ἐπεί
1093 977 1137 1006 τε
1172 961 1257 1017 γάρ
1287 960 1464 1017 τάχιστα
1493 962 1602 1017 πρὸς
1630 961 1766 1016 τὴν60

1099 1151 1306 1206 η’σκημένα
1327 1157 1422 1193 cons.
1440 1160 1534 1193 nott.
1547 1156 1594 1193 ad
1614 1156 1660 1203 H,
1673 1158 1764 1197 131.

1101 1212 1253 1250 Parium
1272 1213 1427 1262 lapidem
1443 1212 1506 1263 (ex
1527 1212 1656 1258 insula,
1669 1225 1763 1262 quae

1100 1269 1185 1306 olim
1207 1269 1342 1316 Paros,
1373 1282 1468 1306 nunc
1486 1268 1582 1305 Paro
1601 1274 1763 1314 vocatur,

1101 1326 1304 1376 Cycladum
1333 1338 1428 1372 una,
1465 1326 1764 1376 provenientem)

1102 1387 1278 1432 quantum
1306 1382 1439 1419 Graeci
1472 1382 1670 1432 postmodo
1709 1382 1766 1418 iu-

1101 1440 1225 1490 primis
1245 1440 1421 1485 fecerint,
1461 1451 1570 1476 nemo
1594 1438 1672 1475 fere
1697 1450 1763 1475 ne-

1102 1496 1191 1541 scit3
1235 1495 1373 1546 quippe
1405 1507 1479 1543 quo
1511 1499 1660 1544 praeter
1693 1493 1764 1532 alia

1102 1553 1290 1589 marmoris
1314 1563 1451 1600 genera
1478 1551 1526 1587 ad
1553 1551 1682 1600 signa,
1713 1551 1763 1588 si-

1102 1607 1283 1654 mulacra,
1332 1607 1403 1644 alia
1433 1607 1520 1643 artis
1546 1619 1660 1656 opera
1685 1611 1765 1644 ute-

1101 1665 1232 1701 bantur
1267 1675 1450 1713 quemque
1483 1675 1505 1699 a
1536 1664 1697 1713 puritate
1728 1667 1766 1701 et

1101 1721 1288 1758 soliditate
1334 1719 1482 1769 reliquis
1526 1719 1764 1757 marmoribus

1100 1777 1369 1827 praeferebant.
1401 1776 1462 1813 Tu
1479 1775 1583 1821 vide,
1615 1789 1662 1814 ne
1680 1775 1763 1826 plu-

1099 1846 1164 1879 ra,
1204 1832 1295 1872 Plin.
1317 1833 1364 1868 H.
1385 1831 1432 1869 N.
1460 1832 1639 1877 XXXVI,
1667 1831 1693 1871 4
1723 1829 1762 1882 §.

1099 1893 1136 1930 2.
1162 1889 1223 1930 15.
1262 1889 1433 1925 Strabon.
1453 1886 1488 1923 X
1516 1901 1550 1937 p.
1567 1890 1650 1929 487
1674 1901 1703 1925 s.
1723 1901 1761 1938 p.

1099 1947 1181 1986 746
1195 1943 1237 1980 A.
1257 1950 1296 1982 et
1315 1956 1408 1993 quae
1429 1945 1623 1981 recentiori
1639 1949 1762 1982 aetate

1098 2005 1317 2038 monuerunt
1337 1999 1628 2038 W'inckelmann.
1651 2000 1686 2037 T
1689 2014 1761 2037 om.

1098 2058 1131 2093 Υ
1161 2071 1196 2107 p.
1224 2059 1312 2096 100.
1342 2058 1423 2097 396
1446 2069 1521 2105 seq.
1543 2059 1642 2107 Opp.
1662 2057 1761 2094 Hirt.

1099 2114 1135 2150 in
1155 2114 1360 2161 Boettigeri
1381 2113 1536 2149 Amalth.
1565 2113 1581 2149 1
1612 2126 1647 2163 p.
1668 2113 1763 2154 225.

1101 2168 1212 2220 Apud
1245 2169 1464 2206 Pausaniam
1496 2168 1632 2206 Parius
1669 2169 1764 2220 lapis

1100 2227 1282 2263 invenitur
1302 2226 1331 2272 l,
1355 2227 1408 2265 33
1431 2224 1467 2276 §.
1487 2228 1523 2265 2.
1564 2227 1626 2273 lv,
1645 2228 1699 2267 31
1721 2223 1761 2275 §-

1102 2285 1138 2323 9-
1174 2283 1289 2329 V,1t
1320 2281 1356 2332 ἓ.
1381 2281 1418 2322 5·
1486 2281 1632 2327 „Adde
1658 2282 1764 2320 Dod-

1101 2338 1194 2376 welli
1235 2339 1399 2376 ltinerar.
1438 2338 1542 2375 class.
1576 2343 1613 2376 et
1654 2343 1763 2388 topo-

1102 2395 1230 2444 graph.
1251 2395 1383 2432 Graec.
1408 2394 1436 2440 l,
1454 2396 1480 2433 2
1510 2408 1544 2444 p.
1560 2396 1642 2435 332
1668 2406 1759 2431 vers.

1101 2451 1277 2496 Sickleri,
1318 2451 1378 2487 ubi
1408 2451 1536 2487 doctus
1562 2450 1761 2487 Britannus

1101 2507 1293 2557 probatum
1334 2507 1373 2542 iit
1415 2506 1559 2542 Parium
1605 2519 1762 2543 marmor

1102 2563 1222 2599 adhuc
1257 2563 1303 2598 ab
1336 2563 1501 2598 omnibus
1529 2575 1608 2600 cum
1637 2561 1761 2599 Attico

1107 2620 1182 2655 sive
1204 2617 1388 2655 Pentelico
1416 2631 1597 2656 marmore
1621 2624 1762 2656 temere

1101 2676 1289 2711 confusum
1309 2687 1402 2711 esse.
1448 2675 1554 2717 Quae
1580 2675 1762 2713 sententia

1102 2731 1131 2766 si
1157 2731 1363 2780 pervincat,
1403 2737 1573 2768 sexcenta
1598 2745 1664 2781 per
1690 2730 1761 2768 Ar-

1101 2786 1380 2835 chaeologorum
1398 2786 1506 2823 libros
1520 2789 1665 2826 nomina
1681 2801 1761 2826 mu-

1103 2843 1215 2879 tanda
1233 2845 1376 2880 eruut.“
1418 2843 1481 2880 Cr.
