1863 3256
21 631 120 676 113
165 622 420 679 ληϊζόμενοι.

462 156 1020 197 MELPOMENE.
1079 158 1138 195 IV.

1355 168 1436 206 487

173 270 384 325 γμὲνους,
415 270 498 313 ἔων
523 269 711 324 χαίρειν·
754 265 1057 322 προσεχώρεον
1077 267 1123 311 δὲ
1147 272 1435 325 πλησιαιτέρω

169 341 219 384 τό
252 339 548 395 στρατόπεδον
586 344 647 392 τῷ
676 339 953 397 στρατοπέδῳ
982 338 1055 382 ἐπ’
1090 337 1231 396 ἡμέρῃ
1263 339 1432 397 ἑκάστῃ.

140 409 290 467 Ξεῖχον
320 412 366 455 δὲ
397 410 530 455 οὐδὲν
569 410 667 456 οὐδ’
709 413 752 454 οἱ
784 412 1030 466 νεηνίσκοι,
1069 411 1214 464 ὥσπερ
1250 409 1352 455 ου’ὁὲ
1391 414 1436 454 αἱ

168 481 413 536 Ἀμαζόνες,
454 484 491 525 εἰ
527 482 584 539 μὴ
613 482 667 526 τοὶ
699 482 810 526 ὅπλα
842 482 916 525 καὶ
944 481 1049 533 τούς
1087 483 1271 534 ἵππους·

1326 481 1434 526 ἀλλὰ
1446 490 1490 523 20

169 553 274 610 ζόην
303 553 437 605 ἔζωον
465 552 545 608 τὴν
575 552 712 609 αὐτὴν
742 552 953 608 ἐκείνῃσι,
995 553 1259 609 θηρεύοντές
1287 569 1332 596 τε
1361 554 1434 597 καὶ

165 697 298 751 βρίην
335 694 528 738 τοιόνδε·

475 621 675 667 Έποίευν
707 623 752 666 δὲ
783 625 828 665 αἱ
854 621 1085 679 Ἀμαζόνες
1103 625 1145 676 ἐς
1170 626 1249 682 τὴν
1277 636 1434 681 μεσαμ-

576 695 774 750 ἐγίνοντο
813 695 1052 748 σποράδες,
1095 696 1205 739 κατὰ
1246 698 1352 752 μίαν
1388 711 1434 738 τε

164 765 360 817 καὶδύο,
391 765 541 820 πρόσω
572 765 625 821 δὴ
656 763 734 809 ἀπ’
766 764 1005 822 ἄλληλέων,
1037 767 1080 818 ἐς
1100 766 1311 823 εὐμαρίην
1333 765 1434 810 ἀπο·

134 836 462 892 Ξσκιδνάμεναι.

163 907 305 952 τώυτὸ
336 912 469 952 τοῦτο
483 924 492 933 ·

524 836 738 893 μαθόντες
768 836 814 881 δὲ
843 838 917 880 καὶ
948 840 993 882 οἵ
1018 837 1223 890 Σκύθαι,
1261 838 1436 881 ἐποίευν
1494 840 1576 880 331

539 911 615 952 καί
653 925 716 960 τις
759 909 1098 965 μουνωθεισέων
1135 910 1221 953 τινὶ
1261 908 1488 952 αὐτέωνὲΰ

163 981 483 1036 ἐνεχρίμπτετο,
523 980 598 1023 καὶ
630 978 658 1036 ἡ
692 977 886 1034 Ἀμαζών
916 979 999 1023 οὐκ
1032 978 1279 1031 ἀπωθέετο,
1323 978 1430 1022 ἀλλὰ

138 1054 355 1108 3περιεῖδε
384 1050 643 1108 χρήσασθαι.

105 1222 193 1248 mer.
215 1208 258 1246 Il.
286 1206 395 1253 vm,
428 1204 509 1247 529
539 1203 605 1244 ἐπὶ
637 1203 765 1252 νυκτὶ,

104 1270 215 1303 nocte.
296 1262 394 1300 Add.
456 1262 610 1300 Hesiod.
666 1262 764 1313 Opp.

103 1322 171 1365 43.
203 1323 296 1363 102.

294 1377 403 1426 Cap.
434 1374 565 1413 CXIII.

161 1433 201 1482 ἔς
239 1429 456 1485 εὖμαρίην]
491 1431 626 1469 Glossa
648 1429 770 1468 Hero-

103 1492 238 1530 dotea:
279 1488 486 1541 εύιιάρεια·
523 1486 670 1539 ἡσυχία
699 1486 768 1526 καὶ

101 1544 320 1594 οἷπόπατος.
359 1547 492 1584 Suidas
517 1545 532 1582 1
560 1557 646 1596 pag.
671 1543 766 1584 895.

103 1602 247 1658 εὔμοιρε
239 1604 294 1654 ’·η
320 1598 643 1652 απόπατοςπαρα
655 1599 764 1650 Ἡρο-

103 1659 215 1715 δότῳ.
247 1661 308 1699 Tu
332 1661 404 1697 vid.
429 1664 524 1697 nott.
545 1660 592 1696 ad
610 1658 662 1704 11
694 1656 762 1697 35.

100 1740 158 1747 —
186 1718 300 1755 Paulo
323 1721 410 1754 ante
428 1716 522 1767 μίαν
541 1728 621 1753 cum
641 1714 759 1750 Gaisf.

100 1780 140 1814 et
166 1774 302 1812 Matth.
330 1774 417 1810 dedi
441 1786 506 1824 pro
530 1774 659 1837 μίηι,
665 1771 758 1807 etin

99 1845 204 1882 seqq.
226 1830 305 1870 τινὶ
334 1826 425 1869 αὔτε
417 1829 484 1868 ’ων
513 1843 580 1880 pro
608 1823 759 1866 αὐτέων

98 1904 196 1934 τινι,
227 1888 328 1938 quod
346 1887 495 1925 retinuit
511 1886 645 1923 Matth.

157 1942 455 1996 ἐνεχρίμπτετο]
486 1945 508 1980 i.
531 1957 562 1980 e.
588 1955 622 1979 se
639 1941 759 1978 admo-

99 2004 172 2050 vit,
202 2003 366 2048 accessit,
395 2001 547 2038 Veneris
567 2013 615 2036 sc.
635 1999 760 2036 fruen-

100 2061 170 2096 dae
200 2072 320 2096 causa.
361 2058 418 2095 De
440 2071 535 2106 equo
557 2057 605 2093 ad
626 2068 757 2105 equam

99 2116 261 2153 admisso
290 2115 387 2151 idem
412 2115 561 2151 verbum
591 2112 665 2158 11Ι,
704 2113 757 2152 85

99 2177 138 2211 et
162 2173 262 2222 apud
288 2171 428 2208 Aelian.
454 2169 503 2207 N.
535 2170 579 2206 A.
607 2169 679 2215 IV,
710 2171 759 2214 73

99 2229 201 2278 quod
230 2228 286 2266 hic
313 2228 361 2265 ad
390 2228 574 2264 hominem
603 2224 759 2262 transla-

99 2291 176 2322 tum
211 2289 269 2322 est
294 2296 369 2321 non
395 2284 498 2321 aliter
525 2288 638 2332 atque
666 2294 758 2332 συγ-

99 2341 376 2392 χρωτίζεσθαι,
407 2340 592 2389 ἐρείδειν,
623 2343 662 2376 ut
692 2351 760 2375 no-

99 2403 155 2434 tat
183 2398 380 2444 Valcken„
419 2397 482 2446 qui
509 2397 545 2433 in
576 2396 644 2433 hoc
677 2395 758 2431 loco

101 2455 249 2491 omnino
270 2455 528 2492 Theocriteum
553 2453 642 2501 quid
664 2453 760 2489 ines-

99 2523 140 2548 se
159 2511 294 2548 iudicat
315 2512 474 2548 nativam
494 2509 758 2559 simplicitatem

99 2570 136 2604 et
168 2566 383 2615 elegantiam
412 2568 450 2604 in
482 2567 548 2604 hac
577 2566 760 2603 Herodoti

100 2624 307 2660 narratione
334 2623 427 2660 iusta
450 2624 558 2660 laude
582 2622 758 2659 afficiens.

99 2679 214 2716 Haud
248 2678 425 2727 discolor,
469 2685 643 2717 monente
680 2678 758 2724 Cr„

101 2735 200 2772 locus
229 2734 391 2772 Philonis
421 2736 466 2772 de
495 2736 625 2772 Mundi
655 2735 759 2785 opifi-

102 2793 157 2829 cio
197 2804 282 2842 pag.
329 2790 408 2831 104
448 2791 556 2829 Pfaff.
595 2790 680 2831 ἐπεὶ
717 2789 759 2830 δὲ

696 1051 770 1095 καὶ
791 1055 994 1108 φωνῆσαι
1023 1052 1102 1108 μὲν
1124 1050 1207 1096 οὐκ
1237 1049 1343 1107 εἶχε,
1375 1049 1430 1094 οὐ

824 1201 1009 1256 ἐπλάσθη
1054 1220 1180 1257 γυνη,
1233 1200 1488 1256 θεασάμενος

824 1258 1000 1310 οἷόελφὸν
1042 1258 1146 1308 εἶδος
1186 1261 1254 1301 καὶ
1299 1275 1413 1314 61)ny
1418 1278 1482 1312 νη,

822 1334 1008 1371 μορφην,
1047 1317 1193 1369 ἐυησμε
1177 1318 1281 1357 ’νισε
1314 1322 1365 1373 τῆ
1403 1318 1482 1357 θέα

819 1374 887 1414 καὶ
912 1371 1092 1426 προσιων
1116 1371 1265 1426 ἥσπαζε
1250 1390 1324 1414 το.
1363 1373 1410 1413 Ἡ
1439 1373 1482 1413 ὸὲ

826 1428 947 1471 ου’ὅὲν
974 1431 1128 1471 ἐκείνου
1153 1430 1483 1481 προσβλέπτουσα

824 1491 926 1537 ζῶον
949 1487 1047 1539 ε’μφ
1034 1487 1234 1540 ερέστερον
1255 1489 1379 1543 ἑαυτῇ
1389 1485 1483 1540 ya'v-

821 1562 937 1586 νυται
947 1560 984 1584 τε
995 1544 1061 1584 καὶ
1072 1541 1415 1597 α’ντιττροσφθέγγ
1404 1560 1484 1585 ται

821 1598 909 1654 μετ’
935 1602 1088 1649 αἰδοῦς.
1137 1603 1249 1639 Haud
1277 1602 1479 1640 absimilem

819 1660 975 1697 colorem
998 1659 1110 1696 habet
1134 1658 1232 1696 locus
1250 1659 1448 1696 Platonis
1440 1672 1477 1695 ιιι

816 1717 992 1754 Convivio
1019 1728 1106 1766 pag.
1136 1718 1246 1762 192„
1278 1728 1362 1765 pag.
1392 1718 1475 1756 407

815 1773 995 1818 Bekker„
1048 1772 1244 1809 multorum
1274 1772 1334 1809 ille
1373 1785 1477 1809 men-

815 1830 978 1867 tionibus
1025 1829 1360 1877 imitationibusque
1403 1830 1476 1866 sre-

817 1891 1024 1936 quentatus.
1084 1885 1136 1922 Ut
1167 1886 1214 1921 ad
1244 1886 1479 1922 Herodotum

816 1944 977 1988 redeam,
994 1942 1134 1979 Herod.
1154 1942 1225 1978 Vit.
1242 1942 1392 1979 Homer.
1405 1943 1478 1982 30:

818 1999 1086 2050 ἔγχρίμπτεται
1096 1993 1475 2049 γυιαιξὶὸυούσαις.

816 2057 987 2093 Zonarae
1007 2056 1116 2093 verbi
1134 2069 1168 2105 p.
1189 2057 1270 2095 610
1290 2054 1477 2122 ἐγχρίψαι

815 2112 1020 2163 εἰιπεσεῐν,
1048 2114 1357 2163 παραπολαῦσαι
1376 2106 1475 2162 παρ’

813 2164 1006 2221 Ἡροδότω
1048 2169 1116 2206 huc
1149 2169 1274 2206 referri
1306 2168 1379 2205 xult
1404 2169 1473 2205 do-

816 2227 992 2263 ctissimus
1011 2225 1142 2262 editor.
1176 2224 1234 2262 De
1253 2225 1356 2261 huius
1374 2224 1474 2262 verbi

815 2284 931 2320 forma
966 2281 1060 2318 conf.
1101 2286 1192 2318 nott.
1232 2282 1280 2317 ad
1308 2282 1365 2328 11,
1406 2284 1474 2322 70.

815 2340 873 2377 De
896 2339 1093 2384 infinitivo,
1120 2340 1182 2388 qui
1203 2339 1316 2375 verbo
1333 2341 1476 2388 περιεῖ-

816 2396 859 2435 δε
900 2396 957 2432 liic
995 2395 1162 2440 additur,
1210 2397 1305 2431 conf.
1342 2394 1474 2432 Matth.

816 2453 883 2489 Gr.
915 2451 980 2488 Gr.
1015 2463 1099 2500 pag.
1132 2452 1263 2497 1086,
1293 2452 1356 2500 qui
1376 2452 1474 2488 idem

815 2508 1059 2546 consulendus
1097 2505 1134 2557 §.
1164 2508 1246 2548 349
1283 2509 1329 2544 ad
1363 2508 1474 2544 verba

817 2565 1005 2605 συνίεσαν
1040 2559 1244 2614 ἀλλήλων,
1292 2576 1386 2612 quae
1418 2575 1475 2599 re-

816 2628 985 2667 currunt,
1012 2620 1083 2667 IV,
1117 2620 1206 2660 114.
1246 2620 1367 2670 Ipsum
1395 2631 1476 2654 ver-

816 2679 901 2716 bum
931 2673 1158 2730 χρήσασθαι
1185 2677 1232 2712 (16
1252 2690 1290 2713 re
1310 2676 1475 2712 venerea

816 2735 968 2772 similem
1007 2734 1044 2770 in
1079 2733 1227 2770 modum
1264 2732 1361 2781 apud
1396 2730 1474 2767 Do-

816 2791 945 2829 mosth.
963 2790 1065 2828 ade.
1099 2788 1232 2827 Neaer.
1249 2801 1333 2838 pag.
1356 2788 1474 2826 1307.
