1946 3272
622 212 660 252 T
690 213 728 250 Η
760 213 789 249 A
819 211 852 250 L
884 213 899 249 l
930 211 974 249 A.
1033 213 1095 250 ΙΙΙ.
1438 221 1495 259 87

716 296 732 311 1

217 327 328 368 κατα
358 323 411 379 δή
441 322 518 365 τὸν
549 319 690 364 αὐτὸν
720 319 884 375 χρόνον
903 323 983 363 τοῦ
1013 325 1233 377 κρητῆρος
1250 325 1302 377 τῇ
1322 320 1495 380 ἁρπαγῇ
1507 330 1658 386 δρὲεηὸιὲἰὶι
1677 328 1826 388 ἓιέτῧιίιίεξᾱ

1552 402 1585 419 te
1595 395 1745 428 appulsos,
1756 403 1827 428 quo-

188 393 412 451 Βγεγονός.
471 393 763 446 Κερκυραίων
791 390 877 448 γὰρ
921 394 1082 443 παῖδας
1110 394 1390 449 τριηκοσίους
1423 391 1494 435 άν-
1554 435 1599 453 mo

216 468 336 521 δρῶν
362 467 451 507 τῶν
481 461 666 517 πρώτων
699 465 974 519 Περίανδρος
1004 462 1028 506 ὁ
1061 463 1271 513 Κυψέλου
1298 464 1342 515 ἐς
1376 463 1495 517 Σάρ-

186 538 284 586 4δις
313 532 534 590 ἀπέπεμψε
565 535 683 590 παρα
712 533 939 577 Ἀλυάττεα
960 533 1022 577 ἐπ’
1052 535 1227 592 ἐκτομῇ.
1275 535 1493 591 προσχόν-

22 622 32 683 P
213 621 301 650 των
339 605 384 648 δὲ
423 606 465 657 ἐς
504 607 583 662 τὴν
624 606 782 660 Σάμον
820 609 910 648 τῶν
949 605 1149 662 ἀγόντων
1189 608 1295 658 τοὺς
1334 608 1494 657 παῖδας

22 678 31 728 ji
210 678 495 730 Κορινθίων,
535 677 786 732 πυθόμενοι
827 679 870 721 οἱ
900 678 1067 734 Σάμιοι
1103 678 1183 722 τόν
1222 677 1378 733 λόγον,
1422 676 1549 721 ἐπ’85

211 745 300 792 οἶσι
340 747 520 804 ἀγοίατο
560 748 603 800 ἐς
632 748 826 803 Σάρδις,
875 753 1030 803 πρῶτα
1069 751 1148 806 μὲν
1188 750 1294 800 τούς
1331 752 1493 800 παῖδας

209 819 414 871 ἐδίδαξαν
451 820 556 874 ἱροῦ
602 818 803 872 ἅψασθαι
839 819 1108 877 Ἀρτέμιδος·
1170 820 1275 877 μετὰ
1317 820 1385 873 δὲ,
1434 819 1491 864 ου’

1603 428 1638 454 do
1665 429 1826 456 servarint.

154 985 203 1023 de
222 986 259 1022 in
279 985 498 1024 Herodoteo
522 985 601 1024 Ioco
633 987 776 1025 literam
797 993 825 1039 27
882 985 1128 1025 eunuchorum
1148 987 1351 1025 factitatum
1370 989 1481 1026 fuisse
1493 990 1545 1025 vi-

150 1046 237 1080 ante
250 1055 373 1080 vocem
393 1045 518 1098 γενεῇ
531 1045 708 1082 excidisse
724 1045 822 1082 idem
879 1045 997 1082 detur.
1042 1043 1103 1080 Tu
1122 1044 1192 1079 vid.
1220 1045 1381 1095 inprimis
1403 1046 1544 1083 Herod.

878 1101 978 1148 VIII,
1005 1099 1095 1140 105.
1127 1100 1286 1138 Heeren.
1319 1102 1429 1139 Ideen
1462 1102 1489 1148 Ι,
1522 1106 1542 1142 1

17 919 28 972 ¹1

13 955 26 1352 ξ
149 1099 376 1149 suspicatur,
407 1113 480 1149 quo
503 1101 639 1138 scilicet
668 1106 741 1139 tres
761 1102 818 1139 in-

153 1155 516 1207 telliganturyevfccl,
530 1158 819 1207 expeditionem-

151 1225 223 1262 que
232 1211 607 1250 Lacedaemoniorum
620 1216 724 1263 ponit
737 1227 815 1252 ver-

151 1281 211 1305 sus
233 1269 342 1306 finem
371 1269 572 1320 Polycratis
603 1271 815 1321 Olympiad.

148 1324 284 1371 LXIII,
307 1328 334 1366 2
355 1339 383 1363 s.
407 1328 490 1367 527
510 1340 542 1364 a.
564 1327 651 1364 Chr.
673 1341 724 1374 n.,
745 1327 817 1366 Pe-

148 1382 286 1418 riandri
305 1387 427 1420 autem
448 1385 595 1421 iuvenes
624 1385 672 1421 ad
692 1384 817 1433 Alyat-

148 1442 223 1476 tem
243 1439 374 1476 missos
398 1440 475 1477 vult
496 1440 644 1490 Olymp.
662 1441 814 1489 XLVII,

149 1498 174 1536 3
201 1508 229 1532 s.
253 1496 333 1537 591
360 1509 392 1533 a.
421 1497 509 1534 Chr.
550 1498 692 1534 Bellum
721 1498 816 1536 inter

147 1551 464 1590 Lacedaemonios
494 1558 532 1591 et
563 1555 708 1592 Samios
745 1569 813 1604 ge-

148 1614 245 1646 stum
287 1609 383 1647 idem
429 1612 540 1648 refert
575 1612 623 1648 ad
665 1611 812 1663 Olymp.

146 1664 265 1713 LXII,
287 1668 313 1707 3
340 1679 370 1703 s,
393 1665 476 1708 530
502 1680 535 1704 a.
557 1669 641 1705 Chr.

205 1720 306 1761 κατὰ
331 1720 382 1773 δή
409 1720 478 1762 τὸν
503 1719 625 1763 αὕτόν
654 1721 809 1775 χρόνον]

147 1778 298 1816 Retinui
330 1793 410 1817 curn
438 1780 573 1818 Manli.
601 1778 678 1830 δή,
712 1783 811 1818 cuius

145 1835 226 1873 loco
246 1836 451 1885 Schweigh.
479 1843 517 1874 et
541 1838 660 1875 Gaisf.
684 1852 704 1876 e
725 1839 755 1875 F
759 1839 812 1876 lo-

146 1893 290 1930 rentino
317 1897 354 1930 et
376 1894 562 1931 Sancrofti
587 1894 680 1932 libro
711 1909 813 1932 rece-

146 1953 281 2000 perant
309 1948 372 1988 δέ.
433 1950 474 1987 In
494 1964 598 2001 seqq.
623 1952 672 1988 ad
698 1952 812 1988 dativi

145 2018 248 2043 usum
266 2007 303 2043 in
312 2009 363 2060 τῇ
384 2005 544 2062 άρπαγῂ
565 2010 660 2045 conf.
677 2009 811 2046 Matth.

146 2062 212 2100 Gr.
233 2063 298 2101 Gr.
320 2064 416 2110 385,
446 2067 464 2104 1
495 2077 581 2115 pag.
602 2068 696 2106 706-

204 2120 455 2172 Περίανδρος
473 2119 702 2172 ὁΚυψέλου
721 2138 758 2161 κ.
778 2136 810 2160 τ.

145 2177 192 2227 λ.]
235 2177 331 2214 Cum
358 2177 559 2216 Periander
586 2192 606 2216 e
637 2179 811 2216 Larcheri

145 2234 346 2272 rationibus
377 2235 509 2273 obierit
546 2237 627 2276 563
653 2249 686 2273 a.
721 2236 808 2273 Chr.

144 2304 196 2338 n.‚
224 2304 291 2338 ea,
315 2304 411 2341 quae
440 2292 496 2328 hic
525 2297 740 2341 narrantur,
771 2293 809 2330 in

145 2361 281 2386 annum
310 2348 412 2395 565,
443 2349 555 2397 igitur
583 2350 692 2399 paulo
723 2354 809 2387 ante

145 2404 334 2442 Periandri
354 2406 494 2443 obitum
522 2407 698 2444 accidisse
719 2419 807 2443 con-

148 2466 359 2499 sentaneum
394 2467 462 2500 est.
506 2487 557 2491 —-
610 2463 670 2501 De
706 2463 809 2500 Peri-

148 2518 264 2554 andro
300 2521 397 2556 conf.
426 2519 464 2566 Ι,
495 2522 562 2560 23.
630 2519 703 2558 Per
730 2519 808 2569 Ly-

149 2573 244 2611 diam
266 2582 387 2613 autem
406 2589 481 2613 non
497 2576 612 2614 solum
632 2576 693 2613 illo
712 2581 807 2614 tem-

149 2641 252 2679 pore,
279 2644 400 2669 verum
426 2634 536 2670 etiam
552 2637 697 2684 postea,
719 2633 810 2671 Per-

152 2696 271 2723 sarum
302 2688 340 2724 in
373 2689 549 2727 ditionem
578 2703 658 2727 cum
699 2689 809 2739 Lydii

151 2741 349 2790 venissent,
378 2746 565 2795 negotium
593 2748 808 2784 castrando-

150 2810 230 2834 rum
248 2811 441 2847 puerorum
460 2804 615 2841 maxime
629 2804 808 2842 exercita-

153 2860 243 2902 tum,
254 2854 410 2910 indeque
426 2860 533 2897 etiam
553 2861 809 2898 commercium

875 1170 961 1207 pag.
997 1156 1089 1197 154.
1119 1178 1173 1184 —
1202 1157 1241 1193 In
1273 1171 1378 1208 seqq.
1410 1160 1544 1195 retinui

873 1209 1151 1264 προσχόντων,
1193 1215 1356 1262 quamvis
1385 1215 1422 1251 in
1453 1214 1541 1251 Flo-

873 1272 1017 1307 rentino
1031 1284 1129 1320 προς
1144 1282 1164 1308 σ
1176 1266 1336 1320 χόντων.
1348 1271 1432 1308 Vid.
1448 1276 1542 1309 nott.

873 1328 922 1364 ad
943 1327 973 1375 l,
993 1331 1030 1368 2.

928 1381 997 1423 τὸν
1016 1379 1150 1435 λόγον,
1173 1377 1250 1422 ἐπ’
1269 1399 1289 1422 ο
1303 1379 1377 1422 ἷσι
1402 1379 1544 1436 οἷγοία·

872 1439 942 1490 το]
989 1441 1128 1477 Similia
1182 1442 1365 1489 quaedam
1415 1442 1544 1490 attigit

872 1498 1002 1535 Matth.
1028 1498 1094 1534 Gr.
1118 1497 1184 1533 Gr.
1208 1495 1244 1547 ᾗ.
1263 1498 1359 1541 479,
1381 1511 1414 1535 a.
1445 1499 1543 1534 Add.

870 1555 1012 1592 Herod.
1032 1555 1061 1602 l,
1086 1557 1152 1596 22.
1173 1554 1237 1602 111,
1257 1554 1323 1595 48.
1344 1554 1424 1601 VII,
1448 1557 1538 1596 158.

870 1610 929 1648 Ad
942 1612 1050 1649 verba
1072 1607 1122 1650 οὗ
1133 1609 1406 1662 περιορέοντες
1421 1607 1541 1650 α’ντέλ-

871 1683 956 1707 κειν
989 1669 1084 1705 conf.
1116 1669 1272 1705 eundem
1299 1669 1437 1705 Matth.
1461 1669 1484 1705 I.
1515 1668 1538 1705 I.

871 1723 906 1775 ἓ.
929 1725 1012 1766 553
1032 1725 1094 1761 fin.
1124 1738 1162 1774 p.
1184 1726 1303 1765 1086.
1335 1725 1431 1762 Infra
1452 1723 1539 1776 χρέ-

872 1796 993 1820 ωνται
1019 1794 1099 1818 cum
1123 1781 1327 1830 Schweigh.
1354 1788 1391 1819 et
1417 1782 1536 1820 Gaisf.

869 1838 1022 1887 reliqui,
1063 1839 1228 1887 quamvis
1269 1837 1348 1874 libri
1387 1839 1537 1888 quidam

868 1894 1062 1946 χρέονται,
1084 1895 1268 1945 probante
1288 1893 1474 1932 Larchero
1492 1908 1537 1932 ac

869 1952 1081 1988 Schaesero.
1141 1950 1323 2000 Equidem
1355 1952 1392 1988 in
1424 1951 1537 1998 hisce,

868 2009 905 2045 in
927 2008 1059 2057 quibus
1079 2021 1125 2045 ne
1143 2008 1263 2058 ipsum
1284 2008 1432 2057 quidem
1458 2008 1538 2046 He-

867 2065 1039 2102 rodotum
1061 2065 1131 2102 sibi
1152 2065 1301 2101 omnino
1327 2065 1537 2102 constitisse

867 2122 1034 2169 credam,
1064 2122 1249 2172 potiorum
1275 2121 1450 2159 librorum
1472 2135 1537 2159 au-

866 2179 1074 2216 ctoritatem
1098 2178 1203 2228 sequi
1223 2177 1344 2215 malui.
1375 2178 1486 2216 Conf.
1505 2179 1535 2226 I,

867 2238 921 2276 34
945 2236 1032 2284 ibiq.
1050 2240 1142 2272 nott.

926 2291 1017 2343 ἱροῦ
1040 2286 1478 2342 ἅψασθαιἈρτέμιδος]
1493 2291 1533 2327 In

866 2350 969 2386 Sami
999 2348 1117 2385 insula
1140 2362 1221 2385 cuin
1248 2353 1396 2398 praeter
1423 2348 1534 2384 Iuno-

865 2419 950 2443 nem
971 2405 1178 2456 Apollinem
1201 2418 1350 2454 quoque
1381 2404 1535 2454 insigni-

865 2467 922 2500 ter
941 2462 1117 2509 colerent,
1142 2461 1191 2498 nil
1209 2461 1352 2506 mirum,
1373 2460 1532 2498 Dianam

865 2532 1028 2558 sororem
1043 2519 1081 2556 in
1093 2518 1256 2557 eiusdem
1277 2517 1425 2555 honoris
1445 2531 1533 2555 con-

865 2577 980 2613 sortio
1011 2577 1145 2623 fuisse,
1175 2575 1370 2626 ipsamque
1402 2575 1532 2612 eximie

866 2633 1001 2670 cultam
1021 2633 1192 2681 adeoque
1214 2631 1352 2669 colonis
1376 2643 1398 2668 e
1418 2631 1532 2668 Samo

866 2690 1031 2728 deductis
1053 2689 1220 2726 additam
1241 2689 1365 2725 fuisse.
1415 2687 1529 2724 Cuius

865 2746 918 2784 rei
928 2745 1033 2797 plura
1048 2745 1257 2783 testimonia
1275 2744 1381 2782 affert
1394 2743 1532 2779 Panos-

866 2803 916 2841 ka
937 2802 958 2839 I.
981 2814 1092 2852 supra
1122 2801 1144 2839 l.
1170 2814 1259 2852 pag.
1278 2802 1345 2842 63.
1388 2797 1530 2835 Habuit

866 2860 957 2897 haec
971 2859 1042 2897 dea
1057 2870 1159 2896 suam
1180 2858 1319 2903 sedem,
1334 2854 1370 2892 T
1373 2866 1529 2904 auropo-
