1946 3272
607 264 961 308 THALIA.
1022 265 1088 304 111.
1396 270 1479 310 123

211 385 421 439 Φαιδίμη·
463 378 544 435 τήν
572 374 711 432 αὐτὴν
741 375 795 432 δή
823 375 991 432 ταύτην
1020 372 1105 431 εἶχε
1138 373 1233 417 τότε
1265 372 1288 417 6
1314 375 1536 431 Μάγος,7ο

208 456 281 499 καὶ
307 451 442 508 ταύτῃ
470 465 515 493 τε
545 449 764 499 συνοίκεε,
795 448 868 492 καὶ
897 451 996 504 τῇσι
1016 445 1172 502 ἄλλῃσι
1189 443 1353 502 πάσῃσι
1381 451 1481 504 τῇσι

181 529 292 569 4τοῦ
321 519 580 580 Καμβύσεω
602 520 786 575 γυναιξί.
845 517 1029 575 πέμπων
1059 516 1112 573 δή
1144 510 1207 559 ὧν
1237 516 1262 558 6
1295 514 1482 574 Ὀτάνης

205 593 322 649 παρὰ
348 590 512 647 ταύτην
538 589 620 647 τήν
647 589 890 646 θυγατέρα,
930 586 1201 632 ἐπυνθάνετο
1235 586 1338 642 παρ’
1371 587 1479 645 ὅτεῳ

206 661 457 719 ἀνθρώπων
489 664 704 717 κοιμῷτο,
749 662 790 704 εἴ
815 677 860 704 τε
888 658 995 716 μετοὲ
1023 659 1237 715 Σμέρδιος
1266 662 1349 703 τοῦ
1382 658 1536 703 Κύ-75

177 742 310 792 5ρου,
343 736 384 778 εἴ
397 750 441 778 τε
459 733 563 790 μετὰ
589 733 727 777 ἄλλου
747 748 832 776 τευ.
891 730 918 788 ἡ
951 731 997 775 δέ
1030 733 1075 776 οἱ
1103 730 1363 787 ἀντέπεμπε,
1396 748 1480 787 φα-

202 806 310 863 μένη
342 804 396 849 ού
425 804 677 861 γινώσκειν·

736 802 836 847 οὔτε
865 801 951 859 γοὲρ
987 802 1066 848 τόν
1096 802 1254 858 Κύρου
1284 803 1482 859 Σμέρδιν

202 877 375 921 ἰδέσθαι
405 874 606 931 οὐδαμᾶ,
655 874 755 918 οὔτε
785 875 905 926 ὅστις
943 876 1007 931 εἴη
1041 873 1065 920 ὁ
1096 876 1339 919 συνοικέων
1369 874 1481 933 αὐτῇ

173 948 376 993 6εἰδέναι.
435 947 595 1003 ἔπεμπε
634 946 816 1001 δεύτερα
855 945 879 990 6
916 944 1121 1003 Ὀτάνης,
1160 946 1324 1003 λέγων·
1384 948 1482 999 „El

199 1019 258 1076 μή
291 1017 400 1076 αὐτὴ
431 1018 629 1075 Σμέρδιν
657 1016 737 1061 cdv
766 1016 925 1073 Κύρου
954 1018 1203 1074 γινώσκεις,
1236 1017 1290 1062 σύ
1323 1019 1369 1062 δὲ
1399 1033 1479 1061 πα·
1492 1026 1537 1060 80

200 1091 257 1146 ροὲ
291 1090 496 1146 Ἀτόσσης
533 1089 679 1133 πύθευ
719 1089 828 1148 ὅτεῳ
866 1089 1008 1149 τούτῳ
1050 1089 1270 1134 συνοικέει
1299 1087 1409 1145 αὐτή
1435 1105 1480 1133 τε

198 1161 360 1218 ἐκείνη,
391 1162 466 1206 καὶ
495 1160 561 1205 σύ.
619 1161 792 1213 πάντως
819 1161 904 1217 γὰρ
936 1160 990 1217 δή
1020 1178 1104 1205 κου
1132 1160 1210 1204 τόν
1237 1177 1285 1216 γε
1316 1159 1481 1216 ἑωυτῆς

171 1231 420 1289 7ἆδελφεόν
447 1231 703 1289 γινώσκει.“
740 1231 1010 1288 Ἀντιπέμπει
1039 1232 1153 1288 πρός
1179 1235 1318 1275 ταῦτα
1347 1231 1374 1287 ἡ
1397 1236 1479 1275 θυ-

200 1301 359 1359 γάτηρ·

415 1303 566 1356 ,,Οὐ’τε
598 1302 781 1363 Ἀτόσσῃ
825 1304 1015 1360 δύναμαι
1057 1305 1099 1356 ἐς
1128 1303 1289 1360 λόγους
1319 1304 1478 1356 ἐλθεῖν,
1492 1308 1536 1344 85

202 1373 302 1418 οὔτε
329 1374 467 1433 ἄλλην
497 1373 707 1433 οὐδεμίαν
737 1374 911 1420 ἰδέσθαι
930 1379 1020 1420 τῶν
1048 1374 1388 1432 συγκατημένων
1406 1391 1481 1432 γυ-

145 1549 226 1587 loco
241 1549 446 1601 Φαιδιμίη.
478 1550 675 1588 Caeterum
687 1549 809 1586 mirari

145 1607 242 1644 subIt
276 1620 410 1645 nomen
447 1607 628 1645 Graecum
660 1607 736 1644 fere
771 1606 809 1643 in

145 1663 279 1702 Persis.
319 1663 428 1702 Conf.
458 1668 550 1701 nott.
574 1664 622 1700 ad
652 1663 714 1710 Ill,
742 1664 808 1702 89.

148 1744 200 1749 —-
235 1720 276 1757 In
300 1733 404 1769 seqq
430 1734 511 1758 cum
537 1692 742 1769 Schweigli.
773 1723 810 1756 et

148 1776 264 1813 Gaisf.
286 1778 429 1827 reposui
445 1792 553 1828 παρα
575 1772 724 1827 ταύτην
735 1790 810 1826 την

144 1831 358 1884 θυγατέρα.
400 1833 593 1883 Vulgatam
615 1829 716 1881 παρ’
735 1827 811 1871 αύ-

144 1905 238 1941 την
269 1905 343 1938 την
369 1894 467 1957 θυγ.
472 1864 643 1927 Οῐεῐίῃυίῒ
672 1889 809 1929 Matth.

202 1959 251 1986 συ
276 1944 318 1985 δὲ
338 1962 445 1998 παρα
458 1941 644 1996 Ἀτόσσης
656 1943 808 2010 πύθευ]

144 2003 216 2042 De
222 2003 406 2054 particula
428 2001 491 2051 δὲ,
524 2016 618 2053 quae
637 2003 695 2039 hic
715 2003 811 2039 exci-

146 2061 202 2111 pit
234 2060 447 2111 particulam
481 2057 553 2109 μὲν
593 2060 631 2096 in
670 2059 810 2110 protasi

144 2117 327 2167 positam,
356 2119 452 2155 conf.
473 2117 631 2155 lVerfer.
656 2116 693 2152 in
715 2116 808 2153 Actt.

145 2173 279 2224 philoll.
294 2173 458 2212 Monacc.
471 2174 486 2211 I
506 2173 687 2224 p.89.1n
704 2185 809 2240 seqq.

147 2229 354 2269 συνοικέ
367 2245 406 2269 ει
428 2231 497 2268 dici
517 2243 584 2280 pro
609 2227 788 2268 συνοικέε
791 2251 809 2256 -

144 2301 185 2325 τε
204 2288 342 2324 monuit
354 2287 488 2324 Matth.
509 2287 620 2324 Gr,
589 2300 652 2323 ur.
667 2300 702 2337 p.
716 2287 809 2326 599

145 2343 204 2381 De
220 2344 347 2380 Atussa
366 2345 410 2384 cs,
429 2344 501 2391 Ill,
522 2346 586 2383 31.
608 2345 673 2383 88.
727 2343 811 2379 Fuit

146 2401 240 2437 enim
267 2400 459 2449 Cambysis
497 2413 603 2437 soror
633 2404 671 2437 et
706 2412 810 2446 uxor,

145 2455 260 2506 Mago
284 2458 417 2495 deinde
437 2462 473 2494 et
493 2463 570 2494 tum
598 2457 667 2507 ipsi
694 2456 810 2493 Dario

146 2512 339 2564 Hystaspis
369 2518 507 2564 nupta,
560 2514 660 2564 apud
698 2526 808 2562 quem

147 2568 337 2618 plurimum
358 2570 481 2617 valuit,
502 2575 541 2607 ut
563 2574 665 2620 patet
682 2583 726 2607 ex
747 2569 809 2617 111,

152 2626 242 2664 133.
268 2624 358 2667 134.
380 2626 460 2674 Vll,
480 2628 517 2666 3.
547 2627 606 2664 De
628 2628 708 2676 ipsa
721 2639 809 2663 voce

150 2680 238 2718 haec
261 2682 451 2733 adscripsit
470 2683 500 2721 C
508 2697 559 2721 r..·
588 2683 697 2720 Atesk
719 2683 809 2720 Per-

151 2736 234 2774 sice.
263 2738 390 2775 Atusia
402 2753 549 2789 qnoque
567 2740 665 2777 urbis
690 2740 725 2776 in
741 2739 809 2775 As-

153 2793 249 2841 syria
270 2794 317 2830 ad
335 2795 495 2846 Captum
516 2797 679 2834 fluvium.
717 2796 808 2832 Eius

152 2848 252 2884 urbis
272 2861 398 2888 numus
419 2852 566 2891 exhibet
581 2856 691 2904 caput
706 2852 809 2891 femi-

153 2916 262 2942 neum
288 2907 454 2946 turritum
475 2913 511 2947 et
535 2910 810 2961 inscriptionem

865 1549 976 1587 ATO
986 1548 1211 1588 ΥΣῙΕΩΝ.
1242 1546 1454 1599 Explicatur
1469 1560 1538 1585 nu-

865 1618 944 1643 mus
966 1605 1003 1642 in
1028 1604 1293 1654 Archaeologia
1322 1605 1537 1641 Britannica

866 1662 902 1700 T
906 1675 977 1699 om.
1006 1661 1092 1698 XVI
1123 1675 1177 1701 nr.
1197 1663 1236 1702 3.
1279 1661 1339 1699 Cf.
1365 1661 1535 1710 thting.

866 1719 1020 1768 Anzeig.
1044 1720 1149 1758 1811
1173 1731 1225 1755 nr.
1243 1719 1338 1759 78.“

927 1774 1088 1814 ἰδέσθαι
1117 1777 1197 1813 τῶν
1227 1772 1537 1826 συγκατημένων

866 1832 1092 1884 γυναικῶν]
1142 1831 1311 1880 Regibus
1341 1832 1536 1869 Persarum

866 1902 935 1940 pro
956 1902 1058 1926 more
1076 1888 1279 1938 principum
1294 1887 1536 1936 orientalium,

867 1945 1040 1996 plurimas
1053 1945 1168 1981 fuisse
1186 1944 1331 1995 pellices
1350 1945 1436 1981 satis
1448 1957 1536 1982 con-

867 2007 954 2048 stat,
985 2015 1052 2039 nec
1063 2005 1229 2050 repetam
1257 2005 1421 2039 veterum
1448 2001 1536 2038 seri-

866 2063 1012 2124 ptorum
1023 2059 1069 2095 de
1088 2057 1210 2096 Persis
1220 2058 1430 2095 testimonia
1442 2057 1537 2094 hanc

867 2117 903 2153 in
926 2128 1001 2152 rem
1022 2114 1171 2152 collecta
1194 2127 1216 2152 a
1234 2115 1348 2152 Barn.
1369 2114 1534 2151 Brisson.

866 2172 926 2210 De
954 2185 1033 2220 reg.
1064 2171 1167 2208 Pers.
1192 2172 1308 2221 princ.
1340 2172 1357 2208 I
1387 2169 1423 2221 ἓ.
1454 2173 1534 2211 110

867 2242 967 2277 seq„
995 2242 1016 2266 e
1048 2228 1179 2276 quibus
1202 2227 1356 2276 intelligi
1387 2227 1535 2277 poterit,

867 2289 1098 2334 quantopere
1128 2285 1244 2321 omnis
1274 2284 1449 2334 gynaecei
1474 2296 1536 2320 ra-

867 2343 918 2379 tio
944 2342 1043 2391 apud
1066 2345 1208 2378 veteres
1234 2341 1367 2379 Persas
1388 2354 1469 2378 cum
1491 2340 1533 2376 iis

867 2398 1073 2443 conveniat,
1097 2410 1194 2446 quae
1211 2398 1330 2435 adhuc
1351 2398 1389 2434 in
1415 2399 1534 2435 orien-

865 2455 989 2492 talium
1019 2467 1146 2504 regum
1179 2455 1374 2504 gynaeceis
1401 2449 1535 2506 (vulgo

866 2516 1001 2548 vocant
1018 2509 1172 2560 Harem)
1187 2512 1428 2561 reperiuntur,
1439 2511 1535 2548 bene

866 2573 1037 2606 monente
1069 2568 1228 2605 Heeren.
1262 2568 1387 2606 ldeen.
1424 2567 1463 2614 l,
1498 2569 1533 2606 1.

865 2639 949 2676 pag.
974 2624 1067 2666 466.
1126 2624 1250 2662 Verba
1271 2624 1315 2663 αἱ
1341 2619 1534 2675 συγκατή-

867 2696 984 2733 μειάι
1013 2684 1198 2732 γυναῖκες
1234 2679 1272 2732 (i.
1299 2695 1330 2718 e.
1361 2680 1532 2731 feminae,

867 2752 956 2789 quae
986 2738 1063 2774 unci
1096 2750 1227 2774 mecum
1257 2739 1315 2774 hic
1350 2737 1532 2783 habitant)

867 2796 1015 2832 omnino
1035 2795 1083 2832 ad
1095 2807 1324 2832 communem
1345 2793 1532 2831 mulierum

867 2854 905 2890 in
927 2852 1122 2902 gynaeceis
1154 2852 1234 2888 istis
1262 2851 1442 2888 rationem
1472 2848 1532 2884 vi-

867 2909 976 2948 vendi
1011 2909 1201 2958 victusque
1231 2912 1269 2945 et
1301 2905 1531 2955 negotiorum
