1863 3256
539 262 882 303 THALIA.

943 262 1005 303 Ill.
1322 271 1404 310 229

132 378 253 431 ρείου
287 375 473 419 ἐλθόντα
503 370 612 427 παρ’
641 369 800 424 αὐτὸν,
844 369 904 422 ὥς
944 370 998 414 οὐ
1025 370 1138 425 πρὸς
1166 369 1335 430 ἡδονήν
1365 379 1409 420 οἱ

129 443 187 503 ἦν
216 447 267 491 τα
300 442 611 502 ἀγγελλόμενα,
652 443 808 485 κτείνει
837 459 912 496 μιν
943 441 1081 485 ὀπίσω
1111 443 1407 499 κομιζόμενον,

132 517 296 572 ἄνδρας
335 517 379 558 οῖ
417 512 598 565 ὑπείσας
637 511 736 556 κατ’
769 511 895 556 ὁδόν·
956 511 1213 565 ἀποκτείνας
1245 514 1290 558 δέ
1320 532 1406 571 μιν,

0 598 82 643 [ΖΊ
122 588 310 646 ἠφάνισε
341 583 460 640 αὐτῷ
492 587 624 643 ἵππῳ.
684 588 874 640 Δαρεῖος
913 585 959 628 δὲ
999 582 1058 636 ὥς
1094 585 1186 641 ἔσχε
1214 586 1296 642 τὴν
1327 585 1453 642 cip-60

123 659 226 717 χὴν,
266 656 477 711 ἐπεθύμεε
515 655 594 699 τόν
633 655 828 710 Ὀροίτεα
869 658 1100 708 τίσασθαι,
1149 657 1326 701 πάντων
1361 675 1405 702 τε

125 733 213 773 τῶν
243 725 523 784 ἀδικημάτων
554 729 742 779 εἵνεκεν,
785 726 858 770 καὶ
896 726 1081 782 μάλιστα
1113 728 1401 784 Μιτροβάτεω

95 808 118 840 2
128 800 198 845 καὶ
230 802 312 842 τοῦ
343 797 512 849 παιδός.

573 799 619 841 ἐκ
649 798 729 854 μὲν
760 796 812 853 δὴ
843 801 919 854 τῆς
949 799 1089 855 ἰθείης
1117 801 1304 853 στρατόν
1333 800 1401 845 ἐπ’

124 867 260 914 αὐτόν
302 868 385 912 οὐκ
423 867 568 912 ἐδόκεε
607 869 816 925 πέμπειν,
870 869 943 912 ἅτε
982 871 1025 912 οἱ
1060 870 1298 914 οἰδεόντων
1341 872 1402 916 ἔτι

123 944 212 985 τῶν
242 939 530 997 πρηγμάτων,
571 940 646 983 καὶ
685 940 841 984 νεωστὶ
883 940 990 996 ἔχων
1020 941 1099 997 τήν
1132 940 1290 1000 ἀρχὴν,
1330 945 1459 989 καὶ65

120 1011 199 1056 τὸν
223 1009 421 1067 Ὀροίτεα
453 1010 644 1069 μεγάλην
671 1011 749 1069 τὴν
775 1012 898 1068 ἰσχὺν
926 1012 1262 1071 πυνθανόμενος
1281 1014 1403 1072 ἔχειν·

65 1221 142 1257 reg.
164 1208 265 1246 Pers.
299 1209 447 1259 princ.I
475 1206 511 1259 ἓ.
532 1211 625 1251 238.
675 1208 731 1246 Ut

65 1266 162 1302 enim
184 1265 281 1313 regis
308 1266 483 1302 mandata
501 1278 610 1314 quam
630 1265 730 1302 citis-

63 1321 154 1358 sime
171 1321 220 1357 ad
238 1322 501 1371 provinciarum
521 1323 727 1371 praefectos

61 1377 319 1428 pervenirent,
349 1391 516 1416 cursores
535 1383 638 1416 erant
661 1391 728 1428 per

62 1434 239 1471 stationes
262 1435 452 1485 dispositi,
499 1436 559 1484 qui
590 1435 650 1472 illa
681 1436 728 1472 ad

64 1496 258 1541 satrapas,
309 1503 508 1541 eorumque
550 1504 728 1542 responsa

61 1547 111 1585 ad
130 1561 255 1596 regem
278 1549 494 1599 perferrent.
526 1548 639 1592 Quod
664 1550 726 1585 in-

61 1605 249 1651 stitutum,
287 1605 386 1642 cuius
409 1605 523 1643 simile
543 1606 631 1654 quid
660 1606 728 1642 ad-

59 1660 130 1698 huc
172 1665 316 1699 exstare
367 1662 491 1699 scribit
529 1662 725 1708 Morierus‚

60 1730 134 1767 quo
153 1718 270 1755 minus
294 1731 374 1755 cum
394 1719 529 1755 nostris
558 1719 723 1756 cursibus

58 1774 210 1824 publicis
238 1774 396 1822 (Pas-ten
425 1775 534 1824 vulgo
561 1776 723 1822 vocant)

59 1836 308 1881 comparetur,
355 1832 392 1869 id
436 1832 580 1878 obstat,
622 1832 723 1881 quod

59 1892 202 1924 tantum
226 1888 275 1924 ad
296 1900 350 1925 res
372 1889 492 1937 regias
511 1889 722 1939 publicasve

59 1944 157 1981 istud
177 1945 373 1994 pertinuit,
411 1959 478 1982 nec
506 1945 578 1982 ullo
609 1946 721 1982 modo

57 2001 282 2051 privatorum
297 2001 480 2039 hominum
500 2003 608 2039 rebus
624 2003 724 2038 usui-

58 2070 130 2106 que
162 2058 336 2095 inserviit.
389 2059 433 2095 In
461 2058 723 2108 Mongolorum

56 2114 178 2163 regnis
197 2127 219 2151 a
236 2114 515 2164 Zingis—Chani
537 2128 725 2153 successo-

56 2171 156 2208 ribus
183 2171 315 2208 similia
348 2172 530 2221 quaedam
560 2185 640 2210 esse
667 2173 725 2209 in-

55 2228 203 2273 stituta,
235 2241 279 2266 ex
296 2228 363 2276 iis,
402 2242 499 2278 quae
520 2230 567 2267 de
587 2230 642 2266 his
661 2242 720 2267 re-

56 2283 140 2321 tulit
161 2283 289 2322 Marco
311 2285 401 2322 Polo
412 2315 425 2332 ‚
470 2287 557 2325 satis
581 2287 622 2323 fit
643 2298 720 2323 ma-

54 2341 239 2378 nifestum.
270 2341 418 2380 Monuit
439 2342 587 2381 Heeren
606 2342 719 2380 Ideen

55 2402 122 2436 etc.
143 2398 174 2444 Ι,
198 2400 216 2437 1
242 2411 277 2447 p.
296 2397 380 2440 497
397 2412 476 2448 seq.
533 2399 643 2437 Italus
664 2400 719 2436 in-

55 2458 194 2504 terpres
223 2455 269 2492 ab
289 2454 357 2493 hac
378 2469 466 2493 voce
485 2456 631 2494 Persica
653 2457 720 2494 de-

56 2512 230 2553 scendere
277 2512 354 2549 vult
400 2512 573 2550 Italorum
609 2507 718 2551 voces

57 2567 245 2615 anglieria,
263 2569 490 2618 anglzerz’are,
510 2572 719 2619 angariare,

56 2626 298 2671 angariatore.
329 2626 462 2664 Parum
477 2632 591 2673 recte3
605 2626 719 2664 multo

56 2680 151 2716 enim
202 2683 377 2732 propiora
427 2688 515 2721 sunt
561 2683 720 2721 Latina:

56 2748 194 2784 angor,
222 2751 362 2787 angere.

115 2790 169 2838 ὥς
193 2789 246 2845 ι0ιῖ
277 2792 377 2845 πρός
403 2791 562 2847 ’ἡδονήν
589 2795 632 2836 οἷ
648 2791 717 2847 ἦν]

57 2861 134 2885 cum
163 2850 198 2884 ei
227 2855 337 2897 grata
363 2865 434 2889 non
468 2857 602 2901 essent,
641 2866 718 2891 cum

57 2904 280 2956 displicerent
308 2910 402 2959 regis
430 2910 614 2948 mandata.
659 2909 719 2948 Ad

787 1208 1009 1246 locutionem
1043 1205 1141 1257 πρὸς
1177 1206 1333 1259 ’ἡδονήν
1359 1211 1454 1248 conf.

787 1278 882 1314 quae
899 1267 1024 1303 citavit
1043 1265 1175 1303 Matth.
1192 1267 1258 1303 Gr.
1278 1268 1344 1304 Gr.
1367 1280 1454 1318 pag.

790 1324 910 1362 1184.

843 1375 996 1429 ἄνδρας
1017 1376 1058 1417 οἵ
1079 1376 1261 1429 ὑπείσας]
1302 1380 1324 1417 i.
1344 1393 1376 1417 e.
1397 1382 1453 1417 υί-

785 1449 842 1471 ros
865 1435 1081 1483 subornans,
1119 1436 1158 1472 in
1188 1436 1332 1473 insidiis
1362 1436 1452 1474 clam

786 1492 984 1537 collocans,
1016 1497 1057 1529 ut
1080 1493 1142 1540 Vl,
1165 1495 1255 1534 103.
1298 1493 1356 1531 De
1376 1494 1453 1530 for-

784 1562 844 1586 ma
862 1550 957 1587 conf.
981 1548 1113 1587 Matth.
1139 1563 1174 1600 p.
1194 1548 1289 1591 462.
1306 1571 1356 1578 --
1377 1550 1451 1587 Pro

784 1601 875 1644 κατ’
930 1601 1052 1646 ου’δόν
1107 1607 1315 1657 scripsimus
1368 1620 1451 1645 cum

786 1663 925 1709 Gaisf.,
969 1662 1154 1714 plerisque
1184 1664 1292 1701 codd.
1317 1664 1368 1701 sic
1395 1664 1450 1701 iu·

783 1719 975 1757 bentibus:
1022 1715 1110 1757 κατ’
1129 1715 1233 1759 ὁδόν.
1307 1719 1366 1758 Ad
1395 1719 1450 1756 lo-

780 1776 962 1813 cutionem
1016 1771 1126 1830 αὕτῷ
1181 1776 1291 1830 ἵππῳ
1351 1777 1447 1814 conf.

780 1832 849 1880 ΙΙΙ,
882 1832 948 1874 45.

950 1889 1058 1939 Cap.
1089 1888 1275 1926 CXXVII.

837 1943 879 1984 ἐκ
911 1942 982 1996 μὲν
1013 1942 1064 1994 δή
1094 1947 1165 1996 τῆς
1195 1944 1344 1996 ἰθείης]
1385 1945 1446 1983 Cf.

780 2015 894 2052 supra
917 2003 971 2050 11,
997 2005 1100 2049 161,
1131 2003 1193 2039 ubi
1213 2003 1445 2050 locutionem,

781 2072 891 2108 quam
919 2072 987 2096 nos
1014 2072 1136 2096 sumus
1176 2060 1405 2110 interpretati
1429 2072 1447 2097 e

780 2118 951 2164 vestigio,
990 2118 1175 2163 continuo,
1215 2116 1385 2165 Schwgh.
1407 2116 1446 2153 in

779 2172 849 2210 lex.
867 2173 1007 2211 Herod.
1036 2172 1172 2210 mavult
1194 2173 1350 2210 reddere
1373 2186 1445 2224 pa-

776 2229 871 2276 lam,
901 2243 944 2266 ex
967 2233 1109 2280 aperto,
1139 2235 1175 2267 et
1194 2229 1381 2277 hocloco,
1407 2234 1445 2267 et

776 2286 829 2323 lx
841 2315 853 2332 ,
875 2288 942 2326 37.
992 2287 1110 2330 Quam
1132 2287 1279 2335 quidem
1302 2286 1444 2336 signifi-

776 2344 958 2381 cationem
982 2356 1027 2381 ex
1045 2343 1228 2394 primitiva
1252 2342 1333 2390 illa,
1369 2344 1444 2393 qua

776 2404 846 2447 est,
879 2413 895 2436 e
918 2403 1028 2447 recta,
1059 2413 1076 2437 e
1096 2401 1258 2448 vestigio,
1279 2401 1444 2437 continuo

776 2461 909 2506 sponte
929 2459 1057 2503 fluere,
1087 2457 1260 2506 equidem
1284 2457 1443 2494 credam.

776 2513 891 2551 Paulo
909 2519 995 2551 ante
1019 2513 1168 2552 εἵνεκεν
1191 2527 1211 2551 e
1229 2513 1443 2551 Florentino

776 2583 857 2607 cum
877 2575 1032 2610 recentt.
1048 2570 1134 2608 edd.
1155 2571 1359 2622 recepimus
1375 2582 1444 2621 pro

777 2626 914 2667 εἵνεκε.

833 2679 902 2723 ἅτε
938 2683 980 2723 οἷ
1008 2678 1249 2734 οἰδεόντων]
1289 2683 1346 2720 Cf.
1378 2683 1442 2729 111,

776 2742 850 2785 76,
893 2741 1018 2790 ibique
1058 2745 1150 2778 nott.
1188 2739 1361 2778 Voculam
1401 2736 1443 2777 οἵ

775 2796 990 2835 translatam
1011 2797 1089 2834 vult
1104 2796 1233 2834 Valck.
1252 2800 1338 2847 post
1355 2790 1440 2833 ε’δό·

775 2868 841 2893 κεε
853 2885 863 2901 ,
901 2854 1002 2903 quod
1021 2865 1102 2891 mea
1121 2854 1269 2902 quidem
1290 2855 1436 2889 senten·

776 2911 827 2949 tia
841 2910 942 2948 haud
962 2910 1219 2948 necessarium.

1464 587 1547 615 Darii
1581 592 1735 620 consilium

1464 622 1581 680 {l’f‘ffl‘ifl
1592 625 1735 654 uleiscen-

1485 663 1503 681 ι.
