1946 3272
126 236 266 266 tnntttorz

314 236 401 265 Cam-

127 271 161 304 b)
169 280 227 305 ses,
245 271 399 299 dominus:

126 303 244 341 Cyrus,
271 310 367 342 pater.

461 126 545 168 158

861 128 1327 169 HERODOTI

429 235 590 280 Ξαύτοὶ
619 238 823 283 καλέουσι
851 240 1130 293 σατραπηΐας.
1175 236 1446 294 καταστήσας
1475 238 1522 282 δὲ
1550 238 1630 291 τὰς
1659 237 1733 295 ἄρ-

457 307 535 366 χάς
573 309 647 352 καὶ
687 307 899 363 ἄρχοντας
946 304 1197 361 ἐπιστήσας,
1250 305 1427 358 ἐτάξατο
1469 305 1641 361 φόρους
1687 309 1731 352 οἱ

457 380 686 434 προσιέναι
722 378 832 422 κατὰ
878 375 1006 419 ἔθνεά
1047 391 1117 428 τε,
1171 377 1245 419 καὶ
1282 377 1389 431 πρὸς
1432 382 1542 421 τοῖσι
1581 377 1757 422 ἔθνεσιΙ

455 451 561 503 τούς
600 447 932 508 πλησιοχώρους
966 445 1280 502 προστάσσων,
1332 448 1406 491 καὶ
1450 446 1730 505 ὑπερβαίνων

403 622 487 658 dam
505 620 651 671 placuit,
665 620 755 656 haee
773 618 966 669 descriptio
980 631 1064 669 spe-

402 682 519 716 ctasse
540 676 723 713 censenda
746 680 819 721 est,
850 675 900 712 ita
928 680 967 712 ut
993 675 1062 711 alia

403 735 585 784 quaedam
637 737 830 782 praeterea
885 732 1064 769 exstiterit

403 791 516 842 ipsius
537 795 655 826 terrae
668 801 695 825 s.
717 788 982 838 provinciarum
998 787 1064 824 de-

405 847 579 896 scriptio·‚
609 858 694 882 nam
731 843 804 881 tale
844 844 933 892 quid
969 855 1063 879 nun-

404 915 512 952 quam
537 902 575 938 in
599 901 793 938 Persarum
817 902 924 936 rebus
945 899 1064 936 locum

404 959 575 996 habuisse
596 958 818 1003 invenimus,
849 956 948 1006 apud
972 968 1064 1005 quos

404 1020 595 1064 utrumque
610 1015 732 1064 potius
754 1025 898 1063 semper
915 1013 1066 1049 coniun-

404 1076 499 1109 ctum
537 1072 647 1108 fuisse
677 1075 963 1107 consentaneum
995 1072 1064 1106 est.

369 1171 372 1175 ,
402 1128 536 1177 Neque
557 1131 727 1165 accurate
748 1126 907 1163 locorum
927 1138 969 1163 ac
991 1130 1065 1163 ter-

401 1197 523 1223 rarum
549 1184 727 1229 rationem
758 1183 912 1220 situmve
940 1186 1065 1220 secuta

403 1246 459 1280 est
478 1241 567 1278 haec
587 1241 799 1292 descriptio,
830 1241 867 1278 in
889 1252 961 1290 qua
987 1252 1065 1276 ma·

402 1299 458 1336 ior
469 1298 562 1335 ratio
575 1297 699 1334 habita
718 1298 828 1335 fuisse
838 1298 978 1334 videtur
989 1302 1064 1334 ter-

403 1367 525 1392 rarum
549 1355 625 1391 sive
646 1355 821 1402 gentium,
851 1358 960 1404 prout
983 1352 1064 1390 illae

402 1411 550 1461 quidem
570 1411 606 1447 in
620 1410 812 1448 Persarum
831 1410 997 1448 venerint
1008 1409 1064 1445 di-

401 1469 552 1505 tionem.
591 1467 755 1510 Quarum
774 1467 969 1503 nonnullae
980 1469 1066 1515 post

403 1537 427 1561 a
453 1524 575 1561 Persis
603 1536 698 1572 quae
730 1524 956 1568 defecerunt,
986 1521 1066 1558 nul-

401 1580 473 1617 lum
486 1580 639 1630 amplius
659 1580 832 1616 tributum
844 1580 994 1616 solvisse
1008 1578 1065 1614 in-

402 1637 607 1674 veniuntur.
677 1636 805 1685 ltaque
842 1636 891 1672 nil
923 1636 1065 1682 mirum,

403 1694 433 1730 si
456 1694 555 1743 apud
580 1693 792 1743 posterioris
824 1693 956 1730 aetatis
979 1692 1066 1728 scri-

402 1754 528 1799 ptores
539 1750 721 1798 quaedam
731 1750 972 1795 inveniuntur,
983 1760 1065 1785 cum

400 1805 626 1843 Herodoteis
661 1819 756 1854 quae
788 1806 934 1842 minime
976 1816 1065 1841 con-

403 1866 550 1911 gruant,
580 1862 689 1898 immo
711 1862 758 1898 ob
781 1866 985 1911 temporum
1009 1860 1065 1896 di-

402 1919 612 1956 versitatem
631 1918 784 1955 maxime
804 1918 979 1965 distingui
999 1917 1064 1953 de-

396 1975 518 2012 beant.
571 1975 644 2019 Sic,
663 1975 713 2010 uti
732 1974 799 2011 hoc
819 1979 914 2020 utar,
934 1975 969 2010 in
990 1973 1064 2008 sin-

398 2031 564 2079 gularum
579 2031 818 2080 satrapiarum
829 2043 977 2067 numero
987 2041 1064 2065 ma-

398 2088 494 2124 xime
520 2088 661 2124 variant
693 2087 899 2136 scriptores.
957 2086 1062 2132 tide,

399 2155 445 2179 ne
463 2143 578 2192 plura,
599 2143 760 2180 Brisson.
782 2143 839 2180 De
852 2156 927 2191 reg.
942 2142 1062 2179 Perss.

397 2199 537 2249 prinei
560 2198 597 2250 ἓ.
615 2201 703 2239 169.
737 2199 794 2237 De
810 2199 954 2248 reliquis
976 2211 1064 2236 con-

399 2254 465 2291 sul.
497 2255 656 2292 Heeren.
682 2256 792 2293 ldeen
813 2257 846 2302 l,
869 2260 885 2296 1
921 2269 956 2305 p.
984 2255 1060 2296 145

399 2323 503 2360 seqq.
535 2311 688 2348 Rennel.
713 2325 796 2361 pag.
820 2312 900 2351 479
923 2325 1024 2360 seqq.

455 2365 637 2405 καλέουσι
652 2369 908 2417 σατραπηίας]
921 2368 976 2404 De
990 2367 1063 2403 Sa-

402 2427 525 2472 napae
547 2428 584 2460 et
606 2423 803 2473 Satrapi'ae
826 2426 970 2461 nomine
991 2424 1064 2459 dixi

400 2480 449 2517 ad
472 2480 634 2516 Ctesiam
659 2493 744 2530 pag.
762 2483 849 2522 122.
881 2480 1062 2516 Persicam

401 2549 482 2574 esse
505 2549 628 2572 vocem
658 2549 784 2573 omnes
814 2537 1063 2581 consentiunt3

402 2593 450 2630 de
475 2593 585 2642 ipsius
598 2597 721 2641 etymo
738 2606 780 2629 ac
800 2592 1064 2641 significatione

402 2649 629 2685 dissentiunt.
689 2649 761 2693 Qui
779 2650 825 2685 ad
844 2649 1064 2686 llebraicum

403 2708 530 2759 7³:37]ss
555 2710 772 2756 provocant,
817 2705 839 2741 ii
865 2706 912 2742 ad
941 2717 1066 2741 verum

403 2761 553 2813 propius
574 2761 659 2799 mihi
674 2761 869 2799 accessisse
887 2761 1065 2798 videntur.

1118 618 1276 654 Indicari
1296 618 1405 655 iidem
1437 618 1662 655 contendunt
1678 631 1786 668 prae-

1111 673 1270 724 fectum,
1300 687 1329 711 s.
1358 675 1494 722 regium
1517 678 1704 724 portarum
1725 689 1787 712 cu-

1119 730 1261 777 stodem,
1274 732 1331 767 vel
1348 731 1462 767 simile
1481 731 1582 779 quid.

1178 783 1339 833 ἐτάξατο
1351 782 1520 836 φόρους]
1535 787 1557 823 i.
1569 800 1600 825 e.
1612 789 1783 834 instituit,

1120 844 1305 892 imperavit
1325 844 1474 888 tributa,
1506 856 1529 878 a
1551 844 1707 892 singulis
1718 857 1785 894 1²⁰-

1116 898 1215 948 pulc's
1234 899 1302 934 siba·
1321 899 1557 948 praestanda.
1604 900 1662 938 De
1685 900 1787 937 locu-

1121 956 1224 992 tione
1243 955 1380 991 monuit
1397 955 1550 992 Siebelis
1568 956 1617 992 ad
1629 956 1784 993 Pausan.

1121 1011 1225 1058 Vlll,
1254 1013 1309 1052 52
1352 1009 1389 1062 ἓ.
1420 1013 1458 1051 2.
1507 1010 1569 1049 'su
1599 1014 1694 1050 conf.
1722 1012 1787 1060 lll,

1177 1121 1436 1174 ’ὑπερβαίνων
1453 1120 1546 1171 τούς
1557 1124 1784 1177 προσεχέας]

1121 1179 1144 1216 i.
1164 1193 1195 1217 e.
1222 1179 1530 1229 praetergrediens
1555 1186 1676 1230 gentes
1691 1184 1786 1234 fini-

1120 1238 1237 1282 timus,
1250 1249 1277 1273 s,
1299 1237 1457 1282 vicinas;
1475 1237 1527 1274 ita
1548 1244 1671 1277 utnon
1690 1253 1786 1278 sem-

1119 1306 1187 1343 per
1214 1297 1346 1341 gentes
1369 1293 1507 1331 vicinae
1531 1306 1560 1331 s.
1589 1298 1785 1346 contiguae

1121 1350 1169 1386 ad
1186 1362 1295 1386 unam
1315 1349 1544 1399 eandemque
1560 1354 1785 1402 provinciam

1122 1406 1329 1456 adscriptae
1372 1406 1532 1453 suerint,
1574 1410 1643 1447 sed
1675 1412 1784 1448 etiam

1122 1462 1216 1499 aliae
1239 1462 1474 1511 remotiores,
1505 1463 1583 1502 aliis
1613 1467 1784 1515 gentibus

1121 1518 1321 1556 interiectis
1354 1526 1547 1568 separatae
1579 1527 1617 1559 et
1646 1523 1786 1560 disiun-

1122 1580 1214 1612 ctae.
1254 1574 1337 1611 Hoc
1357 1576 1451 1612 enirn
1473 1576 1540 1613 sibi
1560 1579 1685 1616 volunt
1703 1592 1786 1618 ver-

1123 1632 1190 1668 ba:
1222 1627 1377 1669 ἄλλοισι
1400 1628 1496 1671 ἄλλα
1515 1631 1564 1672 τοὶ
1589 1633 1783 1687 ἑκαστέρω

1125 1687 1245 1726 ἔθνεα
1270 1686 1422 1737 νέμων,
1455 1690 1477 1726 i.
1505 1703 1537 1727 e.
1559 1690 1691 1729 ditioni
1717 1692 1787 1730 alii

1122 1744 1216 1781 alias
1242 1756 1373 1793 quoque
1399 1749 1521 1792 gentes
1553 1749 1647 1794 (uon
1680 1749 1784 1786 adia-

1121 1806 1245 1839 centes
1276 1801 1522 1851 finitimasque
1549 1805 1642 1853 sed)
1673 1818 1784 1841 remo-

1123 1859 1224 1893 tiores
1253 1856 1465 1895 adscribens.
1532 1860 1609 1897 Sed
1631 1861 1698 1898 hoc
1725 1862 1783 1899 vix

1121 1913 1315 1962 aliquoties
1356 1914 1488 1952 factum
1537 1929 1618 1954 esse
1658 1924 1784 1957 monet

1120 1970 1278 2006 Heeren.
1316 1968 1339 2006 l.
1367 1969 1388 2006 l.
1423 1985 1459 2021 p.
1483 1972 1585 2020 146,
1614 1974 1784 2013 Rennelii

1121 2026 1305 2071 iudicium,
1337 2038 1409 2074 quo
1431 2028 1567 2077 localis,
1584 2035 1623 2068 ut
1646 2033 1783 2080 dicunt,

1119 2087 1260 2119 tautum
1279 2082 1387 2119 suerit
1411 2084 1500 2122 haec
1517 2088 1782 2136 provinciarum

1121 2139 1333 2188 descripti0‚
1346 2142 1473 2178 merito
1484 2143 1659 2191 reiiciens,
1675 2146 1784 2195 quip-

1119 2208 1165 2245 pe
1186 2196 1297 2244 ipsius
1321 2196 1502 2234 Herodoti
1523 2201 1641 2236 verbis
1669 2202 1783 2238 refra-

1119 2252 1301 2300 gantibus.
1362 2254 1503 2290 Contra
1523 2258 1664 2294 exstsstit
1687 2257 1784 2294 Mal-

1119 2309 1264 2346 tebrun.
1305 2307 1502 2355 (Nouvell.
1551 2313 1692 2350 Annall.
1745 2313 1780 2350 d.

1119 2365 1262 2412 Voyag.
1287 2365 1318 2400 ll
1350 2379 1436 2416 pag.
1459 2366 1559 2417 335)
1581 2370 1781 2419 provincias

1121 2421 1284 2467 longiore
1312 2421 1498 2460 intervallo
1527 2431 1715 2476 separatas
1744 2427 1781 2463 in

1122 2477 1187 2512 hac
1239 2480 1481 2529 satrapiarum
1535 2480 1783 2533 descriptione

1120 2534 1260 2569 iunctas
1286 2533 1397 2572 fuisse
1437 2548 1586 2586 prorsus
1627 2551 1782 2588 neganS,

1120 2602 1198 2625 cum
1265 2590 1398 2627 nullum
1461 2593 1663 2632 istiusmodi
1722 2607 1782 2632 se-

1120 2646 1318 2696 parationis
1340 2648 1542 2686 inveniatur
1562 2643 1780 2702 exemplum,

1122 2705 1232 2740 modo
1262 2704 1407 2753 singula
1437 2706 1504 2743 rite
1536 2708 1782 2756 intelligantur

1122 2766 1159 2799 et
1182 2760 1416 2811 explicentur.
1484 2762 1590 2806 Quae
1619 2764 1716 2802 euim
1742 2764 1779 2800 iu

1896 879 1900 919 l
