1863 3256
445 212 1008 256 MELPOMENE.

146 330 226 384 ρας
275 330 318 373 οἱ
362 332 567 384 Θηραῖοι,
617 326 806 382 ἔπεμπον
852 323 894 374 ἐς

1067 213 1128 251 lv.
1337 219 1418 258 551

152 401 406 456 παρεόντων
437 403 595 442 κακῶν.
641 395 669 452 ἡ
699 396 745 440 δὲ
777 396 926 450 Πυθίη
956 405 1035 449 σφι
1065 392 1215 448 ε’χρησε
1246 397 1415 447 συγκτί

157 475 278 522 ζουσι
308 470 454 527 Βάττῳ
484 468 697 525 Κυρήνην
724 484 800 524 της
819 465 987 522 Λιβύης
1015 463 1195 521 ἄμεινον
1224 463 1446 519 πρήξειν..
1425 473 1446 505 5
1490 464 1551 492 ⁰¹⁰·

127 540 426 585 3Ἀπέστελλον
452 541 558 596 μετὰ
587 542 723 583 ταῦτα
751 539 829 582 τὸν
852 536 1022 581 Βάττον
1051 538 1093 579 οἱ
1121 539 1306 592 Θηραῖοι
1338 534 1421 606 &io

154 612 543 668 πεντηκοντέροισι.

95 824 161 864 82.
184 820 286 868 1143
309 823 362 860 ita
383 829 422 862 ut
439 837 527 863 sane
546 823 758 863 adverbium

95 874 357 930 παλιγκότως,
387 881 578 919 cuiusloco
588 880 758 944 Schwgh:

93 937 295 987 praeferret
335 938 575 991 παλίγκοτα,
633 938 662 974 si
696 937 757 986 qui

94 994 227 1030 darent
256 993 421 1042 codices,
460 995 548 1032 nihil
581 993 758 1045 praebeat

94 1049 320 1087 offensionis.
375 1052 496 1102 Ipsam
529 1064 655 1088 vocem
683 1065 756 1088 πα-

93 1107 285 1157 λίγκοτος,
305 1111 403 1146 teste
416 1108 587 1155 Wessel.‚
601 1108 756 1144 illustrat

93 1163 225 1200 Galen.
259 1164 306 1200 ad
334 1165 550 1215 Hippocrat.
575 1164 633 1202 De
662 1163 755 1200 Fra-

91 1224 180 1257 ctur.
203 1233 237 1269 p.
251 1217 345 1260 547.
377 1222 582 1270 Schweigh.
597 1220 755 1258 conferri

91 1276 167 1313 vult
185 1277 307 1314 Foesii
320 1278 457 1315 Oecon.
479 1278 657 1329 Hippocr.
674 1289 752 1313 voc.

93 1333 364 1384 Παλίγκοτος,
419 1334 509 1371 haec
557 1333 754 1371 adiiciens:

91 1390 214 1437 „Sunt
262 1391 478 1442 παλίγκοτα
528 1385 752 1440 παθήματα

90 1445 388 1495 recrudescentes,
429 1448 550 1484 denuo
578 1446 752 1483 excande-

90 1506 219 1541 scentes
246 1502 392 1541 dolores.
457 1504 508 1540 Et
541 1503 651 1541 homo
678 1517 752 1541 ποι-

89 1560 267 1611 λίγκοτος
286 1561 470 1611 Aristoph.
489 1561 575 1598 Pac.
594 1561 676 1601 389
695 1560 752 1596 di-

89 1617 202 1663 citur,
242 1618 305 1665 qui
332 1616 369 1665 ἐξ
391 1616 652 1667 υποστροφῆς
673 1612 751 1654 πά-

88 1676 152 1712 λιν
172 1670 387 1723 ὀργισθείς.
391 1675 416 1694 “
447 1674 507 1711 Tu
526 1674 611 1710 add.
625 1673 751 1710 Theo-

88 1731 166 1767 crit.
186 1731 305 1778 XXH,
325 1732 389 1772 58.
436 1730 577 1768 Mosch.
596 1730 661 1777 IV,
681 1732 749 1771 92.

89 1787 281 1830 Quaenam
310 1800 397 1825 vero
425 1787 515 1824 haec
541 1787 620 1837 ipsa
653 1785 749 1823 mala

86 1844 242 1890 suerint,
291 1857 474 1893 quaenam
508 1843 748 1889 calamitates,

89 1901 126 1937 in
147 1913 239 1950 quas
266 1900 425 1938 Theraei
457 1901 578 1937 denuo
608 1900 748 1937 incide-

89 1958 184 2002 rint,
227 1957 440 1994 Herodotus
482 1970 561 1994 cum
601 1957 748 1994 minime

86 2013 257 2050 indicarit
280 2041 291 2060 7
346 2013 518 2062 leguntur
572 2012 748 2050 nonnulla

87 2070 124 2106 in
145 2069 265 2106 Schol.
294 2069 444 2107 Pindar.
474 2070 524 2106 ad
551 2069 658 2118 Pyth.
682 2069 747 2118 lv,

90 2129 142 2167 10
163 2139 182 2164 e
204 2126 370 2163 Meneele
394 2131 535 2163 sumta:
583 2127 680 2163 cives
708 2126 746 2162 in

87 2184 178 2219 duas
228 2183 404 2220 sactiones
453 2184 566 2220 fuisse
611 2183 745 2219 divisos

86 2239 331 2288 Battumque,
390 2239 453 2288 qui
497 2239 602 2276 alteri
649 2239 746 2289 parti

85 2296 307 2347 praefuerit,
336 2295 475 2346 proelio
508 2296 660 2341 victum,
701 2307 744 2331 eo

86 2352 282 2389 adductum
302 2353 433 2398 fuisse,
463 2356 501 2388 ut
521 2352 616 2389 terra
637 2351 746 2389 cede-

87 2412 166 2454 ret;
194 2409 231 2445 in
253 2421 361 2458 quam
383 2408 478 2445 nulla
499 2421 577 2445 cum
598 2408 668 2458 ipsi
689 2420 746 2445 es·

87 2469 144 2500 set
163 2465 301 2502 reditus
318 2478 425 2515 spes,
455 2464 637 2502 oraculum
659 2477 746 2502 con-

87 2520 257 2569 suluisse,
301 2534 461 2570 quonam
490 2535 529 2559 se
557 2522 626 2557 iam
657 2533 744 2558 con-

86 2582 255 2614 verteret.
292 2577 368 2614 Ubi
392 2579 493 2628 quod
512 2578 546 2614 h.
567 2577 589 2614 l.
613 2577 744 2627 legitur

85 2645 300 2682 responsum
317 2634 376 2671 ille
397 2634 488 2671 tulit.
539 2634 743 2672 Meneclem

88 2689 250 2737 sequitur
279 2689 400 2726 schol.
438 2692 486 2727 ad
511 2689 742 2740 Lycophron.

88 2745 287 2782 Cassandr.
327 2745 409 2786 884
440 2758 592 2795 eamque
628 2748 744 2796 ipsam

87 2814 209 2838 veram
228 2800 391 2838 coloniae
404 2803 618 2841 condendae
635 2804 746 2840 fuisse

89 2870 234 2896 causam
262 2857 476 2908 pronuntiat
509 2858 744 2896 Raoul-Ro-

600 610 847 660 πλώσαντες
884 609 929 653 δὲ
959 609 1002 660 ἐς
1029 608 1111 665 τὴν
1140 604 1310 663 Λιβύην
1341 607 1421 649 οὐ-

818 821 939 860 cbette
960 822 1115 860 Histoir.
1141 822 1189 860 de
1208 820 1341 858 l'e'tabl.
1358 820 1394 858 d
1415 832 1475 857 co-

815 879 889 917 lon.
910 879 1043 929 Grecq.
1066 878 1116 916 111
1132 891 1219 929 pag
1239 880 1322 919 260
1345 891 1423 926 seq.

873 936 1121 1000 συγκτίζουσι
1156 931 1292 974 Brimo>
1330 929 1474 984 Κυρή-

815 1008 891 1043 νην
913 995 986 1041 τῆς
1004 988 1200 1043 Λιβύης’
1185 990 1350 1041 οἷμεινον
1372 986 1473 1041 πρή-

813 1048 910 1099 ξειν]
941 1049 1098 1087 Dativus
1117 1049 1379 1100 συγκτίζουσι,
1408 1048 1474 1096 qui

811 1107 860 1143 ad
875 1107 1096 1144 antecedens
1118 1117 1189 1154 σφι
1208 1107 1374 1151 refertur,
1397 1116 1472 1141 non

811 1163 898 1199 satis
919 1163 1087 1200 convenit
1107 1162 1282 1199 formulae
1305 1159 1472 1211 ι’ἱμεινον

810 1215 1002 1269 πρήξεινς
1060 1232 1154 1268 quae
1185 1232 1265 1256 cum
1295 1218 1474 1255 accusati-

809 1288 895 1312 vum
946 1276 1016 1312 sibi
1063 1277 1241 1324 requirat,
1298 1274 1471 1312 Reiskius

809 1331 965 1369 coniecit
1005 1333 1280 1383 συγκτίζοντας
1319 1332 1394 1369 sive
1435 1329 1474 1369 εἶ

809 1388 1057 1440 συγκτίζουσι
1070 1416 1081 1435 ,
1112 1389 1329 1425 Schaeferus
1347 1391 1470 1424 autem

808 1445 940 1483 mutari
959 1445 1075 1482 voluit
1096 1440 1265 1498 πρήξειν
1285 1444 1322 1480 in
1342 1441 1469 1494 παρέ-

808 1502 901 1549 ξειν.
959 1500 1062 1539 Libri
1103 1502 1226 1551 scripti
1266 1501 1316 1538 ad
1355 1513 1468 1537 unum

807 1570 932 1595 omnes
962 1559 998 1594 in
1027 1557 1175 1607 vulgata
1197 1558 1353 1595 lectione
1381 1570 1469 1594 con-

808 1615 967 1666 spirant,
1016 1627 1083 1665 per
1118 1627 1245 1652 sensus
1280 1614 1467 1663 quandam

806 1676 1026 1708 structuram
1063 1671 1298 1721 explicanda,
1342 1670 1393 1707 ita
1428 1674 1470 1707 ut

806 1732 944 1774 auctor,
976 1740 1056 1765 cum
1077 1728 1123 1764 ob
1139 1739 1378 1778 praegressos
1400 1727 1466 1763 da-

805 1785 898 1822 tivos
930 1785 1081 1822 verbum
1109 1784 1298 1822 debuisset
1326 1795 1466 1833 ponere

805 1842 872 1879 illis
901 1842 1144 1889 conveniens,
1184 1853 1216 1877 v.
1237 1854 1266 1877 c.
1298 1837 1466 1890 ἄμεινον

806 1897 969 1937 ε’σεσθαι
999 1911 1027 1934 s,
1057 1897 1317 1936 συνοίσεσθαι
1342 1895 1464 1947 (quod

803 1956 924 2006 ipsum
951 1955 1036 1991 olim
1065 1955 1103 1990 in
1130 1958 1232 1990 textu
1262 1955 1375 1991 fuisse
1403 1966 1465 1989 su-

804 2012 968 2062 spicatur
988 2010 1212 2058 Schweigh.‚
1251 2011 1287 2047 in
1314 2023 1422 2058 quem
1443 2022 1465 2047 e

803 2067 995 2117 marginali
1069 2067 1204 2104 scholio
1280 2066 1468 2116 irrepserit

803 2120 1042 2175 πρήσσειν),
1064 2136 1149 2161 mox
1172 2137 1295 2161 eorum
1316 2123 1465 2170 oblitus,

803 2181 903 2219 aliud
922 2181 1085 2219 eiusdem
1108 2180 1255 2229 quidem
1279 2179 1466 2228 significa-

803 2239 934 2284 tionis,
972 2238 1039 2275 sed
1065 2237 1232 2275 diversae
1261 2240 1466 2273 structurae

803 2295 954 2332 verbum
1017 2294 1212 2344 posuerit,
1298 2289 1466 2343 ἄμεινον

803 2347 1018 2400 πρήσσειν,
1067 2350 1168 2399 quod
1194 2350 1313 2401 ipsum
1343 2361 1466 2386 recur-

801 2408 847 2444 rit
869 2408 933 2453 lV,
960 2408 1052 2447 157.

859 2458 1087 2508 πλώσαντες
1117 2459 1173 2511 δὲ]
1224 2461 1283 2499 De
1303 2461 1371 2498 hac
1389 2461 1464 2498 sor-

801 2533 860 2558 ma
879 2520 973 2557 conf.
997 2520 1045 2556 ad
1068 2519 1133 2565 IV,
1157 2517 1236 2559 148
1261 2522 1352 2555 nott.
1401 2517 1462 2553 In-

801 2577 848 2614 de
882 2589 966 2613 mox
999 2571 1233 2622 α’πέπλωον,
1285 2574 1363 2611 coll.
1397 2572 1460 2619 vl,

801 2635 895 2674 116.
933 2632 1042 2680 VIII,
1071 2632 1120 2678 4,
1160 2632 1223 2668 ubi
1248 2643 1340 2667 unus
1369 2628 1461 2665 liber

801 2686 1011 2729 ἀπέπλεον.
1078 2689 1141 2725 Sic
1170 2688 1233 2734 lV,
1272 2687 1351 2725 157
1380 2683 1460 2720 init.

801 2759 927 2783 omnes
969 2745 1077 2782 codd.
1117 2739 1335 2786 α’πέπλεον,
1388 2752 1460 2775 uno

801 2803 986 2839 Sancrosti
1005 2801 1095 2837 libro
1117 2803 1292 2847 except0‚
1328 2796 1365 2832 in
1386 2807 1460 2843 quo

800 2858 934 2908 legitur
946 2853 1144 2896 α’πὲπλων.
1175 2854 1226 2891 At
1237 2866 1319 2890 mox
1335 2863 1461 2889 omnes

931 320 1137 376 Δελφους
1186 324 1284 376 περὶ
1331 340 1419 367 των
1474 333 1749 360 tnntinc‹·11›nizam

1494 373 1595 391 ruera
1652 367 1734 393 111

1489 405 1540 422 τιτι·
1564 405 1610 424 ιι
1610 375 1734 427 mv'latca

1490 430 1675 459 inhabitatur
1704 442 1732 460 a.
