1946 3272
612 276 1078 318 THALIA.111.

1392 288 1473 329 117

204 409 313 441 των,
353 390 482 432 τοῦτο
520 385 562 435 ἒς
599 383 735 440 ὑμέας
772 388 975 445 έκφῇναι.
1035 388 1118 444 ἐγώ
1161 387 1265 444 γὰρ,
1311 390 1396 433 ἐών
1426 393 1473 436 ἐν

201 460 424 518 Αἰγύπτῳ,
474 454 593 499 εἶδον
634 456 739 508 ὄψιν
781 458 828 501 ἐν
866 462 928 515 τῷ
967 457 1114 516 ὕπνῳ,
1171 459 1251 516 τὴν
1294 464 1471 519 μηδαμά

170 533 363 588 3ὄφελον
393 529 511 570 ἰδεῖν.
571 525 749 572 ἐδόκεον
780 530 825 573 δέ
865 546 941 585 μοι
981 529 1164 585 ἄγγελον
1205 530 1392 574 ἐλθόντα
1429 533 1528 585 ἐξ95

198 605 323 646 οἴκου
353 597 594 653 ἀγγέλλειν,
636 597 695 650 ὥς
724 600 915 655 Σμέρδις
945 599 1140 656 ἵζόμενος
1169 600 1212 652 ἐς
1238 601 1318 644 τόν
1348 604 1469 656 βασι-

165 672 317 728 4λὴϊον
336 669 507 723 θρόνον
537 668 717 720 ψαύσειε
746 675 801 728 τῇ
830 676 1000 729 κεφαλῇ
1029 677 1110 716 τοῦ
1140 671 1352 727 οὐρανοῦ.
1387 675 1470 717 δεί-

191 754 270 793 σας
308 741 353 785 δὲ
395 741 453 797 μή
491 740 737 797 ἀπαιρεθέω
779 743 857 799 τὴν
898 741 1037 799 ἀρχὴν
1076 743 1187 797 πρὸς
1223 748 1306 787 τοῦ
1347 743 1469 789 ἀδελ-

190 816 327 869 φεοῦ,
368 812 551 870 έποίησα
592 811 802 870 ταχύτερα
840 812 868 871 ἦ
907 815 1159 870 σοφώτερα·

1218 815 1266 858 ἐν
1295 820 1349 873 τῇ
1376 815 1492 872 γάρῑ

187 883 446 942 ἀνθρωπηίῃ
479 885 609 941 φύσει
641 883 724 929 οὐκ
754 885 856 940 ἐνῆν
886 883 973 938 ἄρα
1002 885 1050 928 τὸ
1081 886 1240 941 μέλλον
1265 889 1467 943 γίνεσθαι

187 954 464 1009 ἀποτρέπειν·
498 956 581 1012 ἐγώ
613 957 658 1000 δὲ
679 955 702 1000 ὁ
734 954 915 1011 μάταιος
936 956 1201 1014 Πρηξάσπεα
1223 956 1464 1015 ἀποπέμπω

157 1027 232 1079 5ές
261 1031 419 1071 Σοῦσα
450 1025 767 1071 ἀποκτενέοντα
787 1028 994 1083 Σμέρδιν.
1054 1029 1388 1085 ἐξεργασθέντος
1419 1031 1464 1075 δὲ

183 1103 325 1142 κακοῦ
353 1097 597 1151 τοσούτου,
640 1098 778 1150 ἀδεῶς
811 1098 1071 1157 διαιτώμην,
1115 1099 1291 1157 ου’δαμᾶ
1320 1102 1463 1146 ἐπιλε-

184 1168 365 1225 ξάμενος
395 1167 453 1224 μή
483 1169 580 1212 κοτέ
610 1170 674 1220 τίς
703 1187 801 1226 μοι,
833 1171 1055 1226 Σμέρδιος
1082 1170 1491 1229 ὑπαραιρημένου,5

154 1240 316 1292 ὁᾶλλος
345 1240 609 1296 ἐπανασταίη
639 1240 906 1296 ἀνθρώπων.
966 1242 1131 1294 παντὸς
1161 1244 1207 1286 δὲ
1244 1247 1325 1287 τοῦ
1361 1245 1463 1301 μέλ-

182 1316 337 1362 λοντος
367 1311 545 1355 ἔσεσθαι
575 1311 804 1368 ἁμαρτών,
847 1312 1194 1370 ἀδελφεοκτόνος
1223 1330 1288 1367 τε,
1329 1315 1461 1360 οὐδὲν

182 1383 304 1435 δέον,
334 1382 516 1438 γέγονα,
555 1384 628 1427 καὶ
657 1387 733 1441 τῆς
763 1388 988 1442 βασιληΐης
1019 1383 1150 1428 ου’δὲν
1180 1380 1319 1442 ἧσσον
1348 1387 1459 1431 ε’στέ-

180 1472 326 1511 ρημαι.
384 1453 576 1510 Σμέρδις
605 1455 689 1511 γὰρ
724 1455 777 1513 δὴ
817 1473 873 1512 ην
913 1455 936 1501 ὁ
967 1456 1150 1512 Μάγος,
1198 1455 1278 1501 τόν
1317 1476 1394 1515 μοι
1435 1458 1458 1504 ὅ

149 1528 348 1583 7δαίμων
385 1526 627 1582 προέφαινε
658 1528 705 1571 έν
734 1531 788 1584 τῇ
819 1526 918 1580 ὄψει
948 1527 1336 1584 ἐπαναστήσεσθαι.
1399 1532 1458 1575 Τὸ
1472 1540 1515 1573 10

177 1597 257 1652 μὲν
291 1596 343 1653 δὴ
374 1597 504 1654 ἔργον
541 1599 791 1654 ἐξέργασταί
820 1616 916 1655 μοι,
945 1600 1018 1643 καὶ
1038 1598 1234 1656 Σμέρδιν
1263 1600 1341 1645 τὸν
1363 1601 1457 1645 Κύ-

178 1685 260 1722 ρου
288 1667 435 1724 μηκέτι
466 1667 572 1724 ὑμῖν
601 1668 731 1713 ἐόντα
759 1672 1002 1726 λογίζεσθε·
1047 1673 1090 1714 οἱ
1109 1671 1155 1715 δὲ
1175 1671 1282 1728 ὑμῖν
1298 1671 1455 1729 Μάγοι

175 1737 411 1794 κρατέουσι
438 1743 528 1783 τῶν
556 1743 819 1798 βασιληΐων,
858 1741 936 1786 τόν
965 1759 1010 1786 τε
1040 1743 1191 1786 ἔλιπον
1221 1743 1454 1800 ἐπίτροπον

176 1909 228 1944 μη
251 1888 494 1943 ἀπαιρεθέω]
526 1893 782 1940 Sic111,126:

119 1945 704 2002 ἀπαραιρημένουςτηνάρχήν.
724 1951 783 1988 Ad

117 2008 268 2044 sormam
298 2003 525 2057 ἀπαιρεθέω
556 2008 626 2044 vid.
648 2007 781 2044 Matth.

118 2063 183 2102 Gr.
209 2064 273 2101 Gr.
292 2076 377 2114 pag.
399 2064 465 2104 51.
484 2063 579 2110 512,
606 2065 784 2101 eundem-

117 2132 188 2169 que
209 2118 246 2171 ἓ.
269 2122 350 2162 456
380 2132 466 2170 pag.
488 2120 568 2160 853
592 2121 640 2158 ad
670 2121 782 2158 verba

117 2175 306 2227 ταχύτερα
325 2172 352 2227 ἢ
377 2174 596 2228 σοφώτερα.
621 2177 685 2214 Cr.
714 2178 782 2214 ad-

116 2233 188 2270 dit:
206 2234 406 2271 Hermann.
417 2235 463 2270 ad
475 2233 659 2271 Aristotel.
672 2235 778 2271 Poet.

115 2301 200 2340 pag.
215 2291 305 2331 180.
337 2290 379 2327 ln
398 2303 501 2340 seqq.
516 2304 583 2341 pro
598 2285 671 2329 ου’ν,
684 2289 780 2341 ἐνῆν

116 2347 259 2394 Steger.
289 2346 448 2384 Praefat.
477 2361 562 2398 pag.
583 2347 670 2385 XIV
689 2348 778 2384 scri-

116 2402 301 2440 bimavult
321 2398 411 2442 οὐκ
431 2403 570 2455 ἐνείη
593 2401 664 2442 ἄν.
694 2404 779 2454 Ipsa

117 2460 316 2507 sententia,
347 2473 442 2509 quae
467 2461 539 2497 iam
568 2474 645 2511 cap.
665 2459 718 2501 64
741 2462 777 2497 in

116 2514 188 2552 fine
215 2518 410 2565 profertur,
442 2517 520 2554 coll.
540 2518 604 2564 ΙΙΙ,
626 2516 694 2563 43,
726 2518 777 2554 ita

118 2570 260 2609 Graeca
286 2577 360 2619 est,
392 2577 433 2610 ut
455 2575 513 2610 vix
536 2575 683 2612 Persam
710 2574 777 2611 ho-

116 2626 247 2664 minem
287 2629 373 2666 talia
412 2631 574 2668 edidisse
604 2630 776 2668 credibile

118 2682 174 2718 sit.
215 2683 274 2720 Tu
295 2687 387 2722 conf.
410 2687 440 2733 l,
464 2689 512 2726 91
542 2688 666 2736 ibique
688 2687 776 2724 alla-

118 2741 167 2774 ta.
226 2740 301 2777 Sed
320 2743 456 2780 faciunt
474 2743 560 2781 talia
582 2745 630 2781 ad
652 2744 774 2781 Hero-

116 2794 196 2830 doti
221 2801 375 2834 mentem
403 2801 695 2848 cognoscendam
728 2801 776 2837 si·

116 2851 264 2900 mulque
288 2854 463 2892 rationem
491 2856 666 2895 historiae
688 2869 776 2895 con-

116 2907 330 2946 scribendae
347 2913 650 2962 perspiciendam.

899 1890 974 1946 ἐγώ
1005 1891 1047 1933 δὲ
1078 1891 1304 1946 ὅμοέταιος]
1335 1895 1394 1934 De
1418 1909 1509 1935 voce

841 1947 1007 2002 μάταιος
1032 1952 1126 1988 conf.
1156 1952 1202 1998 ΙΙ,
1237 1954 1328 1991 118.
1352 1953 1417 2000 111,
1441 1954 1506 1994 56.

839 2030 895 2035 -
932 2008 972 2045 In
1002 2021 1107 2057 seqq.
1148 2009 1196 2044 ad
1229 2005 1508 2060 ἐπιλεξάμενος

840 2065 933 2101 conf.
954 2064 983 2112 I,
1004 2066 1070 2104 78.
1110 2064 1323 2103 Admonent
1341 2079 1427 2104 vero
1451 2068 1507 2104 in-

840 2125 1020 2171 terpretes
1052 2121 1100 2158 ad
1129 2122 1272 2159 Herod.
1302 2123 1393 2170 VII,
1425 2122 1504 2163 149

838 2179 987 2215 verbum
1009 2176 1274 2230 ἐπιλέγεσθαι,
1297 2180 1399 2228 quod
1418 2193 1506 2230 pro-

837 2235 917 2285 prie
950 2234 1045 2272 valet
1067 2249 1180 2272 secum
1206 2239 1394 2286 reputare,
1421 2250 1505 2286 per-

833 2291 999 2341 pendere,
1031 2291 1129 2329 haud
1153 2305 1235 2329 raro
1255 2296 1366 2328 metus
1386 2305 1504 2342 quan-

837 2349 920 2384 dam
966 2347 1071 2384 simul
1110 2350 1264 2386 induere
1312 2349 1503 2387 notionem

837 2404 1008 2453 idemque
1036 2405 1112 2443 fere
1140 2406 1367 2454 significare,
1399 2407 1502 2455 quod

837 2461 1071 2511 φοβεῖσθαι,
1091 2466 1133 2499 ut
1152 2462 1230 2509 Vll,
1253 2460 1319 2502 47.
1341 2461 1406 2502 49.
1435 2462 1500 2502 52.

835 2519 930 2558 236.
957 2517 1024 2555 Cr.
1054 2519 1179 2556 addit:
1211 2519 1397 2556 Schaefer.
1425 2518 1501 2569 Ap-

834 2575 945 2624 pend.
967 2575 1014 2611 ad
1038 2575 1140 2614 Bast.
1162 2576 1281 2626 Epist.
1307 2576 1384 2612 crit.
1413 2588 1500 2625 pag.

833 2633 888 2671 29
907 2630 986 2668 coll.
1004 2632 1052 2669 ad
1070 2632 1243 2684 Sophocl.
1257 2631 1391 2670 Trach.
1403 2634 1499 2674 631.

890 2742 1237 2796 ὑπαραιρημένου]
1253 2745 1403 2783 Confer.
1415 2744 1498 2790 Vll,

834 2802 860 2841 8
883 2799 918 2851 ἓ.
941 2803 965 2841 3
979 2799 1381 2868 υπεξαραιρημένων.
1423 2801 1497 2836 VO-

834 2870 913 2895 cem
963 2852 1279 2908 ἀδελφεοκτόνος
1328 2871 1372 2896 ex
1403 2857 1437 2893 h.
1472 2855 1494 2893 l

832 2913 920 2951 citat
939 2914 1066 2952 Pollux
1088 2915 1241 2963 111,25.
