<?xml version="1.0" encoding="UTF-8"?>
<!DOCTYPE html PUBLIC "-//W3C//DTD XHTML 1.0 Transitional//EN"
    "http://www.w3.org/TR/xhtml1/DTD/xhtml1-transitional.dtd">
<html xmlns="http://www.w3.org/1999/xhtml" xml:lang="en" lang="en">
 <head>
  <title>
</title>
<meta http-equiv="Content-Type" content="text/html;charset=utf-8" />
  <meta name='ocr-system' content='tesseract 3.04.00' />
  <meta name='ocr-capabilities' content='ocr_page ocr_carea ocr_par ocr_line ocrx_word'/>
</head>
<body>
  <div class='ocr_page' id='page_1' title='image "./musaeher02hero/musaeher02hero_0027.png"; bbox 0 0 1879 3255; ppageno 0'>
   <div class='ocr_carea' id='block_1_1' title="bbox 10 808 142 870">
    <p class='ocr_par' dir='ltr' id='par_1_1' title="bbox 10 808 142 870">
     <span class='ocr_line' id='line_1_1' title="bbox 10 808 142 870; baseline 0 -18"><span class='ocrx_word' id='word_1_1' title='bbox 10 808 142 870; x_wconf 51' lang='lat'><strong>¹12</strong></span> 
     </span>
    </p>
   </div>
   <div class='ocr_carea' id='block_1_2' title="bbox 0 0 18 3255">
    <p class='ocr_par' dir='ltr' id='par_1_2' title="bbox 0 0 18 3255">
     <span class='ocr_line' id='line_1_2' title="bbox 0 0 18 3255; baseline 0 0"><span class='ocrx_word' id='word_1_2' title='bbox 0 0 18 3255; x_wconf 95' lang='lat' dir='ltr'><strong> </strong></span> 
     </span>
    </p>
   </div>
   <div class='ocr_carea' id='block_1_3' title="bbox 618 192 1480 240">
    <p class='ocr_par' dir='ltr' id='par_1_3' title="bbox 618 192 1480 240">
     <span class='ocr_line' id='line_1_3' title="bbox 618 192 1480 240; baseline -0.002 -8"><span class='ocrx_word' id='word_1_3' title='bbox 618 193 654 232; x_wconf 89' lang='lat' dir='ltr'><strong>T</strong></span> <span class='ocrx_word' id='word_1_4' title='bbox 684 193 721 232; x_wconf 92' lang='lat' dir='ltr'>H</span> <span class='ocrx_word' id='word_1_5' title='bbox 751 193 785 231; x_wconf 79' lang='lat' dir='ltr'><strong>A</strong></span> <span class='ocrx_word' id='word_1_6' title='bbox 815 193 847 232; x_wconf 95' lang='lat' dir='ltr'>L</span> <span class='ocrx_word' id='word_1_7' title='bbox 877 193 890 231; x_wconf 84' lang='lat'>1</span> <span class='ocrx_word' id='word_1_8' title='bbox 921 192 965 231; x_wconf 89' lang='lat' dir='ltr'><strong>A.</strong></span> <span class='ocrx_word' id='word_1_9' title='bbox 1026 194 1088 232; x_wconf 88' lang='lat' dir='ltr'><strong>lll.</strong></span> <span class='ocrx_word' id='word_1_10' title='bbox 1428 202 1480 240; x_wconf 71' lang='grc' dir='ltr'><strong>η</strong></span> 
     </span>
    </p>
   </div>
   <div class='ocr_carea' id='block_1_4' title="bbox 206 301 1482 432">
    <p class='ocr_par' dir='ltr' id='par_1_4' title="bbox 206 301 1482 432">
     <span class='ocr_line' id='line_1_4' title="bbox 206 301 1482 364; baseline -0.002 -13"><span class='ocrx_word' id='word_1_11' title='bbox 206 306 323 364; x_wconf 82' lang='grc' dir='ltr'><em>μέσῳ</em></span> <span class='ocrx_word' id='word_1_12' title='bbox 356 305 542 361; x_wconf 76' lang='grc' dir='ltr'><em>ἔστησαν</em></span> <span class='ocrx_word' id='word_1_13' title='bbox 571 301 836 361; x_wconf 73' lang='grc' dir='ltr'><em>ἀμφοτέρων</em></span> <span class='ocrx_word' id='word_1_14' title='bbox 865 306 955 348; x_wconf 72' lang='grc' dir='ltr'><strong>τῶν</strong></span> <span class='ocrx_word' id='word_1_15' title='bbox 992 302 1322 357; x_wconf 79' lang='grc' dir='ltr'><em>στρατοπέδων·</em></span> <span class='ocrx_word' id='word_1_16' title='bbox 1377 309 1482 358; x_wconf 72' lang='grc' dir='ltr'><em>μετὰ</em></span> 
     </span>
     <span class='ocr_line' id='line_1_5' title="bbox 207 373 1481 432; baseline -0.003 -11"><span class='ocrx_word' id='word_1_17' title='bbox 207 379 276 428; x_wconf 79' lang='grc' dir='ltr'><strong>δὲ,</strong></span> <span class='ocrx_word' id='word_1_18' title='bbox 307 375 554 432; x_wconf 87' lang='grc' dir='ltr'><em>ἀγινέοντες</em></span> <span class='ocrx_word' id='word_1_19' title='bbox 584 374 694 418; x_wconf 83' lang='grc' dir='ltr'><em>κατὰ</em></span> <span class='ocrx_word' id='word_1_20' title='bbox 716 375 792 419; x_wconf 77' lang='grc' dir='ltr'><strong>ἕνα</strong></span> <span class='ocrx_word' id='word_1_21' title='bbox 813 376 1000 419; x_wconf 81' lang='grc' dir='ltr'><em>ἕκαστον</em></span> <span class='ocrx_word' id='word_1_22' title='bbox 1017 377 1108 418; x_wconf 73' lang='grc' dir='ltr'><strong>τῶν</strong></span> <span class='ocrx_word' id='word_1_23' title='bbox 1132 376 1316 425; x_wconf 84' lang='grc' dir='ltr'><em>παίδων,</em></span> <span class='ocrx_word' id='word_1_24' title='bbox 1349 373 1481 430; x_wconf 75' lang='grc' dir='ltr'><em>ἔσφα-</em></span> 
     </span>
    </p>
   </div>
   <div class='ocr_carea' id='block_1_5' title="bbox 178 446 711 503">
    <p class='ocr_par' dir='ltr' id='par_1_5' title="bbox 178 446 711 503">
     <span class='ocr_line' id='line_1_6' title="bbox 178 446 711 503; baseline -0.002 -14"><span class='ocrx_word' id='word_1_25' title='bbox 178 451 288 501; x_wconf 79' lang='grc' dir='ltr'><em>3ζον</em></span> <span class='ocrx_word' id='word_1_26' title='bbox 319 446 361 498; x_wconf 84' lang='grc' dir='ltr'><em>ἐς</em></span> <span class='ocrx_word' id='word_1_27' title='bbox 396 447 475 490; x_wconf 85' lang='grc' dir='ltr'><strong>τὸν</strong></span> <span class='ocrx_word' id='word_1_28' title='bbox 504 450 711 503; x_wconf 85' lang='grc' dir='ltr'><em>κρητῆρα.</em></span> 
     </span>
    </p>
   </div>
   <div class='ocr_carea' id='block_1_6' title="bbox 774 443 1537 498">
    <p class='ocr_par' dir='ltr' id='par_1_6' title="bbox 774 443 1537 498">
     <span class='ocr_line' id='line_1_7' title="bbox 774 443 1537 498; baseline -0.004 -8"><span class='ocrx_word' id='word_1_29' title='bbox 774 445 846 490; x_wconf 82' lang='grc' dir='ltr'><em>διοὶ</em></span> <span class='ocrx_word' id='word_1_30' title='bbox 885 443 1066 490; x_wconf 79' lang='grc' dir='ltr'><em>πάντων</em></span> <span class='ocrx_word' id='word_1_31' title='bbox 1107 446 1153 490; x_wconf 80' lang='grc' dir='ltr'><strong>δὲ</strong></span> <span class='ocrx_word' id='word_1_32' title='bbox 1191 444 1537 498; x_wconf 78' lang='grc' dir='ltr'><em>διεξελθόντες75</em></span> 
     </span>
    </p>
   </div>
   <div class='ocr_carea' id='block_1_7' title="bbox 201 514 1483 788">
    <p class='ocr_par' dir='ltr' id='par_1_7' title="bbox 201 514 1483 788">
     <span class='ocr_line' id='line_1_8' title="bbox 203 514 1483 572; baseline -0.002 -11"><span class='ocrx_word' id='word_1_33' title='bbox 203 521 294 561; x_wconf 74' lang='grc' dir='ltr'><strong>τῶν</strong></span> <span class='ocrx_word' id='word_1_34' title='bbox 322 519 515 571; x_wconf 86' lang='grc' dir='ltr'><em>παίδων,</em></span> <span class='ocrx_word' id='word_1_35' title='bbox 558 515 686 561; x_wconf 81' lang='grc' dir='ltr'><em>οἶνόν</em></span> <span class='ocrx_word' id='word_1_36' title='bbox 722 534 766 561; x_wconf 93' lang='grc' dir='ltr'><em>τε</em></span> <span class='ocrx_word' id='word_1_37' title='bbox 798 517 874 561; x_wconf 85' lang='grc' dir='ltr'><em>καὶ</em></span> <span class='ocrx_word' id='word_1_38' title='bbox 909 517 1033 572; x_wconf 81' lang='grc' dir='ltr'><em>ὕδωρ</em></span> <span class='ocrx_word' id='word_1_39' title='bbox 1065 514 1304 571; x_wconf 80' lang='grc' dir='ltr'><em>ἐσεφόρεον</em></span> <span class='ocrx_word' id='word_1_40' title='bbox 1333 516 1375 568; x_wconf 84' lang='grc' dir='ltr'><em>ἐς</em></span> <span class='ocrx_word' id='word_1_41' title='bbox 1407 516 1483 559; x_wconf 82' lang='grc' dir='ltr'><em>αύ-</em></span> 
     </span>
     <span class='ocr_line' id='line_1_9' title="bbox 202 585 1481 645; baseline -0.001 -13"><span class='ocrx_word' id='word_1_42' title='bbox 202 588 302 632; x_wconf 79' lang='grc' dir='ltr'><em>τόν’</em></span> <span class='ocrx_word' id='word_1_43' title='bbox 344 588 572 644; x_wconf 80' lang='grc' dir='ltr'><em>ἐμπιόντες</em></span> <span class='ocrx_word' id='word_1_44' title='bbox 601 588 647 632; x_wconf 81' lang='grc' dir='ltr'><strong>δὲ</strong></span> <span class='ocrx_word' id='word_1_45' title='bbox 669 593 751 632; x_wconf 84' lang='grc' dir='ltr'><em>τοῦ</em></span> <span class='ocrx_word' id='word_1_46' title='bbox 775 591 957 645; x_wconf 79' lang='grc' dir='ltr'><em>αἵματος</em></span> <span class='ocrx_word' id='word_1_47' title='bbox 985 585 1146 638; x_wconf 78' lang='grc' dir='ltr'><em>πάντες</em></span> <span class='ocrx_word' id='word_1_48' title='bbox 1165 589 1210 631; x_wconf 84' lang='grc' dir='ltr'><strong>οἱ</strong></span> <span class='ocrx_word' id='word_1_49' title='bbox 1239 587 1481 644; x_wconf 86' lang='grc' dir='ltr'><em>ἐπίκουροι,</em></span> 
     </span>
     <span class='ocr_line' id='line_1_10' title="bbox 204 658 1483 716; baseline -0.001 -12"><span class='ocrx_word' id='word_1_50' title='bbox 204 660 321 704; x_wconf 81' lang='grc' dir='ltr'><em>οὕτω</em></span> <span class='ocrx_word' id='word_1_51' title='bbox 355 659 406 716; x_wconf 83' lang='grc' dir='ltr'><strong>δὴ</strong></span> <span class='ocrx_word' id='word_1_52' title='bbox 439 660 694 716; x_wconf 86' lang='grc' dir='ltr'><em>συνέβαλον.</em></span> <span class='ocrx_word' id='word_1_53' title='bbox 742 660 878 716; x_wconf 81' lang='grc' dir='ltr'><em>μάχης</em></span> <span class='ocrx_word' id='word_1_54' title='bbox 908 660 953 703; x_wconf 81' lang='grc' dir='ltr'><strong>δὲ</strong></span> <span class='ocrx_word' id='word_1_55' title='bbox 984 658 1223 716; x_wconf 82' lang='grc' dir='ltr'><em>γενομένης</em></span> <span class='ocrx_word' id='word_1_56' title='bbox 1254 664 1483 715; x_wconf 82' lang='grc' dir='ltr'><em>καρτερῆς,</em></span> 
     </span>
     <span class='ocr_line' id='line_1_11' title="bbox 201 729 1482 788; baseline 0 -13"><span class='ocrx_word' id='word_1_57' title='bbox 201 732 276 775; x_wconf 83' lang='grc' dir='ltr'><em>καὶ</em></span> <span class='ocrx_word' id='word_1_58' title='bbox 304 729 530 775; x_wconf 87' lang='grc' dir='ltr'><em>πεσόντων</em></span> <span class='ocrx_word' id='word_1_59' title='bbox 561 731 603 783; x_wconf 81' lang='grc' dir='ltr'><strong>ἐξ</strong></span> <span class='ocrx_word' id='word_1_60' title='bbox 634 729 899 787; x_wconf 78' lang='grc' dir='ltr'><em>ἀμφοτέρων</em></span> <span class='ocrx_word' id='word_1_61' title='bbox 928 734 1018 774; x_wconf 79' lang='grc' dir='ltr'><strong>τῶν</strong></span> <span class='ocrx_word' id='word_1_62' title='bbox 1039 730 1349 786; x_wconf 88' lang='grc' dir='ltr'><em>στρατοπέδων</em></span> <span class='ocrx_word' id='word_1_63' title='bbox 1378 730 1482 788; x_wconf 89' lang='grc' dir='ltr'><em>πλή-</em></span> 
     </span>
    </p>
   </div>
   <div class='ocr_carea' id='block_1_8' title="bbox 198 802 1817 1145">
    <p class='ocr_par' dir='ltr' id='par_1_8' title="bbox 198 802 1817 1145">
     <span class='ocr_line' id='line_1_12' title="bbox 201 802 1166 858; baseline -0.001 -12"><span class='ocrx_word' id='word_1_64' title='bbox 201 807 275 846; x_wconf 80' lang='grc' dir='ltr'><strong>θεϊ</strong></span> <span class='ocrx_word' id='word_1_65' title='bbox 311 806 509 856; x_wconf 77' lang='grc' dir='ltr'><em>πολλῶν,</em></span> <span class='ocrx_word' id='word_1_66' title='bbox 557 802 797 857; x_wconf 80' lang='grc' dir='ltr'><em>ἐτράποντο</em></span> <span class='ocrx_word' id='word_1_67' title='bbox 839 805 882 846; x_wconf 80' lang='grc' dir='ltr'><strong>οἱ</strong></span> <span class='ocrx_word' id='word_1_68' title='bbox 919 803 1166 858; x_wconf 84' lang='grc' dir='ltr'><em>Αἰγύπτιοι.</em></span> 
     </span>
     <span class='ocr_line' id='line_1_13' title="bbox 200 873 1322 930; baseline -0.001 -13"><span class='ocrx_word' id='word_1_69' title='bbox 200 874 309 929; x_wconf 89' lang='grc' dir='ltr'><em>μέγα</em></span> <span class='ocrx_word' id='word_1_70' title='bbox 338 876 462 925; x_wconf 79' lang='grc' dir='ltr'><em>ἰ’δον,</em></span> <span class='ocrx_word' id='word_1_71' title='bbox 494 873 750 930; x_wconf 78' lang='grc' dir='ltr'><em>πυθόμενος</em></span> <span class='ocrx_word' id='word_1_72' title='bbox 789 873 911 927; x_wconf 87' lang='grc' dir='ltr'><em>παρὰ</em></span> <span class='ocrx_word' id='word_1_73' title='bbox 943 877 1032 917; x_wconf 76' lang='grc' dir='ltr'><strong>τῶν</strong></span> <span class='ocrx_word' id='word_1_74' title='bbox 1063 874 1322 929; x_wconf 86' lang='grc' dir='ltr'><em>ἐπιχωρίων.</em></span> 
     </span>
     <span class='ocr_line' id='line_1_14' title="bbox 198 944 1481 1001; baseline 0 -13"><span class='ocrx_word' id='word_1_75' title='bbox 198 944 281 1001; x_wconf 79' lang='grc' dir='ltr'><strong>γὰρ</strong></span> <span class='ocrx_word' id='word_1_76' title='bbox 322 944 485 989; x_wconf 85' lang='grc' dir='ltr'><em>ὀστέων</em></span> <span class='ocrx_word' id='word_1_77' title='bbox 522 945 873 1001; x_wconf 84' lang='grc' dir='ltr'><em>περικεχυμένων</em></span> <span class='ocrx_word' id='word_1_78' title='bbox 900 945 1034 1001; x_wconf 87' lang='grc' dir='ltr'><em>χωρὶς</em></span> <span class='ocrx_word' id='word_1_79' title='bbox 1065 944 1284 999; x_wconf 79' lang='grc' dir='ltr'><em>ἑκατέρων</em></span> <span class='ocrx_word' id='word_1_80' title='bbox 1313 948 1403 988; x_wconf 75' lang='grc' dir='ltr'><strong>τῶν</strong></span> <span class='ocrx_word' id='word_1_81' title='bbox 1434 945 1481 988; x_wconf 88' lang='grc' dir='ltr'><strong>ἐν</strong></span> 
     </span>
     <span class='ocr_line' id='line_1_15' title="bbox 199 1015 1817 1074; baseline 0.001 -14"><span class='ocrx_word' id='word_1_82' title='bbox 199 1020 254 1074; x_wconf 86' lang='grc' dir='ltr'><em>τῇ</em></span> <span class='ocrx_word' id='word_1_83' title='bbox 283 1016 399 1074; x_wconf 79' lang='grc' dir='ltr'><em>μάχῃ</em></span> <span class='ocrx_word' id='word_1_84' title='bbox 429 1015 567 1074; x_wconf 83' lang='grc' dir='ltr'><em>ταύτῃ</em></span> <span class='ocrx_word' id='word_1_85' title='bbox 596 1015 844 1060; x_wconf 86' lang='grc' dir='ltr'><em>πεσόντων·</em></span> <span class='ocrx_word' id='word_1_86' title='bbox 883 1017 1032 1072; x_wconf 86' lang='grc' dir='ltr'><em>(χωρὶς</em></span> <span class='ocrx_word' id='word_1_87' title='bbox 1055 1017 1135 1071; x_wconf 78' lang='grc' dir='ltr'><strong>μὲν</strong></span> <span class='ocrx_word' id='word_1_88' title='bbox 1150 1016 1235 1073; x_wconf 74' lang='grc' dir='ltr'><strong>γάρ</strong></span> <span class='ocrx_word' id='word_1_89' title='bbox 1255 1020 1344 1059; x_wconf 77' lang='grc' dir='ltr'><strong>τῶν</strong></span> <span class='ocrx_word' id='word_1_90' title='bbox 1365 1020 1477 1072; x_wconf 87' lang='grc' dir='ltr'><em>Περ·</em></span> <span class='ocrx_word' id='word_1_91' title='bbox 1537 1042 1591 1061; x_wconf 70' lang='lat' dir='ltr'><strong>nes</strong></span> <span class='ocrx_word' id='word_1_92' title='bbox 1614 1034 1699 1061; x_wconf 70' lang='lat' dir='ltr'><strong>uarii</strong></span> <span class='ocrx_word' id='word_1_93' title='bbox 1720 1034 1754 1061; x_wconf 83' lang='lat' dir='ltr'><strong>F.</strong></span> <span class='ocrx_word' id='word_1_94' title='bbox 1779 1016 1817 1061; x_wconf 65' lang='lat' dir='ltr'><strong>ai}</strong></span> 
     </span>
     <span class='ocr_line' id='line_1_16' title="bbox 202 1085 1477 1145; baseline -0.001 -13"><span class='ocrx_word' id='word_1_95' title='bbox 202 1088 316 1132; x_wconf 87' lang='grc' dir='ltr'><em>σέων</em></span> <span class='ocrx_word' id='word_1_96' title='bbox 353 1089 494 1132; x_wconf 83' lang='grc' dir='ltr'><em>ἐκέετο</em></span> <span class='ocrx_word' id='word_1_97' title='bbox 538 1089 592 1131; x_wconf 83' lang='grc' dir='ltr'><em>τὰ</em></span> <span class='ocrx_word' id='word_1_98' title='bbox 630 1087 779 1138; x_wconf 83' lang='grc' dir='ltr'><em>ὀστέα,</em></span> <span class='ocrx_word' id='word_1_99' title='bbox 826 1085 885 1138; x_wconf 78' lang='grc' dir='ltr'><em>ὦς</em></span> <span class='ocrx_word' id='word_1_100' title='bbox 923 1087 1140 1145; x_wconf 77' lang='grc' dir='ltr'><em>ἐχωρίσθη</em></span> <span class='ocrx_word' id='word_1_101' title='bbox 1178 1086 1277 1131; x_wconf 84' lang='grc' dir='ltr'><em>κατ’</em></span> <span class='ocrx_word' id='word_1_102' title='bbox 1318 1087 1477 1143; x_wconf 79' lang='grc' dir='ltr'><em>ἀρχάς·</em></span> 
     </span>
    </p>
   </div>
   <div class='ocr_carea' id='block_1_9' title="bbox 1228 801 1481 858">
    <p class='ocr_par' dir='ltr' id='par_1_9' title="bbox 1228 801 1481 858">
     <span class='ocr_line' id='line_1_17' title="bbox 1228 801 1481 858; baseline 0 -13"><span class='ocrx_word' id='word_1_103' title='bbox 1228 805 1395 858; x_wconf 82' lang='grc' dir='ltr'><em>Θῶυμα</em></span> <span class='ocrx_word' id='word_1_104' title='bbox 1435 801 1481 845; x_wconf 81' lang='grc' dir='ltr'><strong>δὲ</strong></span> 
     </span>
    </p>
   </div>
   <div class='ocr_carea' id='block_1_10' title="bbox 170 1158 1480 1215">
    <p class='ocr_par' dir='ltr' id='par_1_10' title="bbox 170 1158 1480 1215">
     <span class='ocr_line' id='line_1_18' title="bbox 170 1158 1480 1215; baseline 0 -12"><span class='ocrx_word' id='word_1_105' title='bbox 170 1158 386 1214; x_wconf 72' lang='grc' dir='ltr'><em>Ξέτέρωθι</em></span> <span class='ocrx_word' id='word_1_106' title='bbox 417 1159 485 1211; x_wconf 80' lang='grc' dir='ltr'><strong>δὲ,</strong></span> <span class='ocrx_word' id='word_1_107' title='bbox 517 1163 603 1202; x_wconf 81' lang='grc' dir='ltr'><strong>τῶν</strong></span> <span class='ocrx_word' id='word_1_108' title='bbox 633 1160 942 1214; x_wconf 85' lang='grc' dir='ltr'><em>Αἰγυπτίων·)</em></span> <span class='ocrx_word' id='word_1_109' title='bbox 975 1160 1022 1201; x_wconf 82' lang='grc' dir='ltr'><em>αἱ</em></span> <span class='ocrx_word' id='word_1_110' title='bbox 1049 1158 1128 1214; x_wconf 80' lang='grc' dir='ltr'><strong>μὲν</strong></span> <span class='ocrx_word' id='word_1_111' title='bbox 1158 1162 1245 1202; x_wconf 81' lang='grc' dir='ltr'><strong>τῶν</strong></span> <span class='ocrx_word' id='word_1_112' title='bbox 1273 1159 1480 1215; x_wconf 87' lang='grc' dir='ltr'><em>Περσέων</em></span> 
     </span>
    </p>
   </div>
   <div class='ocr_carea' id='block_1_11' title="bbox 238 1262 372 1267">
    <p class='ocr_par' dir='ltr' id='par_1_11' title="bbox 238 1262 372 1267">
     <span class='ocr_line' id='line_1_19' title="bbox 238 1262 372 1267; baseline 0 0"><span class='ocrx_word' id='word_1_113' title='bbox 238 1262 372 1267; x_wconf 95' lang='lat' dir='ltr'><strong> </strong></span> 
     </span>
    </p>
   </div>
   <div class='ocr_carea' id='block_1_12' title="bbox 136 1299 808 2933">
    <p class='ocr_par' dir='ltr' id='par_1_12' title="bbox 136 1299 808 2886">
     <span class='ocr_line' id='line_1_20' title="bbox 198 1299 808 1358; baseline -0.003 -14"><span class='ocrx_word' id='word_1_114' title='bbox 198 1299 422 1358; x_wconf 80' lang='grc' dir='ltr'><em>ἀγινέοντες</em></span> <span class='ocrx_word' id='word_1_115' title='bbox 453 1300 580 1342; x_wconf 76' lang='grc' dir='ltr'><em>κατὰ</em></span> <span class='ocrx_word' id='word_1_116' title='bbox 611 1302 679 1343; x_wconf 74' lang='grc' dir='ltr'><strong>ἕνα</strong></span> <span class='ocrx_word' id='word_1_117' title='bbox 717 1302 808 1343; x_wconf 75' lang='grc' dir='ltr'><em>ἓ’κα-·</em></span> 
     </span>
     <span class='ocr_line' id='line_1_21' title="bbox 141 1358 807 1410; baseline -0.006 -9"><span class='ocrx_word' id='word_1_118' title='bbox 141 1374 234 1401; x_wconf 87' lang='grc' dir='ltr'><em>στον</em></span> <span class='ocrx_word' id='word_1_119' title='bbox 257 1365 336 1401; x_wconf 82' lang='grc' dir='ltr'><strong>τῶν</strong></span> <span class='ocrx_word' id='word_1_120' title='bbox 353 1361 524 1410; x_wconf 82' lang='grc' dir='ltr'><em>παίδων]</em></span> <span class='ocrx_word' id='word_1_121' title='bbox 550 1358 650 1399; x_wconf 81' lang='grc' dir='ltr'><em>κατοί</em></span> <span class='ocrx_word' id='word_1_122' title='bbox 670 1374 691 1398; x_wconf 91' lang='lat' dir='ltr'><strong>a</strong></span> <span class='ocrx_word' id='word_1_123' title='bbox 712 1361 807 1398; x_wconf 89' lang='lat' dir='ltr'><strong>binis</strong></span> 
     </span>
     <span class='ocr_line' id='line_1_22' title="bbox 140 1417 808 1457; baseline 0 -1"><span class='ocrx_word' id='word_1_124' title='bbox 140 1419 314 1456; x_wconf 88' lang='lat' dir='ltr'><strong>Parisiuis</strong></span> <span class='ocrx_word' id='word_1_125' title='bbox 361 1420 477 1457; x_wconf 87' lang='lat' dir='ltr'><strong>abest.</strong></span> <span class='ocrx_word' id='word_1_126' title='bbox 549 1417 662 1456; x_wconf 88' lang='lat' dir='ltr'><strong>Male.</strong></span> <span class='ocrx_word' id='word_1_127' title='bbox 721 1417 808 1456; x_wconf 90' lang='lat' dir='ltr'><strong>Vid.</strong></span> 
     </span>
     <span class='ocr_line' id='line_1_23' title="bbox 139 1473 807 1525; baseline -0.003 -12"><span class='ocrx_word' id='word_1_128' title='bbox 139 1476 272 1513; x_wconf 84' lang='lat' dir='ltr'><strong>Matth.</strong></span> <span class='ocrx_word' id='word_1_129' title='bbox 304 1476 371 1514; x_wconf 92' lang='lat' dir='ltr'><strong>Gr.</strong></span> <span class='ocrx_word' id='word_1_130' title='bbox 398 1476 464 1512; x_wconf 92' lang='lat' dir='ltr'><strong>Gr.</strong></span> <span class='ocrx_word' id='word_1_131' title='bbox 496 1473 532 1525; x_wconf 79' lang='lat'><strong>§.</strong></span> <span class='ocrx_word' id='word_1_132' title='bbox 565 1473 647 1516; x_wconf 82' lang='lat'><strong>427</strong></span> <span class='ocrx_word' id='word_1_133' title='bbox 676 1479 752 1512; x_wconf 90' lang='lat' dir='ltr'><strong>not.</strong></span> <span class='ocrx_word' id='word_1_134' title='bbox 780 1477 807 1515; x_wconf 98' lang='grc'><strong>2</strong></span> 
     </span>
     <span class='ocr_line' id='line_1_24' title="bbox 138 1531 807 1583; baseline -0.004 -13"><span class='ocrx_word' id='word_1_135' title='bbox 138 1546 223 1583; x_wconf 87' lang='lat' dir='ltr'><strong>pag.</strong></span> <span class='ocrx_word' id='word_1_136' title='bbox 249 1533 343 1574; x_wconf 88' lang='lat'><strong>789.</strong></span> <span class='ocrx_word' id='word_1_137' title='bbox 403 1532 463 1569; x_wconf 93' lang='lat' dir='ltr'><strong>Ad</strong></span> <span class='ocrx_word' id='word_1_138' title='bbox 482 1536 735 1580; x_wconf 81' lang='lat' dir='ltr'><strong>argumentum</strong></span> <span class='ocrx_word' id='word_1_139' title='bbox 756 1531 807 1568; x_wconf 90' lang='lat' dir='ltr'><strong>ei-</strong></span> 
     </span>
     <span class='ocr_line' id='line_1_25' title="bbox 138 1588 808 1638; baseline -0.001 -12"><span class='ocrx_word' id='word_1_140' title='bbox 138 1594 193 1627; x_wconf 88' lang='lat' dir='ltr'><strong>tat</strong></span> <span class='ocrx_word' id='word_1_141' title='bbox 232 1588 499 1638; x_wconf 81' lang='lat' dir='ltr'><strong>Wesselingius</strong></span> <span class='ocrx_word' id='word_1_142' title='bbox 539 1588 692 1626; x_wconf 76' lang='lat' dir='ltr'><strong>similem</strong></span> <span class='ocrx_word' id='word_1_143' title='bbox 731 1591 808 1626; x_wconf 83' lang='lat' dir='ltr'><strong>sere</strong></span> 
     </span>
     <span class='ocr_line' id='line_1_26' title="bbox 139 1646 808 1696; baseline -0.001 -13"><span class='ocrx_word' id='word_1_144' title='bbox 139 1646 345 1683; x_wconf 87' lang='lat' dir='ltr'><strong>barbariem</strong></span> <span class='ocrx_word' id='word_1_145' title='bbox 384 1646 601 1696; x_wconf 83' lang='lat' dir='ltr'><strong>Apollodori</strong></span> <span class='ocrx_word' id='word_1_146' title='bbox 646 1646 808 1682; x_wconf 89' lang='lat' dir='ltr'><strong>Cassan-</strong></span> 
     </span>
     <span class='ocr_line' id='line_1_27' title="bbox 140 1701 806 1750; baseline -0.003 -10"><span class='ocrx_word' id='word_1_147' title='bbox 140 1703 283 1740; x_wconf 87' lang='lat' dir='ltr'><strong>drensis</strong></span> <span class='ocrx_word' id='word_1_148' title='bbox 309 1702 456 1750; x_wconf 78' lang='lat' dir='ltr'>tyranni</span> <span class='ocrx_word' id='word_1_149' title='bbox 481 1703 518 1738; x_wconf 89' lang='lat' dir='ltr'><strong>in</strong></span> <span class='ocrx_word' id='word_1_150' title='bbox 547 1701 703 1740; x_wconf 87' lang='lat' dir='ltr'><strong>Diodor.</strong></span> <span class='ocrx_word' id='word_1_151' title='bbox 732 1702 806 1739; x_wconf 89' lang='lat' dir='ltr'><strong>Sic.</strong></span> 
     </span>
     <span class='ocr_line' id='line_1_28' title="bbox 138 1758 806 1810; baseline 0 -14"><span class='ocrx_word' id='word_1_152' title='bbox 138 1759 172 1796; x_wconf 89' lang='lat'><strong>11</strong></span> <span class='ocrx_word' id='word_1_153' title='bbox 207 1773 245 1810; x_wconf 89' lang='lat' dir='ltr'><strong>p.</strong></span> <span class='ocrx_word' id='word_1_154' title='bbox 273 1758 355 1800; x_wconf 82' lang='lat'><strong>563</strong></span> <span class='ocrx_word' id='word_1_155' title='bbox 384 1773 462 1809; x_wconf 89' lang='lat' dir='ltr'><strong>seq.</strong></span> <span class='ocrx_word' id='word_1_156' title='bbox 540 1758 666 1808; x_wconf 86' lang='lat' dir='ltr'><strong>Atque</strong></span> <span class='ocrx_word' id='word_1_157' title='bbox 698 1759 806 1797; x_wconf 86' lang='lat' dir='ltr'><strong>etiam</strong></span> 
     </span>
     <span class='ocr_line' id='line_1_29' title="bbox 138 1815 807 1865; baseline -0.003 -11"><span class='ocrx_word' id='word_1_158' title='bbox 138 1816 227 1854; x_wconf 89' lang='lat' dir='ltr'><strong>alias</strong></span> <span class='ocrx_word' id='word_1_159' title='bbox 267 1816 368 1865; x_wconf 87' lang='lat' dir='ltr'><strong>apud</strong></span> <span class='ocrx_word' id='word_1_160' title='bbox 407 1819 536 1865; x_wconf 81' lang='lat' dir='ltr'><strong>gentes</strong></span> <span class='ocrx_word' id='word_1_161' title='bbox 570 1815 697 1852; x_wconf 90' lang='lat' dir='ltr'><strong>similia</strong></span> <span class='ocrx_word' id='word_1_162' title='bbox 730 1817 807 1853; x_wconf 89' lang='lat' dir='ltr'><strong>fere</strong></span> 
     </span>
     <span class='ocr_line' id='line_1_30' title="bbox 138 1872 807 1921; baseline -0.003 -11"><span class='ocrx_word' id='word_1_163' title='bbox 138 1876 385 1910; x_wconf 83' lang='lat' dir='ltr'><strong>memorantur</strong></span> <span class='ocrx_word' id='word_1_164' title='bbox 408 1873 455 1910; x_wconf 90' lang='lat' dir='ltr'><strong>de</strong></span> <span class='ocrx_word' id='word_1_165' title='bbox 476 1873 655 1921; x_wconf 83' lang='lat' dir='ltr'><strong>sanguine</strong></span> <span class='ocrx_word' id='word_1_166' title='bbox 677 1872 807 1908; x_wconf 89' lang='lat' dir='ltr'><strong>huma-</strong></span> 
     </span>
     <span class='ocr_line' id='line_1_31' title="bbox 138 1928 804 1979; baseline -0.003 -12"><span class='ocrx_word' id='word_1_167' title='bbox 138 1942 201 1976; x_wconf 92' lang='lat' dir='ltr'><strong>no,</strong></span> <span class='ocrx_word' id='word_1_168' title='bbox 231 1928 308 1979; x_wconf 90' lang='lat' dir='ltr'><strong>qui,</strong></span> <span class='ocrx_word' id='word_1_169' title='bbox 342 1929 426 1966; x_wconf 89' lang='lat' dir='ltr'><strong>vino</strong></span> <span class='ocrx_word' id='word_1_170' title='bbox 449 1929 580 1966; x_wconf 87' lang='lat' dir='ltr'><strong>mixtus</strong></span> <span class='ocrx_word' id='word_1_171' title='bbox 602 1929 713 1978; x_wconf 85' lang='lat' dir='ltr'><strong>inque</strong></span> <span class='ocrx_word' id='word_1_172' title='bbox 736 1942 804 1979; x_wconf 88' lang='lat' dir='ltr'><strong>pa-</strong></span> 
     </span>
     <span class='ocr_line' id='line_1_32' title="bbox 137 1986 806 2035; baseline -0.003 -11"><span class='ocrx_word' id='word_1_173' title='bbox 137 1987 225 2024; x_wconf 89' lang='lat' dir='ltr'><strong>teris</strong></span> <span class='ocrx_word' id='word_1_174' title='bbox 247 1987 489 2033; x_wconf 88' lang='lat' dir='ltr'><strong>circumlatus,</strong></span> <span class='ocrx_word' id='word_1_175' title='bbox 508 1986 555 2022; x_wconf 89' lang='lat' dir='ltr'><strong>ab</strong></span> <span class='ocrx_word' id='word_1_176' title='bbox 573 1986 629 2033; x_wconf 88' lang='lat' dir='ltr'><strong>iis,</strong></span> <span class='ocrx_word' id='word_1_177' title='bbox 643 1986 707 2035; x_wconf 88' lang='lat' dir='ltr'><strong>qui</strong></span> <span class='ocrx_word' id='word_1_178' title='bbox 729 1987 806 2022; x_wconf 83' lang='lat' dir='ltr'><strong>foe-</strong></span> 
     </span>
     <span class='ocr_line' id='line_1_33' title="bbox 138 2042 806 2092; baseline -0.001 -12"><span class='ocrx_word' id='word_1_179' title='bbox 138 2043 229 2081; x_wconf 85' lang='lat' dir='ltr'><strong>dera</strong></span> <span class='ocrx_word' id='word_1_180' title='bbox 251 2043 464 2092; x_wconf 87' lang='lat' dir='ltr'><strong>iungebant,</strong></span> <span class='ocrx_word' id='word_1_181' title='bbox 486 2043 718 2092; x_wconf 84' lang='lat' dir='ltr'><strong>gustabatur.</strong></span> <span class='ocrx_word' id='word_1_182' title='bbox 747 2042 806 2080; x_wconf 91' lang='lat' dir='ltr'><strong>De</strong></span> 
     </span>
     <span class='ocr_line' id='line_1_34' title="bbox 138 2099 806 2150; baseline -0.001 -14"><span class='ocrx_word' id='word_1_183' title='bbox 138 2100 286 2149; x_wconf 89' lang='lat' dir='ltr'><strong>Scythis</strong></span> <span class='ocrx_word' id='word_1_184' title='bbox 315 2100 394 2150; x_wconf 86' lang='lat' dir='ltr'><strong>ipse</strong></span> <span class='ocrx_word' id='word_1_185' title='bbox 419 2099 560 2137; x_wconf 88' lang='lat' dir='ltr'><strong>Noster</strong></span> <span class='ocrx_word' id='word_1_186' title='bbox 584 2099 647 2146; x_wconf 88' lang='lat' dir='ltr'><strong>IV,</strong></span> <span class='ocrx_word' id='word_1_187' title='bbox 669 2101 722 2140; x_wconf 88' lang='lat'><strong>70</strong></span> <span class='ocrx_word' id='word_1_188' title='bbox 753 2100 806 2137; x_wconf 89' lang='lat' dir='ltr'><strong>ei-</strong></span> 
     </span>
     <span class='ocr_line' id='line_1_35' title="bbox 138 2155 805 2206; baseline -0.003 -12"><span class='ocrx_word' id='word_1_189' title='bbox 138 2170 210 2206; x_wconf 90' lang='lat' dir='ltr'><strong>que</strong></span> <span class='ocrx_word' id='word_1_190' title='bbox 262 2157 498 2194; x_wconf 84' lang='lat' dir='ltr'><strong>consentiens</strong></span> <span class='ocrx_word' id='word_1_191' title='bbox 535 2155 719 2193; x_wconf 87' lang='lat' dir='ltr'><strong>Lucianus</strong></span> <span class='ocrx_word' id='word_1_192' title='bbox 769 2157 805 2192; x_wconf 90' lang='lat' dir='ltr'><strong>in</strong></span> 
     </span>
     <span class='ocr_line' id='line_1_36' title="bbox 138 2213 804 2264; baseline -0.002 -14"><span class='ocrx_word' id='word_1_193' title='bbox 138 2213 277 2250; x_wconf 87' lang='lat' dir='ltr'><strong>Toxari</strong></span> <span class='ocrx_word' id='word_1_194' title='bbox 299 2225 377 2264; x_wconf 86' lang='lat' dir='ltr'><strong>cap.</strong></span> <span class='ocrx_word' id='word_1_195' title='bbox 400 2215 468 2261; x_wconf 87' lang='grc'><strong>37,</strong></span> <span class='ocrx_word' id='word_1_196' title='bbox 492 2213 551 2250; x_wconf 92' lang='lat' dir='ltr'><strong>ubi</strong></span> <span class='ocrx_word' id='word_1_197' title='bbox 576 2213 650 2250; x_wconf 79' lang='lat' dir='ltr'><strong>vicl.</strong></span> <span class='ocrx_word' id='word_1_198' title='bbox 683 2213 804 2250; x_wconf 89' lang='lat' dir='ltr'><strong>Iacob.</strong></span> 
     </span>
     <span class='ocr_line' id='line_1_37' title="bbox 136 2269 805 2308; baseline -0.003 0"><span class='ocrx_word' id='word_1_199' title='bbox 136 2269 196 2308; x_wconf 89' lang='lat' dir='ltr'><strong>De</strong></span> <span class='ocrx_word' id='word_1_200' title='bbox 223 2270 399 2307; x_wconf 88' lang='lat' dir='ltr'><strong>Romanis</strong></span> <span class='ocrx_word' id='word_1_201' title='bbox 433 2271 529 2307; x_wconf 88' lang='lat' dir='ltr'><strong>conf.</strong></span> <span class='ocrx_word' id='word_1_202' title='bbox 552 2269 736 2307; x_wconf 81' lang='lat' dir='ltr'><strong>Plutarch.</strong></span> <span class='ocrx_word' id='word_1_203' title='bbox 767 2270 805 2306; x_wconf 88' lang='lat' dir='ltr'><strong>in</strong></span> 
     </span>
     <span class='ocr_line' id='line_1_38' title="bbox 137 2326 805 2378; baseline -0.003 -13"><span class='ocrx_word' id='word_1_204' title='bbox 137 2326 313 2365; x_wconf 85' lang='lat' dir='ltr'><strong>Publicol.</strong></span> <span class='ocrx_word' id='word_1_205' title='bbox 340 2339 419 2378; x_wconf 89' lang='lat' dir='ltr'><strong>cap.</strong></span> <span class='ocrx_word' id='word_1_206' title='bbox 448 2326 475 2367; x_wconf 82' lang='lat'>4</span> <span class='ocrx_word' id='word_1_207' title='bbox 507 2328 582 2373; x_wconf 79' lang='lat' dir='ltr'><strong>init.</strong></span> <span class='ocrx_word' id='word_1_208' title='bbox 616 2340 703 2377; x_wconf 97' lang='lat' dir='ltr'><strong>pag.</strong></span> <span class='ocrx_word' id='word_1_209' title='bbox 737 2328 805 2373; x_wconf 84' lang='lat'><strong>98,</strong></span> 
     </span>
     <span class='ocr_line' id='line_1_39' title="bbox 137 2382 805 2424; baseline -0.001 -3"><span class='ocrx_word' id='word_1_210' title='bbox 137 2382 217 2421; x_wconf 91' lang='lat' dir='ltr'><strong>coll.</strong></span> <span class='ocrx_word' id='word_1_211' title='bbox 242 2382 391 2420; x_wconf 87' lang='lat' dir='ltr'><strong>Sallust.</strong></span> <span class='ocrx_word' id='word_1_212' title='bbox 414 2383 522 2421; x_wconf 87' lang='lat' dir='ltr'><strong>Catil.</strong></span> <span class='ocrx_word' id='word_1_213' title='bbox 546 2386 613 2424; x_wconf 89' lang='grc'><strong>22.</strong></span> <span class='ocrx_word' id='word_1_214' title='bbox 653 2383 713 2421; x_wconf 91' lang='lat' dir='ltr'><strong>De</strong></span> <span class='ocrx_word' id='word_1_215' title='bbox 734 2382 805 2420; x_wconf 85' lang='lat' dir='ltr'><strong>Ar-</strong></span> 
     </span>
     <span class='ocr_line' id='line_1_40' title="bbox 138 2440 804 2489; baseline 0 -11"><span class='ocrx_word' id='word_1_216' title='bbox 138 2440 268 2478; x_wconf 79' lang='lat' dir='ltr'><strong>meniis</strong></span> <span class='ocrx_word' id='word_1_217' title='bbox 297 2444 408 2489; x_wconf 87' lang='lat' dir='ltr'><strong>atque</strong></span> <span class='ocrx_word' id='word_1_218' title='bbox 429 2440 544 2478; x_wconf 86' lang='lat' dir='ltr'><strong>Iberis</strong></span> <span class='ocrx_word' id='word_1_219' title='bbox 569 2440 722 2478; x_wconf 78' lang='lat' dir='ltr'><strong>Tacitus</strong></span> <span class='ocrx_word' id='word_1_220' title='bbox 747 2444 804 2478; x_wconf 83' lang='lat' dir='ltr'><strong>te-</strong></span> 
     </span>
     <span class='ocr_line' id='line_1_41' title="bbox 137 2495 803 2545; baseline 0 -11"><span class='ocrx_word' id='word_1_221' title='bbox 137 2501 255 2534; x_wconf 86' lang='lat' dir='ltr'><strong>statur</strong></span> <span class='ocrx_word' id='word_1_222' title='bbox 272 2496 418 2535; x_wconf 83' lang='lat' dir='ltr'><strong>Annali.</strong></span> <span class='ocrx_word' id='word_1_223' title='bbox 444 2497 527 2545; x_wconf 92' lang='lat' dir='ltr'><strong>XlI,</strong></span> <span class='ocrx_word' id='word_1_224' title='bbox 543 2495 611 2545; x_wconf 82' lang='lat'><strong>47,</strong></span> <span class='ocrx_word' id='word_1_225' title='bbox 642 2498 703 2534; x_wconf 91' lang='lat' dir='ltr'><strong>ubi</strong></span> <span class='ocrx_word' id='word_1_226' title='bbox 730 2496 803 2534; x_wconf 90' lang='lat' dir='ltr'><strong>vid.</strong></span> 
     </span>
     <span class='ocr_line' id='line_1_42' title="bbox 138 2552 804 2604; baseline -0.002 -13"><span class='ocrx_word' id='word_1_227' title='bbox 138 2552 252 2604; x_wconf 88' lang='lat' dir='ltr'><strong>Lipsii</strong></span> <span class='ocrx_word' id='word_1_228' title='bbox 279 2558 373 2590; x_wconf 90' lang='lat' dir='ltr'><strong>nott.</strong></span> <span class='ocrx_word' id='word_1_229' title='bbox 432 2553 533 2598; x_wconf 80' lang='lat' dir='ltr'><strong>Quin</strong></span> <span class='ocrx_word' id='word_1_230' title='bbox 563 2555 672 2591; x_wconf 88' lang='lat' dir='ltr'><strong>etiam</strong></span> <span class='ocrx_word' id='word_1_231' title='bbox 702 2554 804 2604; x_wconf 88' lang='lat' dir='ltr'><strong>apud</strong></span> 
     </span>
     <span class='ocr_line' id='line_1_43' title="bbox 139 2608 804 2659; baseline 0.002 -13"><span class='ocrx_word' id='word_1_232' title='bbox 139 2608 334 2659; x_wconf 84' lang='lat' dir='ltr'><strong>Ungaros,</strong></span> <span class='ocrx_word' id='word_1_233' title='bbox 375 2611 579 2657; x_wconf 82' lang='lat' dir='ltr'><strong>Caman0s‚</strong></span> <span class='ocrx_word' id='word_1_234' title='bbox 617 2610 804 2647; x_wconf 85' lang='lat' dir='ltr'><strong>Hibernos</strong></span> 
     </span>
     <span class='ocr_line' id='line_1_44' title="bbox 140 2665 803 2707; baseline 0.002 -5"><span class='ocrx_word' id='word_1_235' title='bbox 140 2665 234 2703; x_wconf 87' lang='lat' dir='ltr'><strong>idem</strong></span> <span class='ocrx_word' id='word_1_236' title='bbox 265 2667 422 2707; x_wconf 86' lang='lat' dir='ltr'><strong>valuisse</strong></span> <span class='ocrx_word' id='word_1_237' title='bbox 451 2672 580 2705; x_wconf 88' lang='lat' dir='ltr'><strong>monet</strong></span> <span class='ocrx_word' id='word_1_238' title='bbox 608 2668 634 2704; x_wconf 93' lang='lat'><strong>1.</strong></span> <span class='ocrx_word' id='word_1_239' title='bbox 662 2667 803 2704; x_wconf 89' lang='lat' dir='ltr'><strong>Grimm</strong></span> 
     </span>
     <span class='ocr_line' id='line_1_45' title="bbox 140 2721 803 2774; baseline 0.003 -15"><span class='ocrx_word' id='word_1_240' title='bbox 140 2721 346 2769; x_wconf 87' lang='lat' dir='ltr'><strong>(Deutsche</strong></span> <span class='ocrx_word' id='word_1_241' title='bbox 393 2723 679 2762; x_wconf 86' lang='lat' dir='ltr'><strong>Rechtsalterth.</strong></span> <span class='ocrx_word' id='word_1_242' title='bbox 716 2737 803 2774; x_wconf 88' lang='lat' dir='ltr'><strong>pag.</strong></span> 
     </span>
     <span class='ocr_line' id='line_1_46' title="bbox 145 2780 802 2829; baseline -0.003 -10"><span class='ocrx_word' id='word_1_243' title='bbox 145 2780 223 2819; x_wconf 84' lang='lat'><strong>193</strong></span> <span class='ocrx_word' id='word_1_244' title='bbox 243 2781 336 2829; x_wconf 85' lang='lat' dir='ltr'><strong>seq.)</strong></span> <span class='ocrx_word' id='word_1_245' title='bbox 361 2781 430 2819; x_wconf 91' lang='lat' dir='ltr'><strong>hoe</strong></span> <span class='ocrx_word' id='word_1_246' title='bbox 451 2782 590 2819; x_wconf 88' lang='lat' dir='ltr'><strong>diserte</strong></span> <span class='ocrx_word' id='word_1_247' title='bbox 615 2780 802 2827; x_wconf 87' lang='lat' dir='ltr'><strong>adiiciens,</strong></span> 
     </span>
     <span class='ocr_line' id='line_1_47' title="bbox 140 2835 804 2886; baseline 0.006 -15"><span class='ocrx_word' id='word_1_248' title='bbox 140 2835 238 2872; x_wconf 90' lang='lat' dir='ltr'><strong>nulla</strong></span> <span class='ocrx_word' id='word_1_249' title='bbox 286 2837 451 2875; x_wconf 85' lang='lat' dir='ltr'><strong>immanis</strong></span> <span class='ocrx_word' id='word_1_250' title='bbox 491 2838 601 2875; x_wconf 86' lang='lat' dir='ltr'><strong>moris</strong></span> <span class='ocrx_word' id='word_1_251' title='bbox 648 2837 804 2886; x_wconf 83' lang='lat' dir='ltr'><strong>vestigia</strong></span> 
     </span>
    </p>

    <p class='ocr_par' dir='ltr' id='par_1_13' title="bbox 193 2892 484 2933">
     <span class='ocr_line' id='line_1_48' title="bbox 193 2892 484 2933; baseline 0.014 -4"><span class='ocrx_word' id='word_1_252' title='bbox 193 2892 403 2932; x_wconf 69' lang='lat' dir='ltr'><strong>Hauono&#39;r.</strong></span> <span class='ocrx_word' id='word_1_253' title='bbox 436 2895 484 2933; x_wconf 90' lang='grc' dir='ltr'><strong>ΙΙ.</strong></span> 
     </span>
    </p>
   </div>
   <div class='ocr_carea' id='block_1_13' title="bbox 861 1304 1538 2150">
    <p class='ocr_par' dir='ltr' id='par_1_14' title="bbox 864 1304 1538 1753">
     <span class='ocr_line' id='line_1_49' title="bbox 865 1304 1536 1354; baseline 0.001 -13"><span class='ocrx_word' id='word_1_254' title='bbox 865 1304 964 1354; x_wconf 89' lang='lat' dir='ltr'><strong>apud</strong></span> <span class='ocrx_word' id='word_1_255' title='bbox 981 1304 1188 1342; x_wconf 86' lang='lat' dir='ltr'><strong>Germanos</strong></span> <span class='ocrx_word' id='word_1_256' title='bbox 1208 1305 1369 1354; x_wconf 79' lang='lat' dir='ltr'><strong>reperiri.</strong></span> <span class='ocrx_word' id='word_1_257' title='bbox 1398 1305 1536 1343; x_wconf 86' lang='lat' dir='ltr'><strong>Hebri-</strong></span> 
     </span>
     <span class='ocr_line' id='line_1_50' title="bbox 866 1360 1536 1412; baseline 0.003 -14"><span class='ocrx_word' id='word_1_258' title='bbox 866 1361 984 1398; x_wconf 77' lang='lat' dir='ltr'><strong>diunis</strong></span> <span class='ocrx_word' id='word_1_259' title='bbox 1016 1360 1103 1397; x_wconf 89' lang='lat' dir='ltr'><strong>solis</strong></span> <span class='ocrx_word' id='word_1_260' title='bbox 1135 1374 1274 1398; x_wconf 88' lang='lat' dir='ltr'><strong>morem</strong></span> <span class='ocrx_word' id='word_1_261' title='bbox 1301 1362 1414 1400; x_wconf 89' lang='lat' dir='ltr'><strong>fuisse</strong></span> <span class='ocrx_word' id='word_1_262' title='bbox 1444 1362 1536 1412; x_wconf 87' lang='lat' dir='ltr'><strong>legi-</strong></span> 
     </span>
     <span class='ocr_line' id='line_1_51' title="bbox 864 1418 1534 1468; baseline 0.001 -13"><span class='ocrx_word' id='word_1_263' title='bbox 864 1431 965 1465; x_wconf 77' lang='lat' dir='ltr'><strong>muS,</strong></span> <span class='ocrx_word' id='word_1_264' title='bbox 996 1422 1036 1454; x_wconf 89' lang='lat' dir='ltr'><strong>ut</strong></span> <span class='ocrx_word' id='word_1_265' title='bbox 1053 1430 1182 1455; x_wconf 87' lang='lat' dir='ltr'><strong>manus</strong></span> <span class='ocrx_word' id='word_1_266' title='bbox 1205 1418 1363 1455; x_wconf 90' lang='lat' dir='ltr'><strong>humano</strong></span> <span class='ocrx_word' id='word_1_267' title='bbox 1382 1420 1534 1468; x_wconf 84' lang='lat' dir='ltr'><strong>sangui-</strong></span> 
     </span>
     <span class='ocr_line' id='line_1_52' title="bbox 866 1475 1536 1524; baseline 0.001 -13"><span class='ocrx_word' id='word_1_268' title='bbox 866 1488 913 1512; x_wconf 92' lang='lat' dir='ltr'><strong>ne</strong></span> <span class='ocrx_word' id='word_1_269' title='bbox 959 1475 1092 1511; x_wconf 87' lang='lat' dir='ltr'><strong>tiuctas</strong></span> <span class='ocrx_word' id='word_1_270' title='bbox 1139 1475 1338 1524; x_wconf 83' lang='lat' dir='ltr'><strong>iungentes</strong></span> <span class='ocrx_word' id='word_1_271' title='bbox 1383 1477 1536 1513; x_wconf 89' lang='lat' dir='ltr'><strong>iurarint</strong></span> 
     </span>
     <span class='ocr_line' id='line_1_53' title="bbox 866 1531 1535 1581; baseline 0.003 -13"><span class='ocrx_word' id='word_1_272' title='bbox 866 1532 1050 1569; x_wconf 90' lang='lat' dir='ltr'><strong>communi</strong></span> <span class='ocrx_word' id='word_1_273' title='bbox 1083 1544 1193 1576; x_wconf 81' lang='lat' dir='ltr'><strong>voce3</strong></span> <span class='ocrx_word' id='word_1_274' title='bbox 1226 1531 1337 1581; x_wconf 88' lang='lat' dir='ltr'><strong>plane</strong></span> <span class='ocrx_word' id='word_1_275' title='bbox 1372 1538 1413 1570; x_wconf 92' lang='lat' dir='ltr'><strong>ut</strong></span> <span class='ocrx_word' id='word_1_276' title='bbox 1442 1533 1535 1581; x_wconf 89' lang='lat' dir='ltr'>Scy-</span> 
     </span>
     <span class='ocr_line' id='line_1_54' title="bbox 866 1588 1535 1637; baseline 0.001 -12"><span class='ocrx_word' id='word_1_277' title='bbox 866 1588 952 1626; x_wconf 90' lang='lat' dir='ltr'><strong>thae</strong></span> <span class='ocrx_word' id='word_1_278' title='bbox 967 1588 1124 1637; x_wconf 86' lang='lat' dir='ltr'><strong>gladios,</strong></span> <span class='ocrx_word' id='word_1_279' title='bbox 1147 1589 1303 1637; x_wconf 83' lang='lat' dir='ltr'><strong>sagittas</strong></span> <span class='ocrx_word' id='word_1_280' title='bbox 1330 1593 1368 1627; x_wconf 91' lang='lat' dir='ltr'><strong>et</strong></span> <span class='ocrx_word' id='word_1_281' title='bbox 1389 1589 1535 1627; x_wconf 86' lang='lat' dir='ltr'><strong>lanceas</strong></span> 
     </span>
     <span class='ocr_line' id='line_1_55' title="bbox 866 1645 1538 1694; baseline 0.004 -13"><span class='ocrx_word' id='word_1_282' title='bbox 866 1645 1036 1694; x_wconf 87' lang='lat' dir='ltr'><strong>sanguini</strong></span> <span class='ocrx_word' id='word_1_283' title='bbox 1093 1645 1312 1694; x_wconf 83' lang='lat' dir='ltr'><strong>immergere</strong></span> <span class='ocrx_word' id='word_1_284' title='bbox 1364 1646 1538 1684; x_wconf 90' lang='lat' dir='ltr'><strong>dicuntur</strong></span> 
     </span>
     <span class='ocr_line' id='line_1_56' title="bbox 865 1701 1286 1753; baseline -0.002 -14"><span class='ocrx_word' id='word_1_285' title='bbox 865 1703 966 1753; x_wconf 89' lang='lat' dir='ltr'><strong>apud</strong></span> <span class='ocrx_word' id='word_1_286' title='bbox 996 1702 1179 1739; x_wconf 86' lang='lat' dir='ltr'><strong>Herodot.</strong></span> <span class='ocrx_word' id='word_1_287' title='bbox 1209 1702 1231 1738; x_wconf 92' lang='lat' dir='ltr'><strong>l.</strong></span> <span class='ocrx_word' id='word_1_288' title='bbox 1264 1701 1286 1738; x_wconf 95' lang='lat' dir='ltr'><strong>l.</strong></span> 
     </span>
    </p>

    <p class='ocr_par' dir='ltr' id='par_1_15' title="bbox 861 1754 1536 2150">
     <span class='ocr_line' id='line_1_57' title="bbox 922 1754 1531 1809; baseline -0.002 -12"><span class='ocrx_word' id='word_1_289' title='bbox 922 1754 1128 1797; x_wconf 84' lang='grc' dir='ltr'><em>πεσόντων</em></span> <span class='ocrx_word' id='word_1_290' title='bbox 1152 1757 1201 1805; x_wconf 79' lang='grc' dir='ltr'><strong>ἐξ</strong></span> <span class='ocrx_word' id='word_1_291' title='bbox 1233 1754 1472 1809; x_wconf 83' lang='grc' dir='ltr'><em>ἀμφοτέρων</em></span> <span class='ocrx_word' id='word_1_292' title='bbox 1494 1774 1531 1798; x_wconf 91' lang='grc' dir='ltr'><strong>κ.</strong></span> 
     </span>
     <span class='ocr_line' id='line_1_58' title="bbox 865 1814 1533 1865; baseline 0 -13"><span class='ocrx_word' id='word_1_293' title='bbox 865 1830 885 1852; x_wconf 90' lang='grc' dir='ltr'><em>τ</em></span> <span class='ocrx_word' id='word_1_294' title='bbox 935 1815 992 1865; x_wconf 85' lang='grc' dir='ltr'><strong>λ.]</strong></span> <span class='ocrx_word' id='word_1_295' title='bbox 1032 1815 1171 1852; x_wconf 78' lang='lat' dir='ltr'><strong>Vocula</strong></span> <span class='ocrx_word' id='word_1_296' title='bbox 1199 1814 1237 1862; x_wconf 80' lang='grc' dir='ltr'><strong>ἐξ</strong></span> <span class='ocrx_word' id='word_1_297' title='bbox 1263 1827 1285 1851; x_wconf 91' lang='lat' dir='ltr'><strong>a</strong></span> <span class='ocrx_word' id='word_1_298' title='bbox 1305 1815 1399 1852; x_wconf 88' lang='lat' dir='ltr'><strong>binis</strong></span> <span class='ocrx_word' id='word_1_299' title='bbox 1432 1815 1533 1852; x_wconf 88' lang='lat' dir='ltr'><strong>libris</strong></span> 
     </span>
     <span class='ocr_line' id='line_1_59' title="bbox 864 1871 1533 1922; baseline 0.003 -14"><span class='ocrx_word' id='word_1_300' title='bbox 864 1871 981 1919; x_wconf 88' lang='lat' dir='ltr'><strong>abest,</strong></span> <span class='ocrx_word' id='word_1_301' title='bbox 998 1871 1108 1922; x_wconf 78' lang='lat' dir='ltr'><strong>plane</strong></span> <span class='ocrx_word' id='word_1_302' title='bbox 1127 1877 1168 1909; x_wconf 89' lang='lat' dir='ltr'><strong>ut</strong></span> <span class='ocrx_word' id='word_1_303' title='bbox 1185 1872 1292 1917; x_wconf 83' lang='lat'><strong>1‚76,</strong></span> <span class='ocrx_word' id='word_1_304' title='bbox 1312 1872 1376 1909; x_wconf 92' lang='lat' dir='ltr'><strong>ubi</strong></span> <span class='ocrx_word' id='word_1_305' title='bbox 1395 1877 1533 1919; x_wconf 84' lang='lat' dir='ltr'><strong>tamen,</strong></span> 
     </span>
     <span class='ocr_line' id='line_1_60' title="bbox 863 1928 1536 1977; baseline 0.001 -12"><span class='ocrx_word' id='word_1_306' title='bbox 863 1941 944 1966; x_wconf 89' lang='lat' dir='ltr'><strong>mea</strong></span> <span class='ocrx_word' id='word_1_307' title='bbox 985 1929 1134 1977; x_wconf 88' lang='lat' dir='ltr'><strong>quidem</strong></span> <span class='ocrx_word' id='word_1_308' title='bbox 1171 1928 1379 1976; x_wconf 83' lang='lat' dir='ltr'><strong>sententia,</strong></span> <span class='ocrx_word' id='word_1_309' title='bbox 1423 1942 1536 1977; x_wconf 87' lang='lat' dir='ltr'><strong>aegre</strong></span> 
     </span>
     <span class='ocr_line' id='line_1_61' title="bbox 862 1985 1536 2035; baseline 0.003 -14"><span class='ocrx_word' id='word_1_310' title='bbox 862 1997 1026 2022; x_wconf 85' lang='lat' dir='ltr'><strong>caremus</strong></span> <span class='ocrx_word' id='word_1_311' title='bbox 1077 1985 1380 2035; x_wconf 85' lang='lat' dir='ltr'><strong>praepositione,</strong></span> <span class='ocrx_word' id='word_1_312' title='bbox 1439 1998 1536 2034; x_wconf 82' lang='lat' dir='ltr'><strong>quae</strong></span> 
     </span>
     <span class='ocr_line' id='line_1_62' title="bbox 863 2042 1533 2091; baseline 0.001 -13"><span class='ocrx_word' id='word_1_313' title='bbox 863 2054 937 2091; x_wconf 90' lang='lat' dir='ltr'><strong>quo</strong></span> <span class='ocrx_word' id='word_1_314' title='bbox 984 2042 1102 2079; x_wconf 90' lang='lat' dir='ltr'><strong>minus</strong></span> <span class='ocrx_word' id='word_1_315' title='bbox 1140 2043 1346 2088; x_wconf 88' lang='lat' dir='ltr'><strong>inseratur,</strong></span> <span class='ocrx_word' id='word_1_316' title='bbox 1384 2042 1533 2079; x_wconf 87' lang='lat' dir='ltr'><strong>obstant</strong></span> 
     </span>
     <span class='ocr_line' id='line_1_63' title="bbox 861 2098 1445 2150; baseline 0 -15"><span class='ocrx_word' id='word_1_317' title='bbox 861 2098 941 2136; x_wconf 88' lang='lat' dir='ltr'><strong>libri</strong></span> <span class='ocrx_word' id='word_1_318' title='bbox 963 2099 1090 2150; x_wconf 89' lang='lat' dir='ltr'><strong>scripti</strong></span> <span class='ocrx_word' id='word_1_319' title='bbox 1106 2099 1154 2136; x_wconf 87' lang='lat' dir='ltr'><strong>ad</strong></span> <span class='ocrx_word' id='word_1_320' title='bbox 1174 2112 1285 2136; x_wconf 89' lang='lat' dir='ltr'><strong>unum</strong></span> <span class='ocrx_word' id='word_1_321' title='bbox 1304 2111 1445 2136; x_wconf 87' lang='lat' dir='ltr'><strong>omnes.</strong></span> 
     </span>
    </p>
   </div>
   <div class='ocr_carea' id='block_1_14' title="bbox 861 2200 1533 2660">
    <p class='ocr_par' dir='ltr' id='par_1_16' title="bbox 1085 2200 1304 2252">
     <span class='ocr_line' id='line_1_64' title="bbox 1085 2200 1304 2252; baseline -0.014 -13"><span class='ocrx_word' id='word_1_322' title='bbox 1085 2202 1191 2252; x_wconf 91' lang='lat' dir='ltr'><strong>Cap.</strong></span> <span class='ocrx_word' id='word_1_323' title='bbox 1220 2200 1304 2237; x_wconf 87' lang='lat' dir='ltr'><strong>XII.</strong></span> 
     </span>
    </p>

    <p class='ocr_par' dir='ltr' id='par_1_17' title="bbox 861 2266 1533 2660">
     <span class='ocr_line' id='line_1_65' title="bbox 922 2266 1528 2320; baseline -0.003 -12"><span class='ocrx_word' id='word_1_324' title='bbox 922 2268 966 2308; x_wconf 82' lang='grc' dir='ltr'><em>αἱ</em></span> <span class='ocrx_word' id='word_1_325' title='bbox 986 2266 1058 2320; x_wconf 77' lang='grc' dir='ltr'><strong>μὲν</strong></span> <span class='ocrx_word' id='word_1_326' title='bbox 1087 2271 1167 2308; x_wconf 75' lang='grc' dir='ltr'><strong>τῶν</strong></span> <span class='ocrx_word' id='word_1_327' title='bbox 1193 2266 1380 2319; x_wconf 80' lang='grc' dir='ltr'><em>Περσέων</em></span> <span class='ocrx_word' id='word_1_328' title='bbox 1400 2282 1528 2318; x_wconf 79' lang='grc' dir='ltr'><em>κεφα-</em></span> 
     </span>
     <span class='ocr_line' id='line_1_66' title="bbox 863 2325 1530 2375; baseline -0.004 -10"><span class='ocrx_word' id='word_1_329' title='bbox 863 2326 928 2365; x_wconf 87' lang='grc' dir='ltr'><em>λαί</em></span> <span class='ocrx_word' id='word_1_330' title='bbox 952 2325 1027 2365; x_wconf 83' lang='grc' dir='ltr'><em>εἰσι</em></span> <span class='ocrx_word' id='word_1_331' title='bbox 1045 2342 1081 2365; x_wconf 80' lang='grc' dir='ltr'><strong>κ.</strong></span> <span class='ocrx_word' id='word_1_332' title='bbox 1104 2342 1134 2365; x_wconf 93' lang='grc' dir='ltr'><em>τ.</em></span> <span class='ocrx_word' id='word_1_333' title='bbox 1161 2326 1208 2375; x_wconf 83' lang='grc' dir='ltr'><strong>λ.]</strong></span> <span class='ocrx_word' id='word_1_334' title='bbox 1242 2326 1400 2362; x_wconf 88' lang='lat' dir='ltr'><strong>Plurima</strong></span> <span class='ocrx_word' id='word_1_335' title='bbox 1421 2339 1463 2363; x_wconf 89' lang='lat' dir='ltr'><strong>ex</strong></span> <span class='ocrx_word' id='word_1_336' title='bbox 1475 2326 1530 2362; x_wconf 89' lang='lat' dir='ltr'><strong>his</strong></span> 
     </span>
     <span class='ocr_line' id='line_1_67' title="bbox 863 2382 1533 2433; baseline -0.001 -13"><span class='ocrx_word' id='word_1_337' title='bbox 863 2383 1099 2432; x_wconf 62' lang='lat' dir='ltr'><strong>leguntur-in</strong></span> <span class='ocrx_word' id='word_1_338' title='bbox 1125 2383 1313 2433; x_wconf 86' lang='lat' dir='ltr'><strong>Excerptt.</strong></span> <span class='ocrx_word' id='word_1_339' title='bbox 1337 2382 1433 2419; x_wconf 90' lang='lat' dir='ltr'><strong>Cod.</strong></span> <span class='ocrx_word' id='word_1_340' title='bbox 1460 2382 1533 2419; x_wconf 87' lang='lat' dir='ltr'><strong>Pa-</strong></span> 
     </span>
     <span class='ocr_line' id='line_1_68' title="bbox 863 2439 1532 2489; baseline -0.003 -12"><span class='ocrx_word' id='word_1_341' title='bbox 863 2440 987 2487; x_wconf 90' lang='lat' dir='ltr'><strong>latini,</strong></span> <span class='ocrx_word' id='word_1_342' title='bbox 1022 2453 1117 2489; x_wconf 87' lang='lat' dir='ltr'><strong>quae</strong></span> <span class='ocrx_word' id='word_1_343' title='bbox 1138 2440 1274 2477; x_wconf 89' lang='lat' dir='ltr'><strong>contuli</strong></span> <span class='ocrx_word' id='word_1_344' title='bbox 1298 2439 1334 2475; x_wconf 93' lang='lat' dir='ltr'><strong>in</strong></span> <span class='ocrx_word' id='word_1_345' title='bbox 1357 2439 1532 2476; x_wconf 87' lang='lat' dir='ltr'><strong>Creuzeri</strong></span> 
     </span>
     <span class='ocr_line' id='line_1_69' title="bbox 861 2495 1532 2546; baseline -0.001 -12"><span class='ocrx_word' id='word_1_346' title='bbox 861 2498 1083 2535; x_wconf 86' lang='lat' dir='ltr'><strong>Commentt.</strong></span> <span class='ocrx_word' id='word_1_347' title='bbox 1103 2498 1305 2534; x_wconf 85' lang='lat' dir='ltr'><strong>Herodott.</strong></span> <span class='ocrx_word' id='word_1_348' title='bbox 1329 2508 1415 2546; x_wconf 89' lang='lat' dir='ltr'><strong>pag.</strong></span> <span class='ocrx_word' id='word_1_349' title='bbox 1435 2495 1532 2537; x_wconf 81' lang='lat'><strong>429.</strong></span> 
     </span>
     <span class='ocr_line' id='line_1_70' title="bbox 861 2550 1531 2603; baseline 0 -13"><span class='ocrx_word' id='word_1_350' title='bbox 861 2553 978 2590; x_wconf 86' lang='lat' dir='ltr'><strong>Paulo</strong></span> <span class='ocrx_word' id='word_1_351' title='bbox 1001 2560 1087 2591; x_wconf 90' lang='lat' dir='ltr'><strong>ante</strong></span> <span class='ocrx_word' id='word_1_352' title='bbox 1113 2554 1163 2590; x_wconf 90' lang='lat' dir='ltr'><strong>ad</strong></span> <span class='ocrx_word' id='word_1_353' title='bbox 1184 2566 1311 2590; x_wconf 90' lang='lat' dir='ltr'><strong>vocem</strong></span> <span class='ocrx_word' id='word_1_354' title='bbox 1335 2550 1531 2603; x_wconf 76' lang='grc' dir='ltr'><em>ἑκατέρων</em></span> 
     </span>
     <span class='ocr_line' id='line_1_71' title="bbox 862 2609 1529 2660; baseline -0.003 -13"><span class='ocrx_word' id='word_1_355' title='bbox 862 2611 958 2650; x_wconf 80' lang='lat' dir='ltr'><strong>conf.</strong></span> <span class='ocrx_word' id='word_1_356' title='bbox 987 2624 1082 2660; x_wconf 88' lang='lat' dir='ltr'><strong>quae</strong></span> <span class='ocrx_word' id='word_1_357' title='bbox 1100 2611 1147 2647; x_wconf 90' lang='lat' dir='ltr'><strong>ad</strong></span> <span class='ocrx_word' id='word_1_358' title='bbox 1162 2609 1259 2656; x_wconf 76' lang='lat' dir='ltr'><strong>111,ss</strong></span> <span class='ocrx_word' id='word_1_359' title='bbox 1281 2610 1420 2647; x_wconf 87' lang='lat' dir='ltr'><strong>monita</strong></span> <span class='ocrx_word' id='word_1_360' title='bbox 1432 2614 1529 2646; x_wconf 88' lang='lat' dir='ltr'><strong>sunt.</strong></span> 
     </span>
    </p>
   </div>
   <div class='ocr_carea' id='block_1_15' title="bbox 861 2664 1530 2884">
    <p class='ocr_par' dir='ltr' id='par_1_18' title="bbox 861 2664 1530 2884">
     <span class='ocr_line' id='line_1_72' title="bbox 861 2664 1529 2717; baseline -0.003 -14"><span class='ocrx_word' id='word_1_361' title='bbox 861 2667 902 2703; x_wconf 90' lang='lat' dir='ltr'><strong>In</strong></span> <span class='ocrx_word' id='word_1_362' title='bbox 925 2680 1029 2717; x_wconf 90' lang='lat' dir='ltr'><strong>seqq.</strong></span> <span class='ocrx_word' id='word_1_363' title='bbox 1055 2664 1377 2716; x_wconf 83' lang='grc' dir='ltr'><em>διατετρανέεις</em></span> <span class='ocrx_word' id='word_1_364' title='bbox 1402 2666 1449 2702; x_wconf 95' lang='lat' dir='ltr'><strong>ob</strong></span> <span class='ocrx_word' id='word_1_365' title='bbox 1473 2666 1529 2702; x_wconf 90' lang='lat' dir='ltr'><strong>su-</strong></span> 
     </span>
     <span class='ocr_line' id='line_1_73' title="bbox 861 2721 1526 2761; baseline -0.006 -1"><span class='ocrx_word' id='word_1_366' title='bbox 861 2723 931 2760; x_wconf 85' lang='lat' dir='ltr'><strong>turi</strong></span> <span class='ocrx_word' id='word_1_367' title='bbox 950 2725 1102 2761; x_wconf 87' lang='lat' dir='ltr'><strong>formam</strong></span> <span class='ocrx_word' id='word_1_368' title='bbox 1117 2724 1207 2761; x_wconf 89' lang='lat' dir='ltr'><strong>citat</strong></span> <span class='ocrx_word' id='word_1_369' title='bbox 1227 2722 1349 2760; x_wconf 85' lang='lat' dir='ltr'><strong>Matth</strong></span> <span class='ocrx_word' id='word_1_370' title='bbox 1382 2722 1446 2759; x_wconf 88' lang='lat' dir='ltr'><strong>Gr.</strong></span> <span class='ocrx_word' id='word_1_371' title='bbox 1461 2721 1526 2757; x_wconf 85' lang='lat' dir='ltr'><strong>Gr.</strong></span> 
     </span>
     <span class='ocr_line' id='line_1_74' title="bbox 861 2776 1530 2831; baseline -0.013 -10"><span class='ocrx_word' id='word_1_372' title='bbox 861 2793 948 2831; x_wconf 74' lang='lat' dir='ltr'><strong>pag·</strong></span> <span class='ocrx_word' id='word_1_373' title='bbox 970 2781 1062 2822; x_wconf 82' lang='lat'><strong>491.</strong></span> <span class='ocrx_word' id='word_1_374' title='bbox 1101 2781 1173 2818; x_wconf 88' lang='lat' dir='ltr'><strong>Pro</strong></span> <span class='ocrx_word' id='word_1_375' title='bbox 1195 2777 1328 2825; x_wconf 81' lang='grc' dir='ltr'><em>θέλεις</em></span> <span class='ocrx_word' id='word_1_376' title='bbox 1346 2776 1530 2815; x_wconf 85' lang='lat' dir='ltr'><strong>Sancrosti</strong></span> 
     </span>
     <span class='ocr_line' id='line_1_75' title="bbox 861 2834 1526 2884; baseline -0.006 -10"><span class='ocrx_word' id='word_1_377' title='bbox 861 2837 955 2875; x_wconf 87' lang='lat' dir='ltr'><strong>liber</strong></span> <span class='ocrx_word' id='word_1_378' title='bbox 991 2837 1140 2884; x_wconf 79' lang='grc' dir='ltr'><strong>θέλοις.</strong></span> <span class='ocrx_word' id='word_1_379' title='bbox 1201 2837 1399 2874; x_wconf 89' lang='lat' dir='ltr'><strong>Caeterum</strong></span> <span class='ocrx_word' id='word_1_380' title='bbox 1436 2834 1526 2870; x_wconf 87' lang='lat' dir='ltr'><strong>haec</strong></span> 
     </span>
    </p>
   </div>
   <div class='ocr_carea' id='block_1_16' title="bbox 1228 2895 1256 2933">
    <p class='ocr_par' dir='ltr' id='par_1_19' title="bbox 1228 2895 1256 2933">
     <span class='ocr_line' id='line_1_76' title="bbox 1228 2895 1256 2933; baseline 0 0"><span class='ocrx_word' id='word_1_381' title='bbox 1228 2895 1256 2933; x_wconf 86' lang='lat'>2</span> 
     </span>
    </p>
   </div>
   <div class='ocr_carea' id='block_1_17' title="bbox 1382 798 1816 1028">
    <p class='ocr_par' dir='ltr' id='par_1_20' title="bbox 1382 798 1816 1028">
     <span class='ocr_line' id='line_1_77' title="bbox 1541 798 1757 833; baseline 0.005 -9"><span class='ocrx_word' id='word_1_382' title='bbox 1541 798 1757 833; x_wconf 75' lang='lat' dir='ltr'><strong>Aegyptiorum</strong></span> 
     </span>
     <span class='ocr_line' id='line_1_78' title="bbox 1538 833 1816 892; baseline 0.011 -35"><span class='ocrx_word' id='word_1_383' title='bbox 1538 833 1643 891; x_wconf 50' lang='lat' dir='ltr'><strong>grania</strong></span> <span class='ocrx_word' id='word_1_384' title='bbox 1682 833 1816 892; x_wconf 54' lang='grc' dir='ltr'><strong>τοίἐυεῑε,</strong></span> 
     </span>
     <span class='ocr_line' id='line_1_79' title="bbox 1382 874 1816 939; baseline 0 -47"><span class='ocrx_word' id='word_1_385' title='bbox 1382 890 1471 917; x_wconf 73' lang='grc' dir='ltr'><strong>των</strong></span> <span class='ocrx_word' id='word_1_386' title='bbox 1484 882 1528 915; x_wconf 71' lang='lat'><strong>80</strong></span> <span class='ocrx_word' id='word_1_387' title='bbox 1538 874 1816 939; x_wconf 49' lang='lat' dir='ltr'><strong>ligrsargffimragjib</strong></span> 
     </span>
     <span class='ocr_line' id='line_1_80' title="bbox 1538 941 1814 968; baseline 0 -9"><span class='ocrx_word' id='word_1_388' title='bbox 1538 941 1678 960; x_wconf 82' lang='lat' dir='ltr'><strong>causam:</strong></span> <span class='ocrx_word' id='word_1_389' title='bbox 1700 941 1814 968; x_wconf 76' lang='lat' dir='ltr'><strong>paucie-</strong></span> 
     </span>
     <span class='ocr_line' id='line_1_81' title="bbox 1538 967 1784 1002; baseline 0 -9"><span class='ocrx_word' id='word_1_390' title='bbox 1538 967 1604 993; x_wconf 85' lang='lat' dir='ltr'><strong>simi</strong></span> <span class='ocrx_word' id='word_1_391' title='bbox 1641 967 1784 1002; x_wconf 73' lang='lat' dir='ltr'><strong>Aegyptii</strong></span> 
     </span>
     <span class='ocr_line' id='line_1_82' title="bbox 1538 1000 1802 1028; baseline 0 -1"><span class='ocrx_word' id='word_1_392' title='bbox 1538 1000 1625 1027; x_wconf 85' lang='lat' dir='ltr'><strong>calvi.</strong></span> <span class='ocrx_word' id='word_1_393' title='bbox 1653 1001 1802 1028; x_wconf 80' lang='lat' dir='ltr'><strong>Achaeme</strong></span> 
     </span>
    </p>
   </div>
   <div class='ocr_carea' id='block_1_18' title="bbox 1537 1067 1773 1130">
    <p class='ocr_par' dir='ltr' id='par_1_21' title="bbox 1537 1067 1773 1130">
     <span class='ocr_line' id='line_1_83' title="bbox 1537 1067 1751 1096; baseline 0 -2"><span class='ocrx_word' id='word_1_394' title='bbox 1537 1067 1625 1095; x_wconf 83' lang='lat' dir='ltr'><strong>luaro</strong></span> <span class='ocrx_word' id='word_1_395' title='bbox 1652 1067 1751 1096; x_wconf 80' lang='lat' dir='ltr'><strong>victus</strong></span> 
     </span>
     <span class='ocr_line' id='line_1_84' title="bbox 1538 1102 1773 1130; baseline 0.009 -2"><span class='ocrx_word' id='word_1_396' title='bbox 1538 1110 1644 1130; x_wconf 82' lang='lat' dir='ltr'><strong>caesus</strong></span> <span class='ocrx_word' id='word_1_397' title='bbox 1663 1110 1693 1130; x_wconf 86' lang='lat' dir='ltr'><strong>a.</strong></span> <span class='ocrx_word' id='word_1_398' title='bbox 1710 1102 1773 1130; x_wconf 73' lang='lat'><strong>463.</strong></span> 
     </span>
    </p>
   </div>
  </div>
 </body>
</html>
