1863 3256
427 169 986 211 M‘ELPOMENE.

1044 171 1107 209 IV.
1319 179 1401 217 483

137 280 225 325 ἐστὶ
254 282 382 339 λίμνη
413 280 574 339 μεγάλη
603 297 647 325 τε
677 280 751 324 καὶ
781 278 942 335 πολλή,
974 280 1048 323 καὶ
1067 280 1163 331 ἕλος
1183 281 1254 322 καὶ
1276 280 1402 325 κάλα-

109 358 221 407 5μος
251 354 349 406 περὶ
382 352 538 409 αὐτήν·
592 353 639 396 ἐν
669 353 715 396 ὸὲ
745 352 881 409 ταύτῃ
912 350 1108 405 ἐνύδριες
1137 349 1402 401 ἁλίσκονται,

139 423 212 465 καὶ
242 424 473 477 κάστορες,
511 425 583 467 καὶ
613 423 721 467 ἄλλα
757 425 892 479 θηρία
927 420 1401 478 τετραγωνοπρόσωπα,
1415 430 1458 462 80

136 498 225 536 τῶν
254 494 306 536 τά
337 497 526 551 δέρματα
554 495 651 549 περὶ
679 495 754 545 τοὶς
784 493 994 548 σισύρνας
1023 493 1402 548 παραῤῥάπτεται·

136 566 210 608 καὶ
251 567 294 608 οἱ
333 565 474 621 ὄρχιες
515 563 687 609 αὐτοῖσί
731 567 812 608 εἰσι
860 563 1065 621 χρήσιμοι
1104 565 1146 617 ἐς
1184 563 1403 621 ὑστερέων

137 636 297 679 ἄκεσιν.

78 848 173 885 quae
240 837 437 874 etiamnum
498 835 740 882 inveniamur,

79 892 342 941 intelligendae
413 897 531 929 erunt.
647 893 741 929 Utut

79 955 157 997 cst,
198 950 304 986 Gallo
344 951 455 986 docto
496 949 642 986 minime
682 962 741 985 as-

79 1006 208 1043 sentiri
261 1019 434 1056 possum,
504 1007 566 1054 qui
623 1005 740 1043 lacum

78 1062 174 1099 illum
206 1063 254 1099 ad
286 1063 438 1111 Volgarn
468 1063 603 1108 refert,
645 1074 740 1111 quae

78 1119 173 1156 circa
203 1120 294 1155 ostia
318 1119 434 1156 lacum
459 1120 602 1155 maximi
625 1119 740 1155 ambi-

79 1180 135 1212 tus
175 1177 331 1221 efficiat,
381 1176 529 1225 optimis
578 1175 738 1225 piscibus

77 1232 334 1269 abundantem.
382 1232 466 1268 vid.
489 1231 547 1268 De
574 1232 738 1279 Guignes

77 1288 113 1323 in
134 1288 244 1325 Mem.
277 1289 323 1325 de
343 1288 479 1325 l’Acad.
511 1288 547 1324 d.
570 1287 736 1338 inscript.

76 1344 119 1381 Τ.
142 1344 281 1381 XXXV
310 1358 344 1395 p.
365 1347 459 1386 550.

133 1426 176 1468 ἕν
205 1425 248 1466 δὲ
266 1424 390 1482 ταύτῃ
410 1423 614 1481 ἐνιῗδριες]
648 1429 739 1466 Ver-

77 1485 124 1522 ba
166 1485 298 1522 haecce
335 1491 371 1522 et
402 1498 497 1534 quae
525 1492 738 1535 sequuntur,

76 1555 195 1591 usque
229 1543 278 1579 ad
316 1542 428 1579 verba
466 1541 506 1588 ἐς
539 1541 738 1592 ὑστερέων

79 1595 216 1636 ἄκεσιν
262 1611 284 1635 a
331 1598 536 1647 glossatore
577 1601 736 1648 quodam

76 1655 299 1692 Herodoteis
327 1656 457 1692 adsuta
481 1657 619 1692 censuit
641 1656 737 1692 Gat-

76 1716 185 1748 terer.
217 1711 435 1748 Commentt.
465 1725 538 1748 soc.
563 1713 667 1749 Gott.
691 1712 736 1749 T.

75 1768 145 1805 ΧΠ
175 1781 210 1817 p.
231 1770 322 1807 120.
362 1769 439 1805 Sed
470 1769 562 1806 bene
581 1769 642 1806 illa
660 1774 740 1806 tue-

76 1828 133 1861 tur
159 1824 364 1873 Schweigh.
396 1825 554 1874 itemque
579 1826 738 1863 Heeren.

75 1880 199 1918 Ideen.
222 1880 250 1927 Ι,
269 1882 294 1920 2
315 1894 398 1931 pag.
417 1882 520 1928 304,
544 1895 624 1918 cum
644 1882 740 1918 nulla

78 1950 202 1975 eorum
253 1938 511 1975 eiiciendorum
547 1939 593 1975 sit
629 1951 738 1976 causa

76 1994 182 2030 iusta.
215 1989 392 2044 ἐνύδριες
413 2000 495 2031 sunt
513 1995 628 2031 lutrae
647 1995 738 2043 (Ot-

78 2054 142 2097 ter,
173 2049 403 2099 Fisclwttw),
435 2056 474 2087 ut
497 2051 541 2099 ll,
572 2055 639 2098 72,
672 2053 738 2089 mi-

77 2108 175 2144 nime
214 2120 316 2144 canes
348 2109 498 2155 marini,
551 2113 592 2144 ut
620 2108 740 2158 placet

78 2163 275 2201 Mannerto
297 2164 347 2200 ΙΙΙ
372 2177 458 2214 pag.
478 2167 516 2204 7.
554 2165 663 2208 Quod
691 2165 739 2202 ad

81 2223 231 2257 castores
255 2221 396 2267 attinet,
421 2221 594 2270 Ktippen.
615 2221 741 2258 Nord-

79 2282 172 2326 gest.
195 2278 229 2314 d.
249 2277 355 2315 Pont.
376 2290 460 2328 pag.
481 2279 531 2316 17
551 2277 658 2315 affert
679 2291 739 2314 ur-

78 2333 161 2370 bem
180 2332 342 2381 Bobrow,
373 2335 395 2370 i.
417 2348 446 2373 e.
469 2337 661 2371 castoream
679 2348 742 2370 ur-

81 2390 164 2436 bem,
193 2391 229 2426 in
247 2391 426 2439 gubernio
445 2390 664 2440 Woronjesh
682 2392 743 2428 iis-

81 2447 164 2482 dem
203 2447 279 2484 fere
315 2447 352 2483 in
382 2448 592 2496 regionibus
622 2449 740 2494 sitam,

80 2503 116 2538 in
154 2503 282 2550 quibus
311 2503 525 2541 Herodotus
562 2509 742 2542 memoret

81 2563 253 2595 castores.

147 2640 214 2680 καὶ
243 2638 339 2680 ἄλλα
359 2644 486 2694 θηρία
505 2658 740 2698 τετραγωνο-

80 2694 297 2749 πρόσωπα]
331 2699 355 2735 i.
386 2713 418 2737 e.
449 2702 621 2738 animalia
649 2716 738 2752 qua-

83 2756 188 2793 drato
219 2756 340 2798 matu,-
387 2768 480 2804 quae
508 2758 626 2806 qualia
653 2761 738 2807 sint,

82 2813 253 2862 equidem
300 2811 452 2850 definire
492 2826 568 2851 non
609 2816 739 2854 ausim.

1457 640 1539 681 330

799 832 932 883 Neque
967 835 1107 871 definiit
1135 835 1338 885 Schxveigh.
1377 836 1460 885 (qui

799 891 922 927 attulit
970 891 1156 929 Aristotel.
1205 892 1323 929 locum
1362 893 1459 929 Hist.

799 946 869 984 An.
912 947 1016 995 vlu,
1057 951 1103 997 6)
1143 962 1264 998 neque
1298 949 1459 987 Heeren.

798 1004 910 1041 ldcen
938 1005 972 1051 1,
1013 1008 1039 1045 2
1068 1018 1104 1054 p.
1127 1006 1230 1052 305,
1261 1007 1306 1042 ad
1332 1007 1460 1042 doctos

796 1074 915 1098 rerum
937 1061 1151 1098 naturalium
1171 1066 1458 1112 perscrutatores

796 1130 1021 1167 provocans,
1052 1118 1121 1153 nisi
1149 1119 1234 1154 inde
1256 1120 1353 1155 sama
1377 1123 1459 1155 orta

796 1174 1040 1220 existimetur,
1071 1174 1171 1222 qnod
1190 1176 1308 1223 capita
1328 1176 1362 1211 in
1382 1174 1459 1225 pel-

795 1229 887 1266 libus
932 1230 1148 1279 conspicua,
1192 1232 1337 1267 retenta
1363 1237 1459 1277 cute,

794 1287 948 1323 sormam
968 1286 1205 1336 praebuerint
1227 1288 1458 1336 quadratam.

851 1396 942 1449 περὶ
959 1394 1028 1445 τοὶς
1045 1393 1237 1449 σισύρνας
1253 1395 1458 1450 παραῤῥςῖ-

795 1455 953 1504 πτεται]
986 1456 1009 1492 ἰ.
1029 1469 1059 1492 e.
1089 1468 1230 1505 qnorum
1247 1456 1356 1505 pelles
1371 1470 1458 1506 pac-

794 1512 889 1548 wtlc's
929 1512 1133 1548 caclsuuntnr
1178 1526 1205 1549 s.
1242 1517 1458 1562 praetexun-

796 1573 878 1615 tur,
910 1581 963 1615 s.‚
995 1574 1034 1605 ut
1063 1569 1194 1606 Ritter.
1223 1570 1381 1606 Vorhall.
1420 1584 1457 1620 p.

798 1625 877 1666 154
897 1625 1093 1676 expressit:
1126 1628 1215 1671 „mit
1232 1625 1335 1662 deren
1354 1626 1457 1675 Balg

796 1685 844 1718 sie
867 1682 938 1718 ihre
957 1681 1062 1718 Pclze
1081 1683 1318 1719 verbrc‘inzen.“
1357 1683 1458 1720 Mela

796 1739 844 1785 ll,
871 1742 906 1785 1,
936 1740 1033 1779 130:
1065 1738 1197 1775 Geloni
1216 1740 1372 1776 hostium
1394 1754 1458 1776 cu-

796 1796 893 1832 tibus
926 1807 1040 1844 equos
1070 1808 1183 1844 seque
1205 1795 1347 1833 velant:
1378 1796 1457 1833 illos

797 1852 924 1900 reliqui
945 1853 1127 1902 corporis,
1159 1865 1198 1889 se
1216 1853 1385 1902 capitum.
1402 1874 1458 1881 —

798 1905 990 1959 σισύρνας
1046 1922 1127 1946 cum
1182 1909 1370 1946 Gronovio
1423 1914 1461 1947 et

797 1965 915 2003 Gaisf.
938 1965 1065 2016 scripsi
1083 1977 1149 2016 pro
1165 1965 1260 2015 vulg.
1280 1961 1458 2017 σισύρας,

796 2023 896 2071 quod
916 2022 1164 2068 Florentium,
1185 2022 1246 2058 alii
1265 2024 1457 2074 praebent.

797 2079 931 2116 Glossa
988 2079 1224 2116 Herodotea:
1296 2076 1456 2130 σισύρα·

799 2133 1040 2186 βαρβαρικὸς
1078 2131 1217 2186 χιτών,
1263 2149 1331 2174 nec
1355 2137 1459 2174 aliter

797 2193 954 2241 Gregor.
982 2192 1068 2229 Cor.
1106 2193 1153 2230 de
1193 2193 1278 2229 dial.
1307 2193 1382 2230 Ion.
1420 2192 1458 2244 ἓ.

798 2248 879 2289 148
899 2262 934 2299 p.
963 2248 1056 2289 540.
1095 2249 1148 2285 Ac
1168 2249 1278 2297 vulgo
1298 2263 1387 2287 sane
1404 2250 1457 2287 ita

797 2306 1038 2353 distinguunt,
1060 2310 1102 2342 ut
1123 2301 1293 2355 σισύρνα
1313 2307 1360 2343 sit
1370 2319 1457 2356 pae-

796 2362 883 2398 nula
902 2376 922 2399 e
943 2362 1102 2398 flocculis
1124 2361 1231 2399 lanae
1241 2364 1458 2400 concinnata

798 2432 825 2455 s.
839 2424 1005 2464 consuta,
1023 2414 1166 2469 σισύρα
1178 2424 1298 2457 autem
1309 2420 1457 2470 pallium

797 2489 826 2512 s.
851 2479 1080 2524 tegmentum
1110 2489 1130 2513 e
1155 2475 1307 2526 pellibus
1332 2477 1456 2514 confe-

797 2536 904 2569 ctum.
949 2532 1029 2569 vid.
1060 2532 1228 2569 Ammon.
1255 2535 1390 2583 p.128
1421 2537 1458 2570 et

796 2589 973 2626 Valcken.
1010 2589 1188 2626 Observv.
1238 2603 1322 2640 pag.
1362 2588 1456 2630 205.

796 2646 992 2683 Ruhnken.
1022 2646 1071 2682 ad
1101 2645 1198 2682 Tim.
1224 2660 1259 2696 p.
1289 2649 1380 2686 231.
1402 2666 1457 2672 -—

795 2703 838 2739 In
857 2715 960 2751 seqq.
986 2701 1026 2740 οἱ
1043 2699 1170 2752 ὄρχιες
1190 2707 1272 2737 sunt
1294 2701 1456 2737 testiculi.

796 2759 871 2796 Ubi
898 2760 1033 2796 Ritter.
1056 2758 1078 2795 l.
1108 2758 1129 2793 l.
1157 2759 1295 2807 cogitat
1317 2759 1363 2795 de
1387 2756 1458 2793 Ca-

796 2819 906 2851 storeo
925 2828 952 2852 s.
972 2814 1164 2861 Bz'bergez'l.

1092 2872 1142 2910 31
1161 2868 1179 2886 *
