1863 3256
444 171 1011 214 MELPOMENE.
1071 172 1133 212 IV.

154 283 253 334 λόν,
298 282 493 339 γλαυκόν
532 299 575 327 τε
623 286 712 326 πᾶν
753 283 943 337 ἰσχυρῶς
987 280 1075 324 ἐστὶ
1122 281 1195 325 καὶ
1237 284 1425 339 πυρῤόν.
1482 330 1509 348 m

126 352 287 405 Ξπόλις
318 354 364 398 δὲ
393 354 440 398 ἐν
471 352 642 397 αὐτοῖσι
671 352 928 398 πεπόλισται
960 353 1134 409 ξυλίνη,
1174 352 1349 410 οὔνομα
1381 356 1427 399 δὲ
1485 365 1547 383 ”¹¹¹
1596 367 1609 384 ·“

1341 180 1426 220 4Ί9

97 505 255 555 Reliqua
282 506 394 542 verba
425 505 476 542 sic
500 505 764 554 interpretatur
821 502 1038 553 Hippocrat.
1070 502 1092 541 l.
1122 502 1143 543 l.
1167 503 1212 541 T.
1235 503 1269 541 ll
1295 516 1381 554 pag.
1399 506 1482 545 313

97 562 288 611 Schwgh.:
317 562 445 609 glauci
469 561 657 598 admodum
679 564 762 597 sunt

97 631 210 655 onmes
239 622 271 655 et
302 617 503 654 rubicundi.
550 618 656 660 Quae
686 630 760 653 non

95 679 171 711 tam
192 674 239 711 ad
259 675 435 710 oculorum
455 674 626 721 colorem,
649 687 759 723 quam

96 732 144 767 ad
169 733 278 767 totum
298 744 422 781 corpus
440 731 592 779 glauco,
630 743 658 767 s.
682 743 759 766 cue-

95 786 193 823 ruleo
208 789 344 837 pictum
363 792 401 824 et
418 787 498 837 rufo
528 788 648 834 (unde
665 789 760 837 picti

95 844 225 881 Geloni
257 845 357 894 apud
385 843 511 893 virgil.
541 845 681 893 Georg.
712 844 755 890 ll,

98 900 198 948 115)
227 906 393 951 spectare
424 901 501 938 vult
523 901 675 939 Salmas.
708 902 755 938 ad

94 956 210 994 Solin.
228 960 323 1007 pag.
354 959 432 998 133
455 957 525 1005 D.‚
556 970 664 1007 quem
695 971 755 995 se-

94 1020 255 1063 quuntur
286 1014 505 1064 Wesseling.
530 1027 572 1051 ac
595 1014 754 1052 Larche-

94 1083 154 1107 rus
184 1070 266 1120 (qui
286 1070 501 1121 Hippocrat.
523 1071 581 1109 De
603 1084 674 1109 aer.
696 1084 756 1120 aq.

94 1131 130 1164 et
153 1126 219 1164 loc.
243 1126 360 1164 locum
380 1126 417 1179 ἓ.
439 1127 492 1169 48
525 1127 677 1180 [§.102
698 1128 756 1165 ed.

93 1182 230 1233 Corai.]
262 1183 382 1231 affert,
412 1185 619 1233 Scythicum
640 1197 758 1235 popu-

92 1239 165 1276 lum
186 1241 233 1277 ob
254 1240 370 1289 frigus
391 1237 562 1291 πυῤῥόν,
598 1242 619 1277 i.
641 1254 672 1278 e.
694 1253 757 1276 'ru-

85 1295 180 1345 fum,
203 1309 283 1334 esse
301 1298 502 1346 narrantis)
526 1298 757 1348 improbante

92 1353 279 1391 Mannert.
300 1352 349 1389 ΙΙΙ
368 1367 403 1404 p.
425 1355 464 1400 8,
495 1355 556 1403 qui
572 1355 756 1403 interpre-

91 1413 208 1447 tatur:
257 1409 496 1460 blauaeugigt
536 1412 611 1448 und
635 1409 758 1460 seuer-

84 1465 196 1516 farb,
225 1466 458 1504 Herodotum
489 1468 537 1505 de
566 1468 621 1505 his
650 1480 757 1505 accu-

92 1523 205 1560 ratius
242 1524 414 1561 edoctum
450 1525 562 1562 fuisse
602 1536 757 1573 negans,

91 1580 192 1616 cuius
216 1583 341 1617 tamen
360 1581 471 1618 verba
489 1582 535 1618 ad
561 1581 756 1619 Germani—

91 1648 170 1673 cam
192 1636 422 1674 Budinorum
445 1638 596 1688 stirpem
617 1642 654 1675 et
676 1638 756 1687 ipse

90 1693 214 1730 refert.
268 1692 449 1742 Equidem
485 1707 565 1731 cum
594 1694 753 1732 Heeren.

92 1748 145 1786 ld.
169 1748 197 1795 I,
220 1752 246 1791 2
264 1762 350 1799 pag.
371 1753 452 1792 279
478 1751 525 1789 (le
551 1751 660 1788 oculis
680 1764 758 1787 cae-

90 1805 201 1843 ruleis
227 1806 392 1856 comaque
417 1807 509 1858 rusci
528 1807 584 1845 hic
600 1809 662 1857 agi
683 1809 758 1845 exi·

91 1863 256 1908 stimem,
288 1868 435 1901 auctore
461 1877 610 1914 quoque
632 1866 755 1902 Ritte-

91 1931 146 1966 το,
177 1918 336 1956 Vorhall.
355 1932 442 1970 pag.
467 1922 556 1963 153.
580 1923 677 1968 283,
694 1921 755 1958 ubi

90 1976 218 2013 vertit:
258 1988 383 2024 „ganz
404 1977 507 2015 blaue
525 1978 655 2027 Augen
678 1978 755 2015 und

90 2032 231 2070 blondes
249 2031 400 2070 Haar.“
430 2034 511 2072 Nec
529 2035 636 2072 aliter
653 2034 755 2072 Lan-

88 2102 157 2139 ge,
188 2090 401 2128 vernaculus
430 2091 621 2142 interpres.
669 2092 754 2135 Quo

88 2146 207 2183 minus
227 2145 350 2198 placet
369 2146 485 2195 Miot,
517 2149 571 2185 sic
587 2152 753 2186 vertens:

87 2201 170 2250 „Its
198 2216 233 2240 se
253 2205 425 2253 pez‘gnent
443 2205 475 2242 le
493 2218 591 2255 corps
612 2218 653 2242 en
675 2205 754 2242 hleu

88 2272 133 2296 οιι
163 2272 206 2297 en
232 2262 379 2309 rouge.“
418 2261 532 2299 Italus
552 2263 753 2313 interpres:

87 2329 176 2363 „son
214 2318 303 2354 tutta·
333 2321 485 2356 azzurri
501 2318 711 2369 fortemente
737 2331 755 2356 e

87 2373 310 2411 ἰ-υὶηέοηᾱίκ
330 2374 366 2411 in
384 2380 472 2413 nota
489 2376 653 2414 subiecta
673 2375 755 2426 plu-

90 2430 190 2466 ribus
209 2431 374 2469 evincere
391 2433 558 2479 studens,
590 2433 639 2471 de
663 2433 753 2470 arti-

90 2486 223 2523 ficiosis
243 2486 424 2526 coloribus
444 2490 591 2528 minime
605 2489 662 2527 hic
675 2502 753 2527 ser-

90 2555 236 2580 monem
255 2556 336 2581 esse
355 2546 421 2583 sed
440 2546 487 2584 de
502 2546 658 2584 naturali
668 2559 754 2583 ocu-

90 2598 205 2636 lorum
227 2601 461 2651 corporisque
480 2603 614 2649 colore,
636 2603 754 2641 idem-

91 2668 164 2705 que
194 2656 290 2692 bene
324 2656 482 2695 afferens
512 2659 636 2697 Taciti
664 2659 752 2697 illud

92 2712 138 2750 de
167 2712 302 2748 nostris
332 2714 525 2752 maioribus
560 2716 751 2767 [German.

92 2768 118 2809 4
139 2766 176 2819 §.
198 2766 261 2819 2]:
292 2770 475 2815 „caerulei
490 2773 594 2819 oculi,
622 2773 753 2810 rutilae

92 2828 248 2863 comae.“
286 2825 389 2864 ldem
416 2831 524 2877 urget
545 2829 683 2867 Coraes
703 2829 753 2868 ad

819 572 896 608 seq.
929 560 1074 599 minime
1097 560 1144 598 de
1165 561 1361 598 artificioso
1384 561 1484 599 colo-

818 628 882 661 re,
923 618 988 654 sed
1017 618 1064 655 de
1092 618 1246 655 naturali
1274 630 1481 656 sermonem

818 684 922 720 esse3
962 675 1061 722 quod
1092 673 1147 711 vel
1175 673 1283 712 verba
1311 674 1484 725 opposita

817 741 896 778 cap.
933 732 1028 770 109:
1089 726 1210 769 ου’ὁὲν
1251 727 1325 781 τήν
1368 730 1484 782 ἰδέην

816 782 948 834 ὁμοῖοι
991 781 1088 825 ου’ἇὲ
1121 784 1166 826 τό
1192 789 1330 838 χρῶμα
1353 792 1481 826 osten-

814 842 916 879 (lant.
956 841 1037 892 Ipse
1059 840 1210 895 πυῤῥόν
1232 845 1371 882 Gallice
1390 846 1477 882 red-

814 899 867 934 dit
900 902 1016 944 „teint
1048 901 1181 937 basam?
1207 901 1383 948 (colorem
1418 902 1477 938 in-

813 954 998 1004 telligens:
1030 956 1144 1006 fauce
1174 972 1220 995 ou
1243 958 1476 1007 jaumttre)“

816 1017 852 1048 et
884 1010 1054 1064 γλαυκόν
1081 1015 1128 1052 de
1163 1015 1274 1052 oculis
1301 1014 1477 1053 caeruleis

814 1069 948 1119 accipit
992 1070 1105 1117 (‚,les
1146 1084 1242 1122 yeux
1280 1071 1363 1109 d’un
1400 1071 1479 1109 bleu

816 1125 1111 1176 ires-fonce‘“).

870 1178 985 1229 πόλις
1016 1180 1059 1221 δὲ
1081 1182 1124 1222 ἐν
1143 1178 1300 1222 αὐτοῖσι
1318 1179 1481 1223 πεπόλι-

816 1247 902 1276 σται
929 1238 1095 1289 ξυλίνη]
1138 1237 1286 1286 »πόλις
1313 1237 1480 1280 πεπόλι-

815 1306 901 1333 σται
932 1298 1086 1333 recurrit
1116 1296 1171 1343 V,
1208 1299 1273 1337 52.
1306 1297 1394 1344 VH,
1425 1298 1480 1338 59

813 1351 1011 1389 Homerico
1070 1354 1221 1390 more.“
1296 1352 1482 1392 Wessel.

814 1407 910 1446 Nam
956 1409 1015 1446 vix
1050 1409 1147 1446 aliud
1180 1410 1269 1459 quid
1303 1410 1484 1448 indicatur

814 1465 884 1502 nisi
913 1468 983 1502 sita
1013 1470 1085 1513 est,
1123 1467 1269 1503 condita
1305 1471 1355 1504 est
1386 1468 1483 1515 urbs,

814 1528 988 1560 monente
1009 1523 1215 1572 Schweigh.
1234 1525 1270 1560 in
1291 1522 1381 1562 Lex.
1402 1524 1483 1562 He-

812 1579 892 1615 rod.
935 1578 987 1616 Ae
1017 1579 1192 1626 πολίζειν
1220 1581 1335 1617 urbem
1355 1580 1480 1630 facere

813 1635 953 1685 aliquot
979 1635 1065 1673 locis
1093 1637 1285 1686 probavit,
1321 1641 1479 1676 notante

816 1691 846 1728 C
857 1705 882 1729 r.
898 1721 907 1736 ,
931 1692 1189 1743 Wyttenbach.
1207 1694 1475 1732 Animadverss.

814 1748 851 1785 in
872 1749 1053 1789 Plutarch.
1074 1749 1133 1787 De
1152 1750 1257 1788 Fort.
1273 1750 1376 1788 Alex.
1396 1750 1477 1802 §.V

812 1819 898 1856 pag.
923 1805 1013 1847 114.
1054 1806 1210 1857 Propius
1232 1812 1375 1858 spectat
1395 1808 1478 1844 Ho-

812 1876 901 1900 mer.
930 1862 969 1900 ΙΙ.
989 1864 1081 1910 XX,
1112 1866 1217 1904 216:
1249 1863 1333 1903 ἐπεὶ
1360 1861 1475 1903 οὔπω

800 1915 922 1966 Ἴλιος
950 1916 1018 1972 ἱρή
1043 1919 1086 1959 ἐν
1104 1920 1228 1972 πεδίῳ
1250 1917 1474 1968 πεπόλιστο,

812 1972 926 2024 πόλις
983 1972 1167 2028 μερόπων
1231 1973 1478 2029 ἀνθρώπων,

812 2034 909 2071 Add.
934 2033 972 2071 ll.
995 2034 1082 2081 VII,
1107 2034 1201 2075 453.
1234 2034 1399 2073 Imitatus
1421 2038 1479 2072 est

811 2090 933 2141 Apoll.
969 2090 1092 2128 Rhod.
1136 2091 1174 2137 I,
1225 2094 1316 2133 178.
1357 2090 1477 2133 1346.

812 2147 888 2195 ΙΙΙ,
921 2147 1040 2189 1095.
1080 2147 1153 2195 IV,
1186 2148 1295 2189 1472
1320 2148 1477 2198 Dionys.

811 2203 956 2254 Perieg.
978 2205 1074 2252 859,
1097 2204 1168 2242 alii.
1200 2204 1378 2254 Idemque
1396 2217 1480 2242 ver-

810 2261 898 2298 bum
923 2261 1187 2298 restituendum
1207 2261 1244 2298 in
1267 2262 1478 2312 inscriptio-

810 2330 857 2355 ne
880 2319 1038 2367 quadam
1058 2317 1243 2365 Philensi,
1275 2331 1384 2368 quam
1407 2331 1478 2355 nu-

809 2387 877 2425 per
894 2375 1056 2412 exhibuit
1078 2374 1238 2423 Parthey
1269 2373 1345 2426 (De
1364 2374 1476 2412 Philis

809 2431 926 2468 insula
957 2432 1108 2482 eiusque
1132 2436 1373 2469 monumentt.
1403 2431 1477 2469 Be-

808 2487 915 2525 rolin.
942 2490 1050 2530 1830
1069 2501 1156 2539 pag.
1180 2487 1250 2535 53)
1280 2488 1477 2526 accuratis-

811 2545 902 2583 sime
920 2545 1124 2596 depictam,
1154 2545 1215 2582 ubi
1236 2558 1304 2595 pro
1326 2546 1476 2583 Πτολε-

812 2602 977 2653 μαΐδος,
1015 2598 1068 2653 ἣν
1104 2601 1293 2652 ἐποίησεν
1328 2595 1474 2650 Σωτήρ

809 2658 882 2708 leg.
908 2661 1006 2705 Πτ.,
1034 2655 1088 2709 ἣν
1112 2654 1325 2698 ἐπόλισσεν.
1363 2657 1472 2694 Conf.

809 2714 998 2754 Letronne
1037 2717 1075 2753 in
1110 2713 1274 2752 Journal.
1311 2713 1345 2749 d.
1383 2714 1470 2749 Sav.

812 2774 917 2814 1831
937 2772 1060 2810 Juillet
1094 2784 1181 2822 pag.
1199 2769 1292 2810 409.
1330 2767 1388 2806 Ad
1410 2780 1470 2806 ar-

809 2833 1026 2878 gumentum
1067 2828 1136 2865 loci
1174 2826 1360 2877 pertinent
1394 2824 1472 2863 Eu-
