1863 3256
346 184 428 225 172
748 183 1227 223 HERODOT1

347 293 526 346 δέκατος
546 289 688 346 οὗτος.
719 293 862 338 Σάκαι
889 294 933 337 δὲ
953 294 1024 337 καὶ
1047 292 1237 336 Κάσπιοι
1253 291 1521 350 πεντήκοντα
1543 293 1616 336 καὶ

347 362 545 420 διηκόσια
565 364 738 420 ἀγίνεον
755 363 956 407 τάλαντα.
986 364 1119 418 ’νομὸς
1137 364 1325 420 πέμπτος
1343 365 1416 407 καὶ
1437 362 1616 415 δέκατος

318 438 341 475 4
351 430 492 487 οὗτος.

348 606 494 660 Σάκαι]
525 610 583 647 De
608 609 715 647 Sacis
735 610 889 646 diximus
906 609 954 646 ad

291 666 325 712 I,
352 669 441 706 153.
475 666 556 702 Vid.
583 666 670 712 Vll,
704 668 769 706 64.
796 668 848 707 96
873 665 954 703 coll.

291 722 354 768 Vl,
371 724 461 762 113.
484 722 548 767 IX,
563 724 628 762 71.
660 723 718 758 Ad
737 722 953 770 Scytharum

291 779 440 827 stirpem
476 778 686 828 pertinent,
734 791 826 827 quos
857 779 955 828 ipsos

291 835 467 870 Sacarum
483 834 629 871 nomine
641 835 737 884 apud
750 834 878 871 Persas
891 834 955 871 de—

291 891 427 938 signari
448 891 550 926 testis
570 892 626 927 est
646 891 857 927 Herodotus
876 890 953 937 Vll,

290 947 357 987 64.
406 945 578 996 Namque
605 946 674 983 hac
705 946 955 996 appellatione

289 1003 471 1039 communi
503 1007 686 1052 quotquot
713 1007 856 1051 gentes,
889 1015 955 1052 per

289 1059 436 1096 deserta
457 1058 517 1096 illa
542 1071 690 1108 magna,
724 1072 819 1108 quae
848 1072 868 1095 a
896 1071 954 1096 se-

287 1116 499 1166 ptentrione
526 1117 630 1163 regni
660 1116 796 1152 Persici
825 1120 953 1152 exten-

289 1173 447 1217 duntur,
477 1177 656 1220 vagantur
692 1185 793 1209 more
825 1184 952 1208 noma-

289 1229 391 1274 dum,
413 1229 674 1278 comprehendi
693 1228 863 1265 credibile
883 1235 951 1265 est.

288 1283 435 1321 Addam
466 1284 543 1331 hie,
575 1298 671 1334 quae
695 1286 828 1323 Ritter.
856 1284 952 1321 Vor-

289 1341 385 1378 halle
407 1345 475 1377 etc.
508 1354 543 1391 p.
568 1341 661 1381 264.
690 1342 770 1382 265
794 1340 953 1391 protulit,

288 1398 465 1435 Sacarum
479 1411 611 1435 nomen
634 1398 680 1434 ab
698 1398 799 1434 initio
817 1399 953 1447 proba-

288 1454 409 1491 biliter
430 1467 504 1490 non
527 1454 649 1502 gentis
671 1455 794 1499 fuisse,
815 1455 880 1491 sed
904 1455 952 1491 ad

287 1510 501 1559 religionem
522 1516 712 1560 spectasse
733 1510 953 1559 cultumque,

270 1568 341 1604 ‘ita
374 1572 413 1603 ut
443 1572 570 1618 gentes
601 1567 769 1613 hostiles,
798 1572 952 1616 septen-

290 1623 448 1661 trionem
479 1628 515 1660 et
551 1624 775 1660 occidentem
814 1636 953 1669 versus,

291 1692 388 1729 quae
414 1680 547 1716 sensim
570 1681 778 1728 sensimque
801 1681 848 1716 ad
876 1680 955 1716 Ta-

291 1737 379 1786 nain
409 1749 523 1785 usque
560 1736 819 1786 pertinuerint,
856 1749 955 1772 com-

290 1792 458 1830 munibus
495 1793 606 1829 sacris
641 1798 808 1839 utentes,
849 1805 954 1829 com—

289 1849 391 1887 muni
425 1848 601 1885 Sacarum
628 1850 796 1895 nomine,
833 1849 955 1886 vocati

291 1918 335 1943 ac
358 1905 584 1942 Gelonorum
604 1907 766 1956 stirpem,
788 1905 954 1942 Budino-

288 1975 391 2008 rum,
430 1962 730 1999 Sauromatarum
745 1991 755 2008 ,
803 1961 952 1998 aliarum

287 2018 465 2068 complexi
490 2018 634 2055 fuerint.
663 2039 718 2046 —
758 2018 832 2054 lam
868 2031 953 2055 vero

291 2073 360 2111 hoc
383 2074 565 2111 Herodoti
585 2076 664 2111 loco
686 2075 816 2111 tribum
836 2087 953 2123 quan-

291 2132 376 2167 dam
402 2131 522 2168 Persis
553 2132 737 2168 subditam
765 2132 866 2177 (cum
894 2144 951 2168 re-

289 2186 388 2236 liqua
408 2200 498 2235 gens
515 2188 606 2223 satis
624 2188 730 2224 suerit
748 2187 879 2234 libera)
897 2187 953 2223 in-

289 2243 454 2291 telligere
483 2243 624 2290 malim,
656 2257 767 2291 quam
796 2245 950 2281 Rennel.

288 2298 311 2335 l.
334 2298 355 2335 l.
386 2312 422 2348 p.
444 2299 524 2339 515
550 2301 585 2335 in
617 2300 809 2348 Sogdiana
831 2301 953 2337 orien-

289 2354 353 2391 tali
375 2355 469 2391 iutra
480 2357 683 2404 superiores
696 2357 814 2393 Oxiet
833 2357 953 2392 laxar-

289 2411 335 2447 tis
365 2412 552 2457 regiones,
582 2413 732 2448 interra
752 2412 891 2448 Kotlan
916 2417 952 2448 et

290 2468 476 2515 Saganian
499 2469 591 2503 circa
616 2468 702 2503 [mai
726 2473 867 2504 montes
889 2468 953 2504 ha-

289 2523 428 2560 bitasse
456 2528 580 2561 censet
610 2524 812 2561 Bactrianis
840 2524 951 2560 finiti-

289 2592 397 2617 mam.

353 2643 543 2696 Κάσπιοι]
560 2648 620 2685 Sic
630 2661 755 2685 omnes
770 2647 862 2694 libri,
875 2647 952 2697 pla-

291 2716 339 2742 ne
359 2708 400 2741 ut
419 2704 499 2750 Vll,
517 2706 581 2745 86.
620 2705 704 2748 Quo
725 2709 879 2753 utroque
898 2703 951 2739 lo-

291 2773 334 2798 co
367 2773 470 2807 cum,
500 2761 562 2810 qui
592 2773 702 2811 supra
731 2760 804 2806 ΙΙΙ,
828 2762 881 2799 92
912 2766 950 2797 et

291 2816 372 2866 Vll,
396 2818 450 2857 97
474 2821 652 2855 vocantur
675 2817 814 2868 Caspii,
842 2816 948 2854 intel-

552 435 732 490 Πάρθοι
762 435 828 485 δὲ,
868 435 942 478 καὶ
970 434 1240 491 Χοράσμιοι,
1278 435 1350 479 καὶ
1379 434 1545 491 Σόγδοι
1574 441 1672 479 τε75

1011 609 1073 658 ligi
1100 615 1306 659 nequeant,
1336 610 1439 649 Reiz.
1471 610 1610 660 (Praef.
1632 623 1671 661 p.

1011 666 1096 703 xvi
1126 667 1223 715 seq.)
1251 670 1406 704 correxit
1437 663 1670 716 Κςὶσπειροι,

1012 723 1191 772 Stephani
1202 723 1291 772 1352.
1306 725 1523 760 auctoritate
1544 725 1671 770 fretus,

1011 778 1074 826 qui
1096 791 1138 815 ex
1160 778 1338 816 Herodoti
1359 780 1448 817 libro
1468 781 1574 817 tertio
1590 774 1671 817 Κά-

1013 846 1186 884 σπειρον,
1219 836 1432 872 Parthorum
1456 837 1593 881 urbem,
1613 835 1672 872 ln-

1013 890 1096 927 diae
1121 891 1307 928 finitimam
1334 894 1433 928 citat.
1491 891 1671 929 Rennelio

1011 945 1068 981 l.1.
1087 959 1172 994 pag.
1193 949 1275 987 516
1294 953 1328 984 et
1347 947 1530 985 Larchero
1551 948 1671 985 casios

1010 1001 1214 1051 intelligere
1234 1002 1376 1052 placuit,
1397 1016 1424 1039 s.
1447 1004 1582 1040 incolas
1595 1005 1670 1040 eius

1009 1059 1183 1107 regionis,
1207 1071 1301 1107 quae
1325 1060 1456 1098 Κασία
1480 1056 1586 1110 χώρα
1606 1058 1672 1096 Vo-

1009 1120 1112 1152 catur
1130 1115 1228 1164 apud
1252 1115 1405 1153 Ptolem.
1426 1116 1490 1162 Vl,
1516 1117 1580 1163 15,
1602 1116 1673 1152 Sa-

1010 1172 1059 1209 cis
1070 1177 1106 1208 et
1118 1172 1317 1220 Sogdianis
1328 1173 1562 1219 contermina,
1577 1184 1672 1209 nunc

1009 1229 1155 1277 cognita
1185 1229 1331 1266 nomine
1359 1229 1531 1277 Kashgur
1559 1233 1595 1266 et
1623 1229 1673 1266 ad

1008 1284 1225 1321 Buchariam
1257 1285 1433 1322 minorem
1468 1286 1671 1335 pertinens.

1010 1341 1068 1379 De
1098 1340 1223 1377 incolis
1255 1341 1409 1378 Caucasi
1450 1342 1562 1378 Indici
1598 1353 1673 1378 non

1009 1397 1120 1446 longe
1144 1398 1292 1434 remotis
1313 1398 1359 1434 ab
1383 1398 1471 1435 urbe
1490 1399 1672 1448 Caspaty-

1009 1467 1064 1500 ro,
1094 1454 1161 1501 (de
1193 1466 1265 1501 qua
1290 1454 1363 1490 vid.
1392 1455 1439 1490 ad
1470 1454 1540 1501 ΙΙΙ,
1573 1456 1673 1502 102)

1010 1511 1147 1559 cogitat
1173 1509 1392 1547 Maltebrun.
1417 1510 1437 1546 l.
1462 1510 1483 1547 l.
1512 1524 1548 1560 p.
1576 1509 1671 1551 341.

1068 1562 1187 1615 νομὸς
1216 1565 1392 1616 πέμπτος
1413 1565 1480 1604 καὶ
1510 1565 1672 1613 δέκατος

1013 1617 1142 1672 οὗτος]
1166 1621 1366 1671 Asatrapia
1385 1623 1526 1660 decima
1546 1623 1674 1672 quinta

1011 1680 1097 1716 inde
1119 1684 1225 1715 notat
1247 1678 1416 1716 Maltebr.
1438 1679 1460 1716 l.
1480 1678 1502 1715 Ι.
1533 1693 1568 1729 p.
1589 1681 1668 1719 341

1012 1736 1320 1774 enumerationem
1333 1736 1433 1785 sequi
1452 1748 1573 1773 earum
1586 1749 1673 1786 pro-

1012 1793 1222 1837 vinciarum,
1254 1805 1348 1840 quae
1375 1805 1396 1828 a
1426 1792 1524 1840 Cyro
1553 1793 1589 1829 in
1616 1793 1672 1829 in-

1011 1849 1135 1886 teriori
1174 1848 1258 1885 Asia
1294 1849 1514 1897 acquisitae,
1557 1848 1671 1886 serius

1008 1905 1201 1943 Persarum
1225 1918 1339 1953 regno
1360 1905 1432 1941 sint
1451 1905 1629 1947 adiectae.

1068 1969 1234 2022 Πάρθοι
1275 1971 1316 2010 δὲ
1347 1970 1413 2010 καὶ
1446 1966 1672 2023 Χοράσμιοι

1011 2028 1079 2068 καὶ
1092 2027 1240 2080 Σόγδοι
1253 2043 1291 2067 τε
1309 2025 1550 2079 καῖ’Ἀρειοι]
1564 2028 1671 2072 Quae

1009 2086 1067 2123 hic
1110 2090 1357 2123 memorantur
1395 2090 1551 2134 gentes,
1590 2083 1670 2121 coll.

1008 2143 1088 2188 vll,
1111 2145 1176 2182 61.
1198 2140 1264 2181 64.
1287 2144 1354 2188 66,
1385 2154 1453 2179 eae
1474 2153 1600 2178 omnes
1617 2141 1671 2176 iu-

1010 2200 1088 2236 dice
1107 2198 1261 2236 Rennel.
1288 2212 1323 2248 p.
1345 2198 1426 2238 512
1450 2199 1554 2234 unius
1575 2196 1671 2232 eius-

1009 2256 1093 2292 dem
1115 2262 1198 2292 sunt
1217 2256 1339 2304 stirpis
1351 2267 1372 2291 a
1386 2253 1505 2289 Media
1519 2257 1668 2301 septen-

1009 2312 1164 2349 trionem
1186 2315 1222 2349 et
1242 2311 1417 2348 orientem
1441 2322 1563 2346 versus
1583 2321 1670 2356 pro-

1010 2375 1188 2418 pagatae,
1220 2367 1406 2403 meridiem
1429 2377 1550 2402 versus
1575 2365 1669 2401 iutra

1011 2424 1212 2460 Caucasum
1247 2427 1284 2459 et
1315 2422 1489 2459 Taurum.
1551 2420 1671 2468 Sogdi

1010 2480 1103 2515 intra
1135 2484 1249 2515 Oxum
1280 2485 1317 2514 et
1353 2478 1528 2514 laxartem
1559 2489 1602 2513 ea
1631 2478 1668 2514 in

1010 2540 1120 2581 terra,
1145 2549 1239 2584 quae
1260 2548 1355 2570 nunc
1376 2539 1521 2569 vocatur
1539 2533 1668 2581 Soghd

1010 2604 1038 2627 s.
1059 2591 1302 2636 Samarkaud,
1319 2590 1549 2635 habitabant3
1578 2589 1668 2626 Cho-

1008 2650 1134 2683 rasmic'
1161 2648 1197 2683 in
1221 2659 1285 2694 ea,
1321 2647 1375 2683 cui
1412 2659 1507 2683 nunc
1535 2658 1668 2683 nomen

1009 2704 1263 2748 Chowaresin3
1296 2704 1383 2741 Arii
1409 2703 1563 2739 interra
1589 2701 1669 2739 He·-

1006 2764 1084 2805 rat,
1107 2760 1229 2796 Parthi
1250 2765 1383 2796 tractus
1400 2763 1586 2795 montosos
1611 2758 1669 2794 in-

1005 2820 1062 2854 tra
1084 2816 1319 2865 Hyrcaniam,
1349 2815 1592 2865 Margianam,
1619 2812 1668 2851 A·
