1863 3256
390 162 474 201 552
787 156 1257 198 HERODOTI

396 284 487 318 τοι,
518 266 575 311 ου’
601 267 684 322 γαρ
716 267 832 322 εἶχον
861 267 886 310 ὅ
915 283 955 309 τι
985 268 1164 310 ποιέωσι
1193 263 1318 315 ἄλλο,
1351 263 1487 309 ὀπίσω
1519 264 1649 309 ἀπαλ-

367 337 613 381 4λάσσοντο
653 338 695 388 ἐς
727 337 805 391 τὴν
840 336 999 391 Θήρην.
1058 339 1100 380 οἱ
1129 337 1174 379 δὲ
1207 339 1390 390 Θηραῖοι
1418 337 1650 391 καταγομέ-

396 425 501 460 νους
531 409 736 464 ἔβαλλον,
764 407 837 448 καὶ
867 405 948 448 οὐκ
980 406 1062 448 ἔων
1089 410 1142 463 τῇ
1169 409 1227 462 γῇ
1254 407 1522 460 προσίσχειν,
1555 405 1648 449 ἀλλ’
1663 415 1706 447 10

365 477 534 523 ὅόπίσω
585 475 744 519 πλώειν
791 476 1002 519 ἐκέλευον.
1077 478 1119 519 οῑ
1169 477 1236 527 δὲ,
1300 476 1652 531 ἀναγκαζόμενοι,

397 547 532 592 ὀπίσω
564 545 812 589 ἀπέπλωον
843 548 917 590 καὶ
946 548 1117 590 ἔκτισαν
1143 550 1280 602 νῆσον
1310 547 1378 590 ἐπὶ
1397 547 1540 603 Λιβύῃ
1569 563 1653 590 κει-

396 618 553 673 μένην,
592 620 645 671 τῇ
687 616 879 671 οὕνομα,
919 618 977 668 ὦς
1013 619 1085 661 καὶ
1120 617 1331 671 πρότερον
1361 619 1525 673 εἰρέθη,
1565 618 1653 661 ἐστὶ

396 686 580 730 Πλατέα.
637 685 801 741 λέγεται
837 688 882 730 δὲ
912 689 981 744 ἴση
1013 687 1124 732 εἶναι
1154 687 1179 745 ἡ
1209 692 1341 744 νῆσος
1369 693 1422 746 τῇ
1451 693 1534 732 νῦν
1563 693 1652 732 Kv-

396 759 589 813 ρηναίων
611 756 726 800 πόλι.

512 827 686 883 Ταύτην
724 828 939 878 οἰκέοντες
979 829 1060 872 δύο
1102 829 1218 880 ἔτεα,
1267 827 1396 872 οὐδὲν
1437 828 1521 884 γάρ
1564 841 1641 884 σφι
1659 837 1701 874 15

398 898 584 954 χρηστόν
621 899 902 954 συνεφέρετο,
944 899 1020 941 ἕνα
1059 898 1206 943 αὐτῶν
1243 899 1572 953 καταλιπόντες,
1613 902 1657 943 οἱ

368 969 546 1012 Ξλοιποὶ
574 968 729 1020 πάντες
759 968 972 1012 ἀπέπλεον
1004 971 1044 1020 ές
1063 970 1279 1026 Δελφούς.
1329 969 1586 1025 ἀπικόμενοι
1611 972 1661 1015 δὲ

397 1039 468 1082 ἐπὶ
505 1038 553 1083 τό
592 1039 874 1096 χρηστήριον,
917 1041 1150 1095 ἐχρέωντο,
1191 1039 1380 1097 φάμενοι
1420 1041 1576 1085 οἰκέειν
1612 1059 1657 1086 τε

393 1110 473 1166 τὴν
501 1109 693 1167 Λιβύην,
723 1111 797 1153 καὶ
827 1108 956 1154 οὐδὲν
987 1110 1166 1166 ἄμεινον
1195 1111 1403 1166 πρήσσειν
1433 1114 1657 1165 οἰκεῦντες.

362 1179 420 1237 3ἡ
449 1182 494 1224 δὲ
525 1184 677 1238 Πυθίη
706 1193 786 1238 σφι
815 1181 922 1236 πρὸς
951 1186 1086 1225 ταῦτα
1115 1185 1196 1240 χρᾷ
1225 1180 1348 1225 τάδε·
1669 1190 1716 1224 20

241 833 338 876 15Ί

66 897 193 924 Biennio
212 901 276 930 post
295 905 342 922 co-

67 931 137 961 loni,
157 932 190 964 Ρ)
201 932 261 957 thia
274 938 341 956 cou-

66 966 144 990 κιιΙιει
171 966 199 990 iu
219 964 339 997 Libyam

65 998 245 1030 transgressi
274 996 340 1023 Azi-

66 1031 113 1057 riu
128 1030 274 1059 habitant.

525 1271 573 1305 Αἰ
593 1270 635 1306 τὺ
663 1269 747 1314 ἐμεῦ
772 1269 916 1315 Λιβύην
938 1270 1174 1315 μηλοτρόφον
1198 1269 1303 1311 οἶδας
1328 1268 1488 1314 ἄμεινον,

523 1330 573 1375 μὴ
601 1329 722 1366 ἐλθών
745 1329 941 1373 ἐλθόντος,
968 1328 1062 1375 ἄγαν
1086 1328 1227 1377 ἄγαμαι
1249 1334 1384 1376 σοφίην
1409 1343 1481 1367 σευ.

305 1497 307 1500 ·
342 1484 448 1520 codd.
480 1479 717 1531 α’πέπλωον,
759 1484 819 1521 ubi
847 1497 920 1521 una
936 1482 1000 1520 Al-

342 1541 429 1576 dina
479 1535 698 1586 ἆπέπλεον,
766 1541 1000 1578 Florentinus

343 1591 595 1634 οἷπέπλωσαν.
646 1597 756 1634 Unde
779 1597 864 1633 satis
884 1601 1001 1646 patet,

341 1664 389 1689 ne
407 1653 443 1688 in
467 1652 522 1688 his
543 1653 690 1701 quidem
707 1653 831 1690 formis
850 1654 1002 1703 scripto-

341 1721 417 1745 rem
439 1708 614 1746 Nostrum
644 1710 712 1746 sibi
739 1722 888 1759 prorsus
915 1721 1004 1745 con-

343 1769 441 1802 stare
479 1778 663 1815 unamque
696 1765 798 1813 sequi
839 1778 1001 1802 normam

343 1822 583 1870 eandemque.
614 1842 668 1849 —
697 1821 756 1858 Ad
782 1822 892 1859 verba
916 1817 1001 1860 ὀπί-

344 1888 400 1915 σω
449 1872 748 1916 ἄπαλλοῖσσοντο
797 1882 832 1914 et
877 1872 1001 1916 ὀπίσω

345 1929 558 1972 ἀπέπλωον
590 1934 655 1982 (cf.
684 1933 758 1981 lv,
784 1933 884 1980 157)
910 1934 1003 1971 conf.

345 1994 438 2027 nott.
466 1990 515 2026 ad
537 1990 609 2037 111,
647 1993 711 2031 16.
735 2012 786 2017 ——-
845 1991 1005 2027 Verbum

345 2046 570 2097 προσίσχειν
587 2047 772 2095 attigimus
794 2047 841 2084 ad
861 2046 923 2093 IV,
939 2049 1004 2087 76.

404 2101 445 2140 οἱ
463 2100 505 2141 δὲ
527 2104 696 2152 Θηραῖοι
714 2101 1006 2154 καταγομένους

347 2157 528 2210 ἔβαλλον]
560 2160 671 2202 Quod
689 2172 777 2196 sane
800 2160 1006 2197 consentire

349 2228 427 2251 cum
449 2216 513 2262 iis,
543 2228 637 2264 quae
658 2216 705 2252 de
722 2216 901 2252 discessus
923 2228 1008 2252 cau-

349 2282 389 2306 sa
409 2283 429 2307 e
449 2271 615 2308 Menecle
642 2284 752 2321 supra
781 2271 888 2309 allata
910 2276 1006 2314 sunt,

348 2331 473 2363 monet
500 2327 844 2365 Raonl-Rochette
866 2328 888 2364 l.
910 2329 933 2365 l.
956 2328 1006 2364 111

348 2393 434 2431 pag.
455 2384 551 2421 261.
575 2405 625 2410 —
644 2383 732 2419 Mox
752 2397 831 2420 cum
851 2388 1005 2421 recentt.

350 2438 435 2476 edd.
468 2437 612 2474 exhibui
642 2437 780 2488 εἰρέθη
810 2453 875 2488 pro
908 2439 1003 2488 vulg.

350 2488 530 2542 ἒῤῥήθη,
561 2494 659 2529 cuius
678 2494 758 2530 loeo
774 2495 1004 2532 Florentinus

350 2549 493 2587 exhibet
529 2544 670 2598 ἤρε’θη.
730 2550 788 2586 Ἱίι
817 2552 911 2586 cons.
942 2550 1004 2596 lv,

351 2608 416 2646 77.
443 2605 506 2654 VI,
526 2606 586 2646 15.
617 2605 696 2650 VH,
719 2604 808 2644 154.
840 2606 1005 2642 Eustath.

353 2661 399 2698 ad
422 2662 556 2709 Odyss.
586 2675 621 2711 p.
640 2661 761 2707 1540,
791 2664 842 2701 12
861 2674 888 2697 s,
912 2664 1008 2707 5230,

352 2719 418 2757 32.
459 2718 497 2754 ln
520 2718 671 2754 Platone
692 2730 787 2753 nunc
807 2730 873 2767 pro
900 2716 1008 2766 ε’(ἶρέ-

352 2777 410 2823 θη
441 2774 704 2821 Schneider-us,
737 2774 836 2810 cuius
860 2775 1008 2824 copiosa

1057 1487 1175 1522 exstat
1205 1483 1394 1521 annotatio
1419 1484 1467 1520 ad
1493 1484 1599 1522 Polit.
1622 1486 1656 1522 V
1673 1500 1710 1536 p.

1058 1540 1139 1581 450
1161 1540 1226 1586 (T.
1253 1539 1285 1576 11
1313 1552 1350 1585 p.
1373 1539 1441 1587 5),
1470 1542 1629 1579 restituit
1650 1541 1713 1593 ἒῤ-

1059 1593 1181 1645 ῥήθη.
1212 1595 1270 1634 De
1288 1593 1418 1632 Platea
1439 1596 1557 1634 insula
1574 1598 1646 1636 dixi
1665 1599 1714 1636 ad

1058 1652 1122 1701 lv,
1148 1651 1240 1693 151.

1242 1708 1273 1745 C
1287 1720 1355 1758 ap.
1387 1708 1535 1747 CLVII.

1115 1764 1172 1804 Αἰ
1191 1761 1237 1803 τῦ
1260 1779 1294 1802 κ.
1314 1780 1346 1802 τ.
1366 1764 1414 1813 λ.]
1457 1767 1478 1804 i.
1509 1780 1541 1803 e.
1574 1765 1622 1803 Si
1641 1765 1721 1813 Tu,

1059 1823 1122 1872 qui
1159 1822 1221 1868 (in
1256 1820 1436 1871 Libyam)
1468 1835 1534 1858 uon
1569 1825 1716 1870 veneris,

1060 1878 1183 1915 melius
1200 1881 1304 1926 atque
1324 1889 1407 1926 ego,
1439 1881 1500 1928 qui
1524 1876 1593 1928 (eo)
1615 1892 1716 1916 vene-

1062 1937 1150 1982 rim,
1179 1935 1271 1970 nosti
1290 1932 1466 1984 Libyam,
1496 1935 1600 1971 valde
1618 1938 1716 1985 equi-

1062 1991 1137 2028 dem
1189 1991 1296 2026 miror
1344 1994 1441 2027 tuam
1494 1993 1716 2042 sapientiam.

1062 2048 1165 2084 Idem
1217 2046 1399 2083 oraculum
1445 2052 1566 2085 exstat
1617 2048 1716 2098 apud

1062 2102 1242 2141 Plutarch.
1265 2104 1364 2154 Opp.
1383 2102 1416 2140 ll
1442 2117 1478 2154 p.
1501 2104 1582 2144 408
1606 2104 1650 2141 A.
1674 2118 1713 2155 p.

1064 2162 1146 2200 670
1173 2159 1359 2207 wyttenb.
1376 2188 1387 2206 ‚
1426 2173 1532 2208 quem
1565 2159 1658 2197 conf.
1678 2162 1716 2196 in

1062 2219 1154 2252 nott.
1177 2217 1293 2262 critt.,
1333 2216 1392 2252 ubi
1417 2217 1618 2253 invenimus
1639 2219 1716 2254 Λι-

1062 2267 1168 2323 βύαν
1203 2268 1450 2322 μαλοτρόφον
1489 2275 1527 2308 et
1571 2267 1718 2317 οἶσθας

1064 2325 1200 2378 ἄρειον
1220 2341 1285 2377 pro
1305 2325 1416 2373 οἶδας
1441 2324 1627 2376 ἄμεινον,
1658 2341 1717 2366 re-

1062 2384 1158 2433 liqua
1177 2384 1525 2420 omniaHerodoteis
1542 2397 1716 2432 congrua.

1064 2463 1115 2467 —
1137 2440 1240 2485 „Ore
1258 2439 1409 2488 loquens
1433 2439 1553 2475 lonico
1569 2440 1718 2487 Noster,

1061 2495 1357 2543 quandoquidem
1403 2495 1532 2532 Dorica
1570 2509 1718 2545 quoque

1063 2551 1164 2588 dedit
1192 2551 1226 2586 iu
1257 2550 1400 2587 oraculo
1435 2553 1602 2599 sequenti
1636 2565 1716 2602 cap.

1067 2607 1169 2651 159,
1208 2607 1365 2643 sortasse,
1399 2620 1444 2644 ne
1480 2608 1537 2644 hic
1570 2608 1717 2657 quidem

1063 2662 1233 2699 Doricum
1265 2664 1300 2699 iu
1332 2659 1494 2713 Λιβύαν
1528 2659 1718 2713 μαλοτρό-

1066 2733 1146 2766 φον
1198 2720 1393 2756 evitaverat
1435 2716 1716 2770 πλατειασμὸνς

1065 2775 1159 2811 sicut
1178 2774 1220 2813 αι’
1237 2788 1304 2826 pro
1326 2775 1380 2822 εἰ,
1413 2776 1450 2813 in
1470 2775 1614 2813 Doricis
1634 2776 1718 2814 reli-
