<?xml version="1.0" encoding="UTF-8"?>
<!DOCTYPE html PUBLIC "-//W3C//DTD XHTML 1.0 Transitional//EN"
    "http://www.w3.org/TR/xhtml1/DTD/xhtml1-transitional.dtd">
<html xmlns="http://www.w3.org/1999/xhtml" xml:lang="en" lang="en">
 <head>
  <title>
</title>
<meta http-equiv="Content-Type" content="text/html;charset=utf-8" />
  <meta name='ocr-system' content='tesseract 3.04.00' />
  <meta name='ocr-capabilities' content='ocr_page ocr_carea ocr_par ocr_line ocrx_word'/>
</head>
<body>
  <div class='ocr_page' id='page_1' title='image "./musaeher02hero/musaeher02hero_0217.png"; bbox 0 0 1863 3256; ppageno 0'>
   <div class='ocr_carea' id='block_1_1' title="bbox 541 237 1418 284">
    <p class='ocr_par' dir='ltr' id='par_1_1' title="bbox 541 237 1418 284">
     <span class='ocr_line' id='line_1_1' title="bbox 541 237 1418 284; baseline 0.001 -1"><span class='ocrx_word' id='word_1_1' title='bbox 541 237 888 283; x_wconf 87' lang='lat' dir='ltr'><strong>THALIA.</strong></span> <span class='ocrx_word' id='word_1_2' title='bbox 949 239 1012 278; x_wconf 84' lang='grc' dir='ltr'><em>ΠΙ.</em></span> <span class='ocrx_word' id='word_1_3' title='bbox 1333 244 1418 284; x_wconf 83' lang='lat'><em>205</em></span> 
     </span>
    </p>
   </div>
   <div class='ocr_carea' id='block_1_2' title="bbox 0 347 1764 1409">
    <p class='ocr_par' dir='ltr' id='par_1_2' title="bbox 0 347 1764 1409">
     <span class='ocr_line' id='line_1_2' title="bbox 141 347 1420 406; baseline -0.008 -4"><span class='ocrx_word' id='word_1_4' title='bbox 141 374 233 402; x_wconf 92' lang='grc' dir='ltr'><em>νων</em></span> <span class='ocrx_word' id='word_1_5' title='bbox 265 355 339 400; x_wconf 83' lang='grc' dir='ltr'><em>καὶ</em></span> <span class='ocrx_word' id='word_1_6' title='bbox 366 357 454 398; x_wconf 77' lang='grc' dir='ltr'><em>τῶν</em></span> <span class='ocrx_word' id='word_1_7' title='bbox 479 351 623 396; x_wconf 77' lang='grc' dir='ltr'><em>ἄλλων</em></span> <span class='ocrx_word' id='word_1_8' title='bbox 651 349 905 406; x_wconf 77' lang='grc' dir='ltr'><em>ὑποζυγίων</em></span> <span class='ocrx_word' id='word_1_9' title='bbox 934 347 989 392; x_wconf 76' lang='grc' dir='ltr'><em>τα</em></span> <span class='ocrx_word' id='word_1_10' title='bbox 1017 347 1147 405; x_wconf 86' lang='grc' dir='ltr'><em>μέλεα</em></span> <span class='ocrx_word' id='word_1_11' title='bbox 1177 348 1420 404; x_wconf 81' lang='grc' dir='ltr'><em>διαταμόν-</em></span> 
     </span>
     <span class='ocr_line' id='line_1_3' title="bbox 142 418 1422 481; baseline -0.006 -12"><span class='ocrx_word' id='word_1_12' title='bbox 142 446 220 480; x_wconf 82' lang='grc' dir='ltr'><em>τας</em></span> <span class='ocrx_word' id='word_1_13' title='bbox 250 428 310 479; x_wconf 74' lang='grc' dir='ltr'><em>ὥς</em></span> <span class='ocrx_word' id='word_1_14' title='bbox 335 425 532 481; x_wconf 86' lang='grc' dir='ltr'><em>μέγιστα,</em></span> <span class='ocrx_word' id='word_1_15' title='bbox 572 424 766 479; x_wconf 81' lang='grc' dir='ltr'><strong><em>κομίζειν</em></strong></span> <span class='ocrx_word' id='word_1_16' title='bbox 803 422 846 473; x_wconf 83' lang='grc' dir='ltr'><em>ἐς</em></span> <span class='ocrx_word' id='word_1_17' title='bbox 876 425 1012 464; x_wconf 89' lang='grc' dir='ltr'><em>ταῦτα</em></span> <span class='ocrx_word' id='word_1_18' title='bbox 1042 418 1094 462; x_wconf 78' lang='grc' dir='ltr'><em>τὰ</em></span> <span class='ocrx_word' id='word_1_19' title='bbox 1131 419 1289 474; x_wconf 81' lang='grc' dir='ltr'><em>χωρία·</em></span> <span class='ocrx_word' id='word_1_20' title='bbox 1348 421 1422 462; x_wconf 79' lang='grc' dir='ltr'><em>καί</em></span> 
     </span>
     <span class='ocr_line' id='line_1_4' title="bbox 145 488 1421 556; baseline -0.009 -12"><span class='ocrx_word' id='word_1_21' title='bbox 145 513 257 556; x_wconf 84' lang='grc' dir='ltr'><em>σφεα</em></span> <span class='ocrx_word' id='word_1_22' title='bbox 285 497 442 545; x_wconf 80' lang='grc' dir='ltr'><strong><em>θέντας</em></strong></span> <span class='ocrx_word' id='word_1_23' title='bbox 475 491 614 550; x_wconf 85' lang='grc' dir='ltr'><em>α’γχοῦ</em></span> <span class='ocrx_word' id='word_1_24' title='bbox 643 497 731 537; x_wconf 80' lang='grc' dir='ltr'><em>τῶν</em></span> <span class='ocrx_word' id='word_1_25' title='bbox 760 492 1017 543; x_wconf 83' lang='grc' dir='ltr'>νεοσσιέων,</span> <span class='ocrx_word' id='word_1_26' title='bbox 1063 488 1421 533; x_wconf 72' lang='grc' dir='ltr'><em>ἀπαλλάσσεσθαι</em></span> 
     </span>
     <span class='ocr_line' id='line_1_5' title="bbox 143 560 1420 622; baseline -0.009 -8"><span class='ocrx_word' id='word_1_27' title='bbox 143 572 242 622; x_wconf 78' lang='grc' dir='ltr'><em>ἑκὰς</em></span> <span class='ocrx_word' id='word_1_28' title='bbox 281 565 466 611; x_wconf 79' lang='grc' dir='ltr'><em>αὐτέων·</em></span> <span class='ocrx_word' id='word_1_29' title='bbox 513 565 590 616; x_wconf 78' lang='grc' dir='ltr'><em>τὰς</em></span> <span class='ocrx_word' id='word_1_30' title='bbox 627 566 673 609; x_wconf 80' lang='grc' dir='ltr'><em>δὲ</em></span> <span class='ocrx_word' id='word_1_31' title='bbox 720 565 905 619; x_wconf 81' lang='grc' dir='ltr'><em>ὄρνιθας</em></span> <span class='ocrx_word' id='word_1_32' title='bbox 944 561 1314 617; x_wconf 84' lang='grc' dir='ltr'><em>καταπετομένας,</em></span> <span class='ocrx_word' id='word_1_33' title='bbox 1366 560 1420 604; x_wconf 77' lang='grc' dir='ltr'><em>τοὶ</em></span> 
     </span>
     <span class='ocr_line' id='line_1_6' title="bbox 141 631 1479 692; baseline -0.009 -7"><span class='ocrx_word' id='word_1_34' title='bbox 141 647 229 687; x_wconf 78' lang='grc' dir='ltr'><em>τῶν</em></span> <span class='ocrx_word' id='word_1_35' title='bbox 258 637 509 692; x_wconf 81' lang='grc' dir='ltr'><em>ὑποζυγίων</em></span> <span class='ocrx_word' id='word_1_36' title='bbox 539 637 668 692; x_wconf 87' lang='grc' dir='ltr'><em>μέλεα</em></span> <span class='ocrx_word' id='word_1_37' title='bbox 698 635 967 692; x_wconf 75' lang='grc' dir='ltr'><em>ἀναφορέειν</em></span> <span class='ocrx_word' id='word_1_38' title='bbox 997 635 1066 678; x_wconf 81' lang='grc' dir='ltr'><em>ἐπὶ</em></span> <span class='ocrx_word' id='word_1_39' title='bbox 1096 632 1173 685; x_wconf 79' lang='grc' dir='ltr'><em>τοὶς</em></span> <span class='ocrx_word' id='word_1_40' title='bbox 1201 631 1418 683; x_wconf 85' lang='grc' dir='ltr'><em>νεοσσιάς·</em></span> <span class='ocrx_word' id='word_1_41' title='bbox 1438 639 1479 673; x_wconf 88' lang='lat'><em>15</em></span> 
     </span>
     <span class='ocr_line' id='line_1_7' title="bbox 140 704 1423 764; baseline -0.008 -8"><span class='ocrx_word' id='word_1_42' title='bbox 140 712 217 763; x_wconf 74' lang='grc' dir='ltr'><em>τοὶς</em></span> <span class='ocrx_word' id='word_1_43' title='bbox 247 710 315 760; x_wconf 78' lang='grc' dir='ltr'><em>δὲ,</em></span> <span class='ocrx_word' id='word_1_44' title='bbox 354 707 408 752; x_wconf 79' lang='grc' dir='ltr'><em>οὐ</em></span> <span class='ocrx_word' id='word_1_45' title='bbox 449 708 696 762; x_wconf 80' lang='grc' dir='ltr'><em>δυναμένας</em></span> <span class='ocrx_word' id='word_1_46' title='bbox 737 710 890 764; x_wconf 77' lang='grc' dir='ltr'><em>ἴσχειν,</em></span> <span class='ocrx_word' id='word_1_47' title='bbox 931 704 1324 762; x_wconf 74' lang='grc' dir='ltr'><em>καταρρήγνυσθαι</em></span> <span class='ocrx_word' id='word_1_48' title='bbox 1355 704 1423 747; x_wconf 78' lang='grc' dir='ltr'><em>ἐπὶ</em></span> 
     </span>
     <span class='ocr_line' id='line_1_8' title="bbox 140 774 1422 840; baseline -0.005 -15"><span class='ocrx_word' id='word_1_49' title='bbox 140 787 247 840; x_wconf 83' lang='grc' dir='ltr'><em>γῆν·</em></span> <span class='ocrx_word' id='word_1_50' title='bbox 306 780 410 831; x_wconf 74' lang='grc' dir='ltr'><em>τοὺς</em></span> <span class='ocrx_word' id='word_1_51' title='bbox 442 780 509 828; x_wconf 80' lang='grc' dir='ltr'><em>δὲ,</em></span> <span class='ocrx_word' id='word_1_52' title='bbox 540 777 765 832; x_wconf 79' lang='grc' dir='ltr'><em>ἐπιόντας,</em></span> <span class='ocrx_word' id='word_1_53' title='bbox 799 777 1018 834; x_wconf 80' lang='grc' dir='ltr'><em>συλλέγειν</em></span> <span class='ocrx_word' id='word_1_54' title='bbox 1051 776 1165 820; x_wconf 83' lang='grc' dir='ltr'><em>οὕτω</em></span> <span class='ocrx_word' id='word_1_55' title='bbox 1195 776 1243 820; x_wconf 82' lang='grc' dir='ltr'><em>τό</em></span> <span class='ocrx_word' id='word_1_56' title='bbox 1275 774 1422 821; x_wconf 84' lang='grc' dir='ltr'><em>κιννά-</em></span> 
     </span>
     <span class='ocr_line' id='line_1_9' title="bbox 143 846 1422 911; baseline -0.005 -14"><span class='ocrx_word' id='word_1_57' title='bbox 143 869 314 911; x_wconf 87' lang='grc' dir='ltr'><em>μωμον·</em></span> <span class='ocrx_word' id='word_1_58' title='bbox 360 850 677 908; x_wconf 76' lang='grc' dir='ltr'><em>συλλεγόμενον</em></span> <span class='ocrx_word' id='word_1_59' title='bbox 707 851 753 895; x_wconf 78' lang='grc' dir='ltr'><em>δὲ</em></span> <span class='ocrx_word' id='word_1_60' title='bbox 784 850 830 894; x_wconf 79' lang='grc' dir='ltr'><em>ἐκ</em></span> <span class='ocrx_word' id='word_1_61' title='bbox 860 849 1031 893; x_wconf 88' lang='grc' dir='ltr'><em>τούτων</em></span> <span class='ocrx_word' id='word_1_62' title='bbox 1065 847 1348 892; x_wconf 76' lang='grc' dir='ltr'><em>ἀπικνέεσθαι</em></span> <span class='ocrx_word' id='word_1_63' title='bbox 1378 846 1422 899; x_wconf 80' lang='grc' dir='ltr'><em>ἐς</em></span> 
     </span>
     <span class='ocr_line' id='line_1_10' title="bbox 0 919 1759 991; baseline -0.014 -11"><span class='ocrx_word' id='word_1_64' title='bbox 0 933 95 980; x_wconf 87' lang='grc'><em>112</em></span> <span class='ocrx_word' id='word_1_65' title='bbox 141 925 218 977; x_wconf 78' lang='grc' dir='ltr'><em>τοὶς</em></span> <span class='ocrx_word' id='word_1_66' title='bbox 248 923 379 974; x_wconf 78' lang='grc' dir='ltr'><em>ἄλλας</em></span> <span class='ocrx_word' id='word_1_67' title='bbox 409 922 565 978; x_wconf 78' lang='grc' dir='ltr'><em>χώρας.</em></span> <span class='ocrx_word' id='word_1_68' title='bbox 629 922 689 966; x_wconf 84' lang='grc' dir='ltr'>Τὸ</span> <span class='ocrx_word' id='word_1_69' title='bbox 721 923 767 966; x_wconf 80' lang='grc' dir='ltr'><em>δὲ</em></span> <span class='ocrx_word' id='word_1_70' title='bbox 796 921 849 978; x_wconf 83' lang='grc' dir='ltr'><em>δὴ</em></span> <span class='ocrx_word' id='word_1_71' title='bbox 880 919 1095 977; x_wconf 77' lang='grc' dir='ltr'><em>λήδανον,</em></span> <span class='ocrx_word' id='word_1_72' title='bbox 1126 919 1174 962; x_wconf 86' lang='grc' dir='ltr'><em>τὸ</em></span> <span class='ocrx_word' id='word_1_73' title='bbox 1205 920 1633 979; x_wconf 52' lang='grc' dir='ltr'><em>καλέουσιὲοῐιιᾱψωηι</em></span> <span class='ocrx_word' id='word_1_74' title='bbox 1657 930 1759 991; x_wconf 68' lang='lat' dir='ltr'><em>b³i1¹³¹⁸</em></span> 
     </span>
     <span class='ocr_line' id='line_1_11' title="bbox 138 970 1760 1060; baseline -0.007 -19"><span class='ocrx_word' id='word_1_75' title='bbox 138 996 333 1054; x_wconf 75' lang='grc' dir='ltr'><em>Ἀράβιοι</em></span> <span class='ocrx_word' id='word_1_76' title='bbox 369 995 583 1043; x_wconf 81' lang='grc' dir='ltr'><em>λάδανον,</em></span> <span class='ocrx_word' id='word_1_77' title='bbox 624 995 684 1038; x_wconf 77' lang='grc' dir='ltr'><em>ἔτι</em></span> <span class='ocrx_word' id='word_1_78' title='bbox 720 992 882 1036; x_wconf 83' lang='grc' dir='ltr'><em>τούτου</em></span> <span class='ocrx_word' id='word_1_79' title='bbox 911 989 1287 1046; x_wconf 75' lang='grc' dir='ltr'><em>θωυμασιιότερον</em></span> <span class='ocrx_word' id='word_1_80' title='bbox 1315 992 1424 1047; x_wconf 87' lang='grc' dir='ltr'><em>γίνε-</em></span> <span class='ocrx_word' id='word_1_81' title='bbox 1480 970 1760 1060; x_wconf 53' lang='grc' dir='ltr'><em>ἓὲἓὲῖιιῐῖἕᾱιὲξεξὲἶ</em></span> 
     </span>
     <span class='ocr_line' id='line_1_12' title="bbox 142 1041 1762 1135; baseline -0.006 -21"><span class='ocrx_word' id='word_1_82' title='bbox 142 1084 231 1114; x_wconf 90' lang='grc' dir='ltr'><em>ται·</em></span> <span class='ocrx_word' id='word_1_83' title='bbox 273 1067 320 1111; x_wconf 78' lang='grc' dir='ltr'><em>ἐν</em></span> <span class='ocrx_word' id='word_1_84' title='bbox 349 1056 438 1122; x_wconf 78' lang='grc' dir='ltr'><em>γάρ</em></span> <span class='ocrx_word' id='word_1_85' title='bbox 475 1061 788 1121; x_wconf 80' lang='grc' dir='ltr'><em>δυσοδμοτάτῳ</em></span> <span class='ocrx_word' id='word_1_86' title='bbox 826 1062 1085 1119; x_wconf 86' lang='grc' dir='ltr'><em>γινόμενον,</em></span> <span class='ocrx_word' id='word_1_87' title='bbox 1126 1061 1426 1107; x_wconf 81' lang='grc' dir='ltr'><em>εὐωδέστατόν</em></span> <span class='ocrx_word' id='word_1_88' title='bbox 1481 1041 1762 1135; x_wconf 46' lang='grc' dir='ltr'><em>ἳὲιῗὲὲῖιῖὓὴῑὶῇῗῖἐῇ</em></span> 
     </span>
     <span class='ocr_line' id='line_1_13' title="bbox 114 1133 1548 1194; baseline -0.004 -12"><span class='ocrx_word' id='word_1_89' title='bbox 114 1141 252 1185; x_wconf 70' lang='grc' dir='ltr'><em>Ξέστι.</em></span> <span class='ocrx_word' id='word_1_90' title='bbox 309 1142 399 1182; x_wconf 78' lang='grc' dir='ltr'><em>τῶν</em></span> <span class='ocrx_word' id='word_1_91' title='bbox 426 1137 510 1194; x_wconf 79' lang='grc' dir='ltr'><em>γάρ</em></span> <span class='ocrx_word' id='word_1_92' title='bbox 542 1139 680 1193; x_wconf 74' lang='grc' dir='ltr'><em>αἰγῶν</em></span> <span class='ocrx_word' id='word_1_93' title='bbox 709 1139 798 1179; x_wconf 77' lang='grc' dir='ltr'><em>τῶν</em></span> <span class='ocrx_word' id='word_1_94' title='bbox 826 1133 999 1191; x_wconf 88' lang='grc' dir='ltr'><em>τράγων</em></span> <span class='ocrx_word' id='word_1_95' title='bbox 1025 1135 1072 1178; x_wconf 85' lang='grc' dir='ltr'><em>έν</em></span> <span class='ocrx_word' id='word_1_96' title='bbox 1101 1140 1216 1178; x_wconf 86' lang='grc' dir='ltr'><em>τοῖσι</em></span> <span class='ocrx_word' id='word_1_97' title='bbox 1245 1134 1427 1190; x_wconf 71' lang='grc' dir='ltr'><em>πώγωσι</em></span> <span class='ocrx_word' id='word_1_98' title='bbox 1484 1134 1548 1163; x_wconf 73' lang='lat'>&#39;’¹¹⁵-</span> 
     </span>
     <span class='ocr_line' id='line_1_14' title="bbox 144 1203 1425 1266; baseline -0.007 -11"><span class='ocrx_word' id='word_1_99' title='bbox 144 1209 387 1266; x_wconf 81' lang='grc' dir='ltr'><em>εὑρίσκεται</em></span> <span class='ocrx_word' id='word_1_100' title='bbox 411 1208 714 1266; x_wconf 77' lang='grc' dir='ltr'><em>ἐγγινόμενον,</em></span> <span class='ocrx_word' id='word_1_101' title='bbox 749 1203 847 1249; x_wconf 83' lang='grc' dir='ltr'><em>οἷον</em></span> <span class='ocrx_word' id='word_1_102' title='bbox 876 1205 1046 1261; x_wconf 79' lang='grc' dir='ltr'><em>γλοιὸς,</em></span> <span class='ocrx_word' id='word_1_103' title='bbox 1081 1204 1169 1249; x_wconf 69' lang='lat' dir='ltr'><em>dno*</em></span> <span class='ocrx_word' id='word_1_104' title='bbox 1200 1208 1277 1261; x_wconf 82' lang='grc' dir='ltr'><em>τῆς</em></span> <span class='ocrx_word' id='word_1_105' title='bbox 1306 1204 1425 1261; x_wconf 83' lang='grc' dir='ltr'><em>ὕλης.</em></span> 
     </span>
     <span class='ocr_line' id='line_1_15' title="bbox 143 1277 1427 1339; baseline -0.005 -13"><span class='ocrx_word' id='word_1_106' title='bbox 143 1282 357 1339; x_wconf 88' lang='grc' dir='ltr'><em>χρήσιμον</em></span> <span class='ocrx_word' id='word_1_107' title='bbox 388 1279 432 1324; x_wconf 85' lang='grc' dir='ltr'><em>δ’</em></span> <span class='ocrx_word' id='word_1_108' title='bbox 463 1280 506 1331; x_wconf 82' lang='grc' dir='ltr'><em>ἐς</em></span> <span class='ocrx_word' id='word_1_109' title='bbox 535 1278 677 1323; x_wconf 74' lang='grc' dir='ltr'><em>πολλοὶ</em></span> <span class='ocrx_word' id='word_1_110' title='bbox 707 1282 796 1321; x_wconf 79' lang='grc' dir='ltr'><em>τῶν</em></span> <span class='ocrx_word' id='word_1_111' title='bbox 827 1277 981 1334; x_wconf 85' lang='grc' dir='ltr'><em>μύρων</em></span> <span class='ocrx_word' id='word_1_112' title='bbox 1013 1278 1128 1321; x_wconf 76' lang='grc' dir='ltr'><em>ἐστί·</em></span> <span class='ocrx_word' id='word_1_113' title='bbox 1167 1278 1363 1332; x_wconf 81' lang='grc' dir='ltr'><em>θυμιῶσί</em></span> <span class='ocrx_word' id='word_1_114' title='bbox 1383 1292 1427 1320; x_wconf 85' lang='grc' dir='ltr'><em>τε</em></span> 
     </span>
     <span class='ocr_line' id='line_1_16' title="bbox 0 1345 1764 1409; baseline -0.01 -4"><span class='ocrx_word' id='word_1_115' title='bbox 0 1359 98 1407; x_wconf 83' lang='grc'><em>113</em></span> <span class='ocrx_word' id='word_1_116' title='bbox 143 1351 330 1409; x_wconf 84' lang='grc' dir='ltr'><em>μάλιστα</em></span> <span class='ocrx_word' id='word_1_117' title='bbox 369 1354 502 1395; x_wconf 87' lang='grc' dir='ltr'><em>τοῦτο</em></span> <span class='ocrx_word' id='word_1_118' title='bbox 539 1350 745 1409; x_wconf 78' lang='grc' dir='ltr'><em>Ἀράβιοι.</em></span> <span class='ocrx_word' id='word_1_119' title='bbox 810 1353 1011 1394; x_wconf 84' lang='grc' dir='ltr'><em>Τοσαῦτα</em></span> <span class='ocrx_word' id='word_1_120' title='bbox 1050 1349 1131 1406; x_wconf 77' lang='grc' dir='ltr'><em>μὲν</em></span> <span class='ocrx_word' id='word_1_121' title='bbox 1166 1346 1473 1404; x_wconf 72' lang='grc' dir='ltr'><em>θυωμάτων25</em></span> <span class='ocrx_word' id='word_1_122' title='bbox 1487 1345 1764 1407; x_wconf 47' lang='grc' dir='ltr'><em>ῥιῖζξξξυεξξξῐίἳξξ</em></span> 
     </span>
    </p>
   </div>
   <div class='ocr_carea' id='block_1_3' title="bbox 816 1498 1486 1608">
    <p class='ocr_par' dir='ltr' id='par_1_3' title="bbox 816 1498 1486 1608">
     <span class='ocr_line' id='line_1_17' title="bbox 816 1498 1486 1545; baseline -0.004 -7"><span class='ocrx_word' id='word_1_123' title='bbox 816 1500 970 1538; x_wconf 86' lang='lat' dir='ltr'>rendum</span> <span class='ocrx_word' id='word_1_124' title='bbox 993 1498 1051 1545; x_wconf 85' lang='lat' dir='ltr'><em>sit,</em></span> <span class='ocrx_word' id='word_1_125' title='bbox 1069 1511 1179 1535; x_wconf 85' lang='lat' dir='ltr'>mane</span> <span class='ocrx_word' id='word_1_126' title='bbox 1198 1511 1242 1536; x_wconf 92' lang='lat' dir='ltr'><em>eo</em></span> <span class='ocrx_word' id='word_1_127' title='bbox 1264 1498 1403 1535; x_wconf 91' lang='lat' dir='ltr'>ducunt</span> <span class='ocrx_word' id='word_1_128' title='bbox 1423 1510 1486 1535; x_wconf 90' lang='lat' dir='ltr'>ca-</span> 
     </span>
     <span class='ocr_line' id='line_1_18' title="bbox 816 1554 1485 1608; baseline -0.001 -15"><span class='ocrx_word' id='word_1_129' title='bbox 816 1569 903 1608; x_wconf 83' lang='lat' dir='ltr'>pras</span> <span class='ocrx_word' id='word_1_130' title='bbox 934 1556 1123 1601; x_wconf 83' lang='lat' dir='ltr'>hircosve,</span> <span class='ocrx_word' id='word_1_131' title='bbox 1155 1568 1312 1604; x_wconf 90' lang='lat' dir='ltr'>quorum</span> <span class='ocrx_word' id='word_1_132' title='bbox 1344 1554 1485 1592; x_wconf 84' lang='lat' dir='ltr'>barbae</span> 
     </span>
    </p>
   </div>
   <div class='ocr_carea' id='block_1_4' title="bbox 89 1494 758 1607">
    <p class='ocr_par' dir='ltr' id='par_1_4' title="bbox 89 1494 758 1607">
     <span class='ocr_line' id='line_1_19' title="bbox 89 1494 758 1550; baseline 0 -11"><span class='ocrx_word' id='word_1_133' title='bbox 89 1494 285 1550; x_wconf 82' lang='grc' dir='ltr'><em>πετάομαι</em></span> <span class='ocrx_word' id='word_1_134' title='bbox 307 1499 520 1537; x_wconf 79' lang='lat' dir='ltr'>recentioris</span> <span class='ocrx_word' id='word_1_135' title='bbox 545 1501 677 1538; x_wconf 78' lang='lat' dir='ltr'>aetatis</span> <span class='ocrx_word' id='word_1_136' title='bbox 699 1513 758 1539; x_wconf 86' lang='lat' dir='ltr'>es-</span> 
     </span>
     <span class='ocr_line' id='line_1_20' title="bbox 90 1555 758 1607; baseline 0 -13"><span class='ocrx_word' id='word_1_137' title='bbox 90 1569 130 1594; x_wconf 84' lang='lat' dir='ltr'>se</span> <span class='ocrx_word' id='word_1_138' title='bbox 152 1557 390 1607; x_wconf 83' lang='lat' dir='ltr'>pronuntiant</span> <span class='ocrx_word' id='word_1_139' title='bbox 402 1555 584 1594; x_wconf 80' lang='lat' dir='ltr'>Matthiae</span> <span class='ocrx_word' id='word_1_140' title='bbox 601 1562 636 1595; x_wconf 87' lang='lat' dir='ltr'>et</span> <span class='ocrx_word' id='word_1_141' title='bbox 647 1559 758 1595; x_wconf 80' lang='lat' dir='ltr'>Butt-</span> 
     </span>
    </p>
   </div>
   <div class='ocr_carea' id='block_1_5' title="bbox 90 1612 766 2531">
    <p class='ocr_par' dir='ltr' id='par_1_5' title="bbox 90 1612 764 2061">
     <span class='ocr_line' id='line_1_21' title="bbox 90 1612 759 1664; baseline 0.003 -14"><span class='ocrx_word' id='word_1_142' title='bbox 90 1626 212 1651; x_wconf 86' lang='lat' dir='ltr'><strong>mann.</strong></span> <span class='ocrx_word' id='word_1_143' title='bbox 252 1612 366 1650; x_wconf 88' lang='lat' dir='ltr'>Paulo</span> <span class='ocrx_word' id='word_1_144' title='bbox 385 1617 470 1662; x_wconf 83' lang='lat' dir='ltr'><em>post</em></span> <span class='ocrx_word' id='word_1_145' title='bbox 490 1627 569 1650; x_wconf 86' lang='lat' dir='ltr'>eum</span> <span class='ocrx_word' id='word_1_146' title='bbox 590 1614 759 1664; x_wconf 86' lang='lat' dir='ltr'>Schwgh.</span> 
     </span>
     <span class='ocr_line' id='line_1_22' title="bbox 92 1668 761 1723; baseline 0.003 -15"><span class='ocrx_word' id='word_1_147' title='bbox 92 1676 129 1708; x_wconf 87' lang='lat' dir='ltr'>et</span> <span class='ocrx_word' id='word_1_148' title='bbox 143 1670 261 1707; x_wconf 89' lang='lat' dir='ltr'>Gaisf.</span> <span class='ocrx_word' id='word_1_149' title='bbox 287 1670 413 1720; x_wconf 81' lang='lat' dir='ltr'>scripsi</span> <span class='ocrx_word' id='word_1_150' title='bbox 432 1671 510 1708; x_wconf 80' lang='grc' dir='ltr'><em>τῶν</em></span> <span class='ocrx_word' id='word_1_151' title='bbox 531 1668 761 1723; x_wconf 72' lang='grc' dir='ltr'><em>’ὑποζυγίων</em></span> 
     </span>
     <span class='ocr_line' id='line_1_23' title="bbox 92 1721 763 1779; baseline 0.001 -14"><span class='ocrx_word' id='word_1_152' title='bbox 92 1723 140 1765; x_wconf 76' lang='grc' dir='ltr'><em>τοὶ</em></span> <span class='ocrx_word' id='word_1_153' title='bbox 176 1724 292 1777; x_wconf 83' lang='grc' dir='ltr'><em>μέλεα</em></span> <span class='ocrx_word' id='word_1_154' title='bbox 313 1739 400 1777; x_wconf 91' lang='lat' dir='ltr'><em>pro:</em></span> <span class='ocrx_word' id='word_1_155' title='bbox 448 1721 583 1765; x_wconf 72' lang='grc' dir='ltr'><em>αὐτῶν</em></span> <span class='ocrx_word' id='word_1_156' title='bbox 617 1724 664 1766; x_wconf 75' lang='grc' dir='ltr'><em>τά</em></span> <span class='ocrx_word' id='word_1_157' title='bbox 697 1726 763 1779; x_wconf 86' lang='grc' dir='ltr'><em>μέ-</em></span> 
     </span>
     <span class='ocr_line' id='line_1_24' title="bbox 95 1780 763 1835; baseline 0 -14"><span class='ocrx_word' id='word_1_158' title='bbox 95 1786 164 1822; x_wconf 82' lang='grc' dir='ltr'><em>λεα</em></span> <span class='ocrx_word' id='word_1_159' title='bbox 182 1785 260 1822; x_wconf 78' lang='grc' dir='ltr'><em>τῶν</em></span> <span class='ocrx_word' id='word_1_160' title='bbox 281 1780 509 1835; x_wconf 68' lang='grc' dir='ltr'><em>ὑποζυγίων</em></span> <span class='ocrx_word' id='word_1_161' title='bbox 528 1790 564 1821; x_wconf 88' lang='lat' dir='ltr'>et</span> <span class='ocrx_word' id='word_1_162' title='bbox 576 1784 686 1834; x_wconf 89' lang='lat' dir='ltr'>paulo</span> <span class='ocrx_word' id='word_1_163' title='bbox 707 1786 763 1821; x_wconf 87' lang='lat' dir='ltr'><em>in-</em></span> 
     </span>
     <span class='ocr_line' id='line_1_25' title="bbox 95 1836 764 1891; baseline 0.004 -15"><span class='ocrx_word' id='word_1_164' title='bbox 95 1841 152 1877; x_wconf 84' lang='lat' dir='ltr'>fra</span> <span class='ocrx_word' id='word_1_165' title='bbox 201 1839 367 1877; x_wconf 86' lang='lat' dir='ltr'>voculam</span> <span class='ocrx_word' id='word_1_166' title='bbox 407 1836 480 1891; x_wconf 78' lang='grc' dir='ltr'><em>μὲν</em></span> <span class='ocrx_word' id='word_1_167' title='bbox 519 1845 605 1890; x_wconf 86' lang='lat' dir='ltr'><em>post</em></span> <span class='ocrx_word' id='word_1_168' title='bbox 645 1837 764 1889; x_wconf 81' lang='grc' dir='ltr'><em>οὕτω,</em></span> 
     </span>
     <span class='ocr_line' id='line_1_26' title="bbox 95 1896 764 1947; baseline 0.004 -15"><span class='ocrx_word' id='word_1_169' title='bbox 95 1909 206 1946; x_wconf 86' lang='lat' dir='ltr'>quam</span> <span class='ocrx_word' id='word_1_170' title='bbox 255 1896 378 1947; x_wconf 86' lang='lat' dir='ltr'>plures</span> <span class='ocrx_word' id='word_1_171' title='bbox 428 1897 536 1934; x_wconf 90' lang='lat' dir='ltr'>codd.</span> <span class='ocrx_word' id='word_1_172' title='bbox 578 1897 764 1947; x_wconf 83' lang='lat' dir='ltr'>ignorant,</span> 
     </span>
     <span class='ocr_line' id='line_1_27' title="bbox 94 1953 221 1991; baseline 0.008 -1"><span class='ocrx_word' id='word_1_173' title='bbox 94 1953 221 1991; x_wconf 75' lang='lat' dir='ltr'>abieci,</span> 
     </span>
     <span class='ocr_line' id='line_1_28' title="bbox 298 2009 562 2061; baseline -0.004 -14"><span class='ocrx_word' id='word_1_174' title='bbox 298 2009 412 2061; x_wconf 81' lang='lat' dir='ltr'>Cap.</span> <span class='ocrx_word' id='word_1_175' title='bbox 447 2009 562 2047; x_wconf 73' lang='lat' dir='ltr'><strong>CXII,</strong></span> 
     </span>
    </p>

    <p class='ocr_par' dir='ltr' id='par_1_6' title="bbox 96 2077 766 2531">
     <span class='ocr_line' id='line_1_29' title="bbox 159 2077 764 2133; baseline 0 -13"><span class='ocrx_word' id='word_1_176' title='bbox 159 2077 210 2121; x_wconf 83' lang='grc' dir='ltr'><strong><em>Τό</em></strong></span> <span class='ocrx_word' id='word_1_177' title='bbox 231 2078 273 2120; x_wconf 81' lang='grc' dir='ltr'><em>δὲ</em></span> <span class='ocrx_word' id='word_1_178' title='bbox 301 2078 353 2132; x_wconf 69' lang='grc' dir='ltr'><em>δή</em></span> <span class='ocrx_word' id='word_1_179' title='bbox 383 2077 589 2133; x_wconf 82' lang='grc' dir='ltr'><em>λήδανον,</em></span> <span class='ocrx_word' id='word_1_180' title='bbox 619 2078 662 2121; x_wconf 72' lang='lat' dir='ltr'><em>vd</em></span> <span class='ocrx_word' id='word_1_181' title='bbox 694 2097 764 2120; x_wconf 85' lang='grc' dir='ltr'><em>κα-</em></span> 
     </span>
     <span class='ocr_line' id='line_1_30' title="bbox 96 2133 764 2190; baseline -0.004 -12"><span class='ocrx_word' id='word_1_182' title='bbox 96 2136 229 2178; x_wconf 87' lang='grc' dir='ltr'><em>λέουσι</em></span> <span class='ocrx_word' id='word_1_183' title='bbox 252 2133 433 2190; x_wconf 84' lang='grc' dir='ltr'><em>Ἀράβιοι</em></span> <span class='ocrx_word' id='word_1_184' title='bbox 455 2135 650 2190; x_wconf 84' lang='grc' dir='ltr'><em>λάδανον]</em></span> <span class='ocrx_word' id='word_1_185' title='bbox 672 2138 764 2176; x_wconf 91' lang='lat' dir='ltr'>Vul-</span> 
     </span>
     <span class='ocr_line' id='line_1_31' title="bbox 97 2190 765 2246; baseline 0.006 -14"><span class='ocrx_word' id='word_1_186' title='bbox 97 2209 166 2246; x_wconf 85' lang='lat' dir='ltr'><em>go:</em></span> <span class='ocrx_word' id='word_1_187' title='bbox 193 2190 374 2246; x_wconf 81' lang='grc' dir='ltr'><em>Ἀράβιοι</em></span> <span class='ocrx_word' id='word_1_188' title='bbox 399 2194 600 2235; x_wconf 86' lang='grc' dir='ltr'><em>καλέουσι.</em></span> <span class='ocrx_word' id='word_1_189' title='bbox 654 2194 765 2240; x_wconf 84' lang='lat' dir='ltr'><em>Quod</em></span> 
     </span>
     <span class='ocr_line' id='line_1_32' title="bbox 97 2252 766 2299; baseline 0 -9"><span class='ocrx_word' id='word_1_190' title='bbox 97 2265 165 2290; x_wconf 87' lang='lat' dir='ltr'><em>nos</em></span> <span class='ocrx_word' id='word_1_191' title='bbox 192 2253 373 2299; x_wconf 79' lang='lat' dir='ltr'><em>dedimus,</em></span> <span class='ocrx_word' id='word_1_192' title='bbox 404 2266 424 2291; x_wconf 93' lang='lat' dir='ltr'>e</span> <span class='ocrx_word' id='word_1_193' title='bbox 452 2252 666 2290; x_wconf 79' lang='lat' dir='ltr'>Florentino</span> <span class='ocrx_word' id='word_1_194' title='bbox 694 2255 766 2290; x_wconf 87' lang='lat' dir='ltr'><em>flu-</em></span> 
     </span>
     <span class='ocr_line' id='line_1_33' title="bbox 97 2309 766 2347; baseline 0 -1"><span class='ocrx_word' id='word_1_195' title='bbox 97 2309 160 2346; x_wconf 81' lang='lat' dir='ltr'><em>xit.</em></span> <span class='ocrx_word' id='word_1_196' title='bbox 198 2309 256 2347; x_wconf 88' lang='lat' dir='ltr'>De</span> <span class='ocrx_word' id='word_1_197' title='bbox 278 2309 403 2346; x_wconf 78' lang='lat' dir='ltr'>ledano</span> <span class='ocrx_word' id='word_1_198' title='bbox 424 2310 508 2347; x_wconf 85' lang='lat' dir='ltr'>hinc</span> <span class='ocrx_word' id='word_1_199' title='bbox 527 2309 694 2347; x_wconf 83' lang='lat' dir='ltr'>Eustath.</span> <span class='ocrx_word' id='word_1_200' title='bbox 715 2310 766 2346; x_wconf 88' lang='lat' dir='ltr'><em>ad</em></span> 
     </span>
     <span class='ocr_line' id='line_1_34' title="bbox 98 2365 765 2416; baseline 0.006 -14"><span class='ocrx_word' id='word_1_201' title='bbox 98 2365 249 2403; x_wconf 81' lang='lat' dir='ltr'>Homer.</span> <span class='ocrx_word' id='word_1_202' title='bbox 273 2379 309 2416; x_wconf 90' lang='lat' dir='ltr'><em>p.</em></span> <span class='ocrx_word' id='word_1_203' title='bbox 326 2365 484 2414; x_wconf 75' lang='lat'>1147,3</span> <span class='ocrx_word' id='word_1_204' title='bbox 504 2380 533 2403; x_wconf 89' lang='lat' dir='ltr'><em>s.</em></span> <span class='ocrx_word' id='word_1_205' title='bbox 556 2368 677 2412; x_wconf 83' lang='lat'>1199,</span> <span class='ocrx_word' id='word_1_206' title='bbox 699 2369 765 2407; x_wconf 84' lang='lat'><em>37.</em></span> 
     </span>
     <span class='ocr_line' id='line_1_35' title="bbox 101 2420 763 2470; baseline 0.002 -12"><span class='ocrx_word' id='word_1_207' title='bbox 101 2420 198 2460; x_wconf 82' lang='lat' dir='ltr'><em>Add.</em></span> <span class='ocrx_word' id='word_1_208' title='bbox 219 2421 426 2460; x_wconf 71' lang='lat' dir='ltr'><em>Dioscorid,</em></span> <span class='ocrx_word' id='word_1_209' title='bbox 448 2423 476 2470; x_wconf 93' lang='lat' dir='ltr'><em>l,</em></span> <span class='ocrx_word' id='word_1_210' title='bbox 499 2425 589 2463; x_wconf 79' lang='lat'><strong>128.</strong></span> <span class='ocrx_word' id='word_1_211' title='bbox 609 2423 763 2460; x_wconf 89' lang='lat' dir='ltr'>Plin.H.</span> 
     </span>
     <span class='ocr_line' id='line_1_36' title="bbox 101 2476 764 2531; baseline 0.006 -16"><span class='ocrx_word' id='word_1_212' title='bbox 101 2477 151 2515; x_wconf 93' lang='lat' dir='ltr'><em>N.</em></span> <span class='ocrx_word' id='word_1_213' title='bbox 171 2478 253 2526; x_wconf 82' lang='grc' dir='ltr'><em>ΧΠ,</em></span> <span class='ocrx_word' id='word_1_214' title='bbox 279 2481 341 2519; x_wconf 88' lang='grc'><em>17.</em></span> <span class='ocrx_word' id='word_1_215' title='bbox 363 2480 497 2531; x_wconf 80' lang='grc' dir='ltr'><em>λῆδος,</em></span> <span class='ocrx_word' id='word_1_216' title='bbox 532 2493 562 2517; x_wconf 90' lang='lat' dir='ltr'><em>s.</em></span> <span class='ocrx_word' id='word_1_217' title='bbox 584 2476 764 2531; x_wconf 81' lang='grc' dir='ltr'><em>λήδανον</em></span> 
     </span>
    </p>
   </div>
   <div class='ocr_carea' id='block_1_6' title="bbox 104 2534 768 2929">
    <p class='ocr_par' dir='ltr' id='par_1_7' title="bbox 104 2534 768 2929">
     <span class='ocr_line' id='line_1_37' title="bbox 104 2534 765 2599; baseline 0.008 -17"><span class='ocrx_word' id='word_1_218' title='bbox 104 2540 192 2593; x_wconf 62' lang='lat'><em>(²:³5¹)</em></span> <span class='ocrx_word' id='word_1_219' title='bbox 206 2566 258 2573; x_wconf 90' lang='lat'><em>-—</em></span> <span class='ocrx_word' id='word_1_220' title='bbox 277 2534 391 2598; x_wconf 59' lang='lat'>0075)</span> <span class='ocrx_word' id='word_1_221' title='bbox 411 2549 553 2587; x_wconf 82' lang='lat' dir='ltr'>resinae</span> <span class='ocrx_word' id='word_1_222' title='bbox 571 2554 626 2587; x_wconf 90' lang='lat' dir='ltr'>est</span> <span class='ocrx_word' id='word_1_223' title='bbox 647 2562 765 2599; x_wconf 86' lang='lat' dir='ltr'>genus</span> 
     </span>
     <span class='ocr_line' id='line_1_38' title="bbox 106 2602 765 2654; baseline 0.008 -16"><span class='ocrx_word' id='word_1_224' title='bbox 106 2602 200 2639; x_wconf 87' lang='lat' dir='ltr'>bene</span> <span class='ocrx_word' id='word_1_225' title='bbox 219 2602 368 2651; x_wconf 82' lang='lat' dir='ltr'><em>olentis,</em></span> <span class='ocrx_word' id='word_1_226' title='bbox 400 2618 494 2654; x_wconf 84' lang='lat' dir='ltr'>quae</span> <span class='ocrx_word' id='word_1_227' title='bbox 519 2607 555 2642; x_wconf 89' lang='lat' dir='ltr'><em>in</em></span> <span class='ocrx_word' id='word_1_228' title='bbox 573 2607 765 2643; x_wconf 81' lang='lat' dir='ltr'>frondibus</span> 
     </span>
     <span class='ocr_line' id='line_1_39' title="bbox 107 2658 767 2714; baseline 0.011 -20"><span class='ocrx_word' id='word_1_229' title='bbox 107 2659 188 2694; x_wconf 70' lang='lat' dir='ltr'>cisti</span> <span class='ocrx_word' id='word_1_230' title='bbox 217 2658 357 2706; x_wconf 75' lang='lat' dir='ltr'><em>Cretici,</em></span> <span class='ocrx_word' id='word_1_231' title='bbox 388 2662 486 2710; x_wconf 86' lang='lat' dir='ltr'>sive,</span> <span class='ocrx_word' id='word_1_232' title='bbox 517 2667 557 2700; x_wconf 86' lang='lat' dir='ltr'><em>ut</em></span> <span class='ocrx_word' id='word_1_233' title='bbox 582 2663 660 2700; x_wconf 88' lang='lat' dir='ltr'>aliis</span> <span class='ocrx_word' id='word_1_234' title='bbox 687 2663 767 2714; x_wconf 82' lang='lat' dir='ltr'>pla-</span> 
     </span>
     <span class='ocr_line' id='line_1_40' title="bbox 108 2716 768 2771; baseline 0.011 -21"><span class='ocrx_word' id='word_1_235' title='bbox 108 2718 186 2761; x_wconf 87' lang='lat' dir='ltr'>cet,</span> <span class='ocrx_word' id='word_1_236' title='bbox 215 2717 297 2752; x_wconf 72' lang='lat' dir='ltr'><em>cisti</em></span> <span class='ocrx_word' id='word_1_237' title='bbox 315 2716 537 2768; x_wconf 75' lang='lat' dir='ltr'>Ladamferi</span> <span class='ocrx_word' id='word_1_238' title='bbox 558 2717 768 2771; x_wconf 89' lang='lat' dir='ltr'>(utrumque</span> 
     </span>
     <span class='ocr_line' id='line_1_41' title="bbox 108 2770 768 2821; baseline 0.011 -15"><span class='ocrx_word' id='word_1_239' title='bbox 108 2770 204 2807; x_wconf 83' lang='lat' dir='ltr'>enim</span> <span class='ocrx_word' id='word_1_240' title='bbox 227 2771 523 2821; x_wconf 84' lang='lat' dir='ltr'>distinguendum</span> <span class='ocrx_word' id='word_1_241' title='bbox 541 2789 622 2814; x_wconf 84' lang='lat' dir='ltr'>esse</span> <span class='ocrx_word' id='word_1_242' title='bbox 641 2780 768 2814; x_wconf 90' lang='lat' dir='ltr'>monet</span> 
     </span>
     <span class='ocr_line' id='line_1_42' title="bbox 108 2826 766 2883; baseline 0.012 -22"><span class='ocrx_word' id='word_1_243' title='bbox 108 2826 223 2874; x_wconf 79' lang='lat' dir='ltr'><em>Miot)</em></span> <span class='ocrx_word' id='word_1_244' title='bbox 250 2827 452 2878; x_wconf 83' lang='lat' dir='ltr'>invenitur,</span> <span class='ocrx_word' id='word_1_245' title='bbox 482 2845 652 2883; x_wconf 87' lang='lat' dir='ltr'>quaeque</span> <span class='ocrx_word' id='word_1_246' title='bbox 680 2833 766 2870; x_wconf 85' lang='lat' dir='ltr'><em>solis</em></span> 
     </span>
     <span class='ocr_line' id='line_1_43' title="bbox 107 2883 766 2929; baseline 0.014 -9"><span class='ocrx_word' id='word_1_247' title='bbox 107 2883 217 2920; x_wconf 87' lang='lat' dir='ltr'>radiis</span> <span class='ocrx_word' id='word_1_248' title='bbox 248 2896 295 2922; x_wconf 89' lang='lat' dir='ltr'>ne</span> <span class='ocrx_word' id='word_1_249' title='bbox 327 2893 558 2927; x_wconf 86' lang='lat' dir='ltr'>consumatur</span> <span class='ocrx_word' id='word_1_250' title='bbox 588 2903 667 2928; x_wconf 90' lang='lat' dir='ltr'><em>cum</em></span> <span class='ocrx_word' id='word_1_251' title='bbox 703 2903 766 2929; x_wconf 84' lang='lat' dir='ltr'>ve-</span> 
     </span>
    </p>
   </div>
   <div class='ocr_carea' id='block_1_7' title="bbox 817 1612 1491 2388">
    <p class='ocr_par' dir='ltr' id='par_1_8' title="bbox 817 1612 1491 2388">
     <span class='ocr_line' id='line_1_44' title="bbox 817 1612 1488 1659; baseline -0.003 -9"><span class='ocrx_word' id='word_1_252' title='bbox 817 1614 938 1651; x_wconf 78' lang='lat' dir='ltr'>resina</span> <span class='ocrx_word' id='word_1_253' title='bbox 976 1612 1234 1659; x_wconf 80' lang='lat' dir='ltr'><em>adhaerescat,</em></span> <span class='ocrx_word' id='word_1_254' title='bbox 1273 1612 1344 1648; x_wconf 88' lang='lat' dir='ltr'><em>hoc</em></span> <span class='ocrx_word' id='word_1_255' title='bbox 1375 1612 1488 1649; x_wconf 90' lang='lat' dir='ltr'>modo</span> 
     </span>
     <span class='ocr_line' id='line_1_45' title="bbox 819 1668 1488 1720; baseline -0.003 -13"><span class='ocrx_word' id='word_1_256' title='bbox 819 1670 1008 1720; x_wconf 84' lang='lat' dir='ltr'>capienda.</span> <span class='ocrx_word' id='word_1_257' title='bbox 1064 1668 1115 1706; x_wconf 88' lang='lat' dir='ltr'><em>Et</em></span> <span class='ocrx_word' id='word_1_258' title='bbox 1135 1669 1229 1705; x_wconf 83' lang='lat' dir='ltr'>hanc</span> <span class='ocrx_word' id='word_1_259' title='bbox 1258 1668 1488 1717; x_wconf 85' lang='lat' dir='ltr'>colligendae</span> 
     </span>
     <span class='ocr_line' id='line_1_46' title="bbox 820 1725 1486 1774; baseline -0.003 -10"><span class='ocrx_word' id='word_1_260' title='bbox 820 1727 963 1764; x_wconf 78' lang='lat' dir='ltr'>resinae</span> <span class='ocrx_word' id='word_1_261' title='bbox 994 1726 1173 1763; x_wconf 82' lang='lat' dir='ltr'>rationem</span> <span class='ocrx_word' id='word_1_262' title='bbox 1202 1725 1404 1774; x_wconf 86' lang='lat' dir='ltr'>antiquitus</span> <span class='ocrx_word' id='word_1_263' title='bbox 1434 1725 1486 1762; x_wconf 87' lang='lat' dir='ltr'>ita</span> 
     </span>
     <span class='ocr_line' id='line_1_47' title="bbox 818 1780 1488 1828; baseline -0.006 -7"><span class='ocrx_word' id='word_1_264' title='bbox 818 1783 977 1821; x_wconf 83' lang='lat' dir='ltr'>valuisse</span> <span class='ocrx_word' id='word_1_265' title='bbox 999 1782 1137 1828; x_wconf 86' lang='lat' dir='ltr'><em>dicunt,</em></span> <span class='ocrx_word' id='word_1_266' title='bbox 1156 1785 1194 1818; x_wconf 88' lang='lat' dir='ltr'><em>ut</em></span> <span class='ocrx_word' id='word_1_267' title='bbox 1206 1782 1394 1819; x_wconf 82' lang='lat' dir='ltr'>verissime</span> <span class='ocrx_word' id='word_1_268' title='bbox 1407 1780 1488 1819; x_wconf 92' lang='lat' dir='ltr'><em>No-</em></span> 
     </span>
     <span class='ocr_line' id='line_1_48' title="bbox 820 1837 1485 1877; baseline -0.003 0"><span class='ocrx_word' id='word_1_269' title='bbox 820 1844 896 1877; x_wconf 85' lang='lat' dir='ltr'>ster</span> <span class='ocrx_word' id='word_1_270' title='bbox 916 1839 1083 1877; x_wconf 83' lang='lat' dir='ltr'>retulisse</span> <span class='ocrx_word' id='word_1_271' title='bbox 1103 1838 1217 1875; x_wconf 83' lang='lat' dir='ltr'>videri</span> <span class='ocrx_word' id='word_1_272' title='bbox 1239 1838 1385 1876; x_wconf 86' lang='lat' dir='ltr'>debeat.</span> <span class='ocrx_word' id='word_1_273' title='bbox 1444 1837 1485 1875; x_wconf 93' lang='lat' dir='ltr'><em>ln</em></span> 
     </span>
     <span class='ocr_line' id='line_1_49' title="bbox 821 1894 1487 1944; baseline -0.003 -10"><span class='ocrx_word' id='word_1_274' title='bbox 821 1898 961 1934; x_wconf 85' lang='lat' dir='ltr'>oriente</span> <span class='ocrx_word' id='word_1_275' title='bbox 1005 1896 1199 1933; x_wconf 83' lang='lat' dir='ltr'>adhibetur</span> <span class='ocrx_word' id='word_1_276' title='bbox 1232 1894 1280 1931; x_wconf 87' lang='lat' dir='ltr'><em>ad</em></span> <span class='ocrx_word' id='word_1_277' title='bbox 1318 1906 1487 1944; x_wconf 80' lang='lat' dir='ltr'>unguen-</span> 
     </span>
     <span class='ocr_line' id='line_1_50' title="bbox 821 1952 1487 2001; baseline -0.003 -10"><span class='ocrx_word' id='word_1_278' title='bbox 821 1959 897 1991; x_wconf 80' lang='lat' dir='ltr'><em>tum</em></span> <span class='ocrx_word' id='word_1_279' title='bbox 910 1983 921 2001; x_wconf 90' lang='lat'>,</span> <span class='ocrx_word' id='word_1_280' title='bbox 951 1966 1019 1990; x_wconf 90' lang='lat' dir='ltr'>nec</span> <span class='ocrx_word' id='word_1_281' title='bbox 1046 1953 1165 1989; x_wconf 84' lang='lat' dir='ltr'><em>minor</em></span> <span class='ocrx_word' id='word_1_282' title='bbox 1185 1953 1262 1988; x_wconf 81' lang='lat' dir='ltr'>eius</span> <span class='ocrx_word' id='word_1_283' title='bbox 1282 1964 1368 1988; x_wconf 88' lang='lat' dir='ltr'>usus</span> <span class='ocrx_word' id='word_1_284' title='bbox 1389 1952 1426 1988; x_wconf 89' lang='lat' dir='ltr'><em>in</em></span> <span class='ocrx_word' id='word_1_285' title='bbox 1445 1964 1487 1989; x_wconf 91' lang='lat' dir='ltr'>re</span> 
     </span>
     <span class='ocr_line' id='line_1_51' title="bbox 820 2007 1484 2055; baseline -0.006 -7"><span class='ocrx_word' id='word_1_286' title='bbox 820 2011 974 2048; x_wconf 84' lang='lat' dir='ltr'>medica.</span> <span class='ocrx_word' id='word_1_287' title='bbox 1014 2009 1097 2045; x_wconf 92' lang='lat' dir='ltr'><em>Vid.</em></span> <span class='ocrx_word' id='word_1_288' title='bbox 1127 2009 1290 2046; x_wconf 88' lang='lat' dir='ltr'>Heeren.</span> <span class='ocrx_word' id='word_1_289' title='bbox 1321 2008 1432 2046; x_wconf 87' lang='lat' dir='ltr'>ldeen</span> <span class='ocrx_word' id='word_1_290' title='bbox 1455 2007 1484 2055; x_wconf 87' lang='lat'><em>1,</em></span> 
     </span>
     <span class='ocr_line' id='line_1_52' title="bbox 822 2064 1485 2118; baseline -0.003 -15"><span class='ocrx_word' id='word_1_291' title='bbox 822 2071 848 2110; x_wconf 80' lang='lat'><strong>2</strong></span> <span class='ocrx_word' id='word_1_292' title='bbox 879 2080 965 2118; x_wconf 81' lang='lat' dir='ltr'>pag.</span> <span class='ocrx_word' id='word_1_293' title='bbox 995 2067 1062 2106; x_wconf 81' lang='lat'><em>99.</em></span> <span class='ocrx_word' id='word_1_294' title='bbox 1092 2064 1361 2102; x_wconf 81' lang='lat' dir='ltr'>Rosenmiiller.</span> <span class='ocrx_word' id='word_1_295' title='bbox 1389 2064 1485 2102; x_wconf 88' lang='lat' dir='ltr'>Bibl.</span> 
     </span>
     <span class='ocr_line' id='line_1_53' title="bbox 819 2121 1487 2172; baseline -0.006 -11"><span class='ocrx_word' id='word_1_296' title='bbox 819 2122 1059 2172; x_wconf 83' lang='lat' dir='ltr'>Archaeolog.</span> <span class='ocrx_word' id='word_1_297' title='bbox 1078 2122 1125 2169; x_wconf 89' lang='lat'><em>11,</em></span> <span class='ocrx_word' id='word_1_298' title='bbox 1141 2124 1161 2162; x_wconf 88' lang='lat'>1</span> <span class='ocrx_word' id='word_1_299' title='bbox 1186 2134 1274 2172; x_wconf 81' lang='lat' dir='ltr'>pag.</span> <span class='ocrx_word' id='word_1_300' title='bbox 1291 2121 1369 2161; x_wconf 88' lang='grc'><strong>156</strong></span> <span class='ocrx_word' id='word_1_301' title='bbox 1381 2134 1487 2170; x_wconf 87' lang='lat' dir='ltr'>seqq.</span> 
     </span>
     <span class='ocr_line' id='line_1_54' title="bbox 821 2179 1491 2229; baseline -0.007 -10"><span class='ocrx_word' id='word_1_302' title='bbox 821 2181 1051 2219; x_wconf 86' lang='lat' dir='ltr'>Recentioris</span> <span class='ocrx_word' id='word_1_303' title='bbox 1077 2179 1208 2216; x_wconf 83' lang='lat' dir='ltr'>aetatis</span> <span class='ocrx_word' id='word_1_304' title='bbox 1234 2179 1491 2229; x_wconf 86' lang='lat' dir='ltr'>peregrinato-</span> 
     </span>
     <span class='ocr_line' id='line_1_55' title="bbox 820 2234 1490 2286; baseline -0.006 -12"><span class='ocrx_word' id='word_1_305' title='bbox 820 2251 900 2275; x_wconf 90' lang='lat' dir='ltr'><em>rum</em></span> <span class='ocrx_word' id='word_1_306' title='bbox 922 2237 1063 2286; x_wconf 87' lang='lat' dir='ltr'>aliquot</span> <span class='ocrx_word' id='word_1_307' title='bbox 1084 2235 1295 2272; x_wconf 80' lang='lat' dir='ltr'>testimonia</span> <span class='ocrx_word' id='word_1_308' title='bbox 1320 2234 1490 2273; x_wconf 83' lang='lat' dir='ltr'>excitavit</span> 
     </span>
     <span class='ocr_line' id='line_1_56' title="bbox 820 2291 1490 2332; baseline -0.004 -1"><span class='ocrx_word' id='word_1_309' title='bbox 820 2293 995 2332; x_wconf 87' lang='lat' dir='ltr'>Larcher.</span> <span class='ocrx_word' id='word_1_310' title='bbox 1050 2291 1148 2329; x_wconf 84' lang='lat' dir='ltr'>Italis</span> <span class='ocrx_word' id='word_1_311' title='bbox 1182 2292 1301 2329; x_wconf 90' lang='lat' dir='ltr'>adhue</span> <span class='ocrx_word' id='word_1_312' title='bbox 1340 2295 1490 2329; x_wconf 84' lang='lat' dir='ltr'>vocatur</span> 
     </span>
     <span class='ocr_line' id='line_1_57' title="bbox 824 2348 1245 2388; baseline -0.005 0"><span class='ocrx_word' id='word_1_313' title='bbox 824 2351 984 2388; x_wconf 77' lang='grc' dir='ltr'><em>ίαιιιίαηο</em></span> <span class='ocrx_word' id='word_1_314' title='bbox 1004 2350 1079 2387; x_wconf 83' lang='lat' dir='ltr'>sive</span> <span class='ocrx_word' id='word_1_315' title='bbox 1101 2348 1245 2386; x_wconf 81' lang='lat' dir='ltr'><em>ladano.</em></span> 
     </span>
    </p>
   </div>
   <div class='ocr_carea' id='block_1_8' title="bbox 820 2427 1488 2942">
    <p class='ocr_par' dir='ltr' id='par_1_9' title="bbox 820 2427 1488 2942">
     <span class='ocr_line' id='line_1_58' title="bbox 876 2427 1488 2486; baseline -0.005 -13"><span class='ocrx_word' id='word_1_316' title='bbox 876 2436 958 2474; x_wconf 76' lang='grc' dir='ltr'><em>τῶν</em></span> <span class='ocrx_word' id='word_1_317' title='bbox 972 2433 1097 2486; x_wconf 80' lang='grc' dir='ltr'><em>αι’γῶν</em></span> <span class='ocrx_word' id='word_1_318' title='bbox 1117 2435 1198 2472; x_wconf 77' lang='grc' dir='ltr'><em>τῶν</em></span> <span class='ocrx_word' id='word_1_319' title='bbox 1215 2427 1388 2485; x_wconf 85' lang='grc' dir='ltr'><em>τράγων]</em></span> <span class='ocrx_word' id='word_1_320' title='bbox 1402 2430 1488 2470; x_wconf 89' lang='lat' dir='ltr'>Ma-</span> 
     </span>
     <span class='ocr_line' id='line_1_59' title="bbox 820 2487 1485 2541; baseline -0.002 -12"><span class='ocrx_word' id='word_1_321' title='bbox 820 2491 887 2529; x_wconf 90' lang='lat' dir='ltr'>luit</span> <span class='ocrx_word' id='word_1_322' title='bbox 931 2491 1151 2541; x_wconf 59' lang='lat' dir='ltr'>WVesseling.</span> <span class='ocrx_word' id='word_1_323' title='bbox 1203 2491 1362 2528; x_wconf 85' lang='lat' dir='ltr'>scribere</span> <span class='ocrx_word' id='word_1_324' title='bbox 1398 2487 1485 2528; x_wconf 81' lang='grc' dir='ltr'><em>καὶ</em></span> 
     </span>
     <span class='ocr_line' id='line_1_60' title="bbox 821 2541 1488 2600; baseline -0.004 -13"><span class='ocrx_word' id='word_1_325' title='bbox 821 2551 900 2587; x_wconf 82' lang='grc' dir='ltr'><em>τῶν</em></span> <span class='ocrx_word' id='word_1_326' title='bbox 921 2544 1090 2600; x_wconf 79' lang='grc' dir='ltr'><em>τράγων,</em></span> <span class='ocrx_word' id='word_1_327' title='bbox 1104 2549 1220 2586; x_wconf 74' lang='grc' dir='ltr'><em>5.·τῶν</em></span> <span class='ocrx_word' id='word_1_328' title='bbox 1238 2561 1288 2585; x_wconf 87' lang='grc' dir='ltr'><em>τε</em></span> <span class='ocrx_word' id='word_1_329' title='bbox 1310 2541 1488 2599; x_wconf 86' lang='grc' dir='ltr'><em>τράγων,·</em></span> 
     </span>
     <span class='ocr_line' id='line_1_61' title="bbox 822 2604 1487 2655; baseline -0.006 -13"><span class='ocrx_word' id='word_1_330' title='bbox 822 2619 895 2655; x_wconf 90' lang='lat' dir='ltr'><em>quo</em></span> <span class='ocrx_word' id='word_1_331' title='bbox 924 2610 1058 2643; x_wconf 84' lang='lat' dir='ltr'>neutro</span> <span class='ocrx_word' id='word_1_332' title='bbox 1088 2618 1203 2655; x_wconf 86' lang='lat' dir='ltr'><em>opus,</em></span> <span class='ocrx_word' id='word_1_333' title='bbox 1234 2617 1314 2641; x_wconf 91' lang='lat' dir='ltr'><em>cum</em></span> <span class='ocrx_word' id='word_1_334' title='bbox 1343 2604 1373 2640; x_wconf 87' lang='lat' dir='ltr'><em>is</em></span> <span class='ocrx_word' id='word_1_335' title='bbox 1404 2615 1487 2640; x_wconf 79' lang='lat' dir='ltr'>ver-</span> 
     </span>
     <span class='ocr_line' id='line_1_62' title="bbox 823 2654 1487 2700; baseline -0.005 -1"><span class='ocrx_word' id='word_1_336' title='bbox 823 2663 953 2700; x_wconf 91' lang='lat' dir='ltr'>borum</span> <span class='ocrx_word' id='word_1_337' title='bbox 982 2663 1031 2700; x_wconf 89' lang='lat' dir='ltr'><em>sit</em></span> <span class='ocrx_word' id='word_1_338' title='bbox 1059 2663 1173 2699; x_wconf 90' lang='lat' dir='ltr'>ordo:</span> <span class='ocrx_word' id='word_1_339' title='bbox 1204 2659 1247 2700; x_wconf 79' lang='grc' dir='ltr'><em>ἒν</em></span> <span class='ocrx_word' id='word_1_340' title='bbox 1275 2663 1376 2699; x_wconf 87' lang='grc' dir='ltr'><em>τοῖσι</em></span> <span class='ocrx_word' id='word_1_341' title='bbox 1405 2654 1487 2697; x_wconf 78' lang='grc' dir='ltr'><em>ποό-</em></span> 
     </span>
     <span class='ocr_line' id='line_1_63' title="bbox 825 2715 1484 2771; baseline -0.009 -13"><span class='ocrx_word' id='word_1_342' title='bbox 825 2731 923 2771; x_wconf 85' lang='grc' dir='ltr'><em>γωσι</em></span> <span class='ocrx_word' id='word_1_343' title='bbox 952 2721 1034 2757; x_wconf 72' lang='grc' dir='ltr'><em>τοῖν</em></span> <span class='ocrx_word' id='word_1_344' title='bbox 1063 2715 1219 2770; x_wconf 87' lang='grc' dir='ltr'><em>τράγων</em></span> <span class='ocrx_word' id='word_1_345' title='bbox 1242 2719 1322 2756; x_wconf 79' lang='grc' dir='ltr'><em>τῶν</em></span> <span class='ocrx_word' id='word_1_346' title='bbox 1347 2716 1484 2765; x_wconf 79' lang='grc' dir='ltr'><em>αἰγῶν.</em></span> 
     </span>
     <span class='ocr_line' id='line_1_64' title="bbox 825 2770 1483 2825; baseline -0.009 -12"><span class='ocrx_word' id='word_1_347' title='bbox 825 2776 934 2813; x_wconf 74' lang='lat' dir='ltr'>Conf,</span> <span class='ocrx_word' id='word_1_348' title='bbox 954 2776 1158 2825; x_wconf 84' lang='lat' dir='ltr'>Schweigh.</span> <span class='ocrx_word' id='word_1_349' title='bbox 1179 2774 1324 2812; x_wconf 85' lang='lat' dir='ltr'>Daniel.</span> <span class='ocrx_word' id='word_1_350' title='bbox 1337 2771 1434 2819; x_wconf 70' lang='lat' dir='ltr'><em>wll,</em></span> <span class='ocrx_word' id='word_1_351' title='bbox 1445 2770 1483 2810; x_wconf 90' lang='lat'><em>5.</em></span> 
     </span>
     <span class='ocr_line' id='line_1_65' title="bbox 825 2824 1484 2882; baseline -0.008 -12"><span class='ocrx_word' id='word_1_352' title='bbox 825 2834 861 2874; x_wconf 89' lang='grc'><em>8.</em></span> <span class='ocrx_word' id='word_1_353' title='bbox 885 2835 952 2879; x_wconf 82' lang='lat'><em>21,</em></span> <span class='ocrx_word' id='word_1_354' title='bbox 982 2833 1044 2869; x_wconf 87' lang='lat' dir='ltr'><em>ubi</em></span> <span class='ocrx_word' id='word_1_355' title='bbox 1067 2835 1185 2870; x_wconf 81' lang='lat' dir='ltr'>exstat</span> <span class='ocrx_word' id='word_1_356' title='bbox 1211 2829 1235 2869; x_wconf 77' lang='grc' dir='ltr'><em>ὁ</em></span> <span class='ocrx_word' id='word_1_357' title='bbox 1257 2824 1400 2882; x_wconf 80' lang='grc' dir='ltr'><em>τράγος</em></span> <span class='ocrx_word' id='word_1_358' title='bbox 1424 2825 1484 2865; x_wconf 84' lang='grc' dir='ltr'><em>αι’-</em></span> 
     </span>
     <span class='ocr_line' id='line_1_66' title="bbox 822 2888 1237 2942; baseline -0.012 -13"><span class='ocrx_word' id='word_1_359' title='bbox 822 2891 917 2942; x_wconf 81' lang='grc' dir='ltr'><em>γῶν,</em></span> <span class='ocrx_word' id='word_1_360' title='bbox 946 2902 974 2926; x_wconf 82' lang='lat' dir='ltr'><em>s.</em></span> <span class='ocrx_word' id='word_1_361' title='bbox 993 2891 1076 2928; x_wconf 76' lang='grc' dir='ltr'><em>ταῖν</em></span> <span class='ocrx_word' id='word_1_362' title='bbox 1099 2888 1237 2941; x_wconf 76' lang='grc' dir='ltr'><em>αἰγῶν.</em></span> 
     </span>
    </p>
   </div>
  </div>
 </body>
</html>
