1863 3256
385 184 472 225 406
798 176 1263 220 HERODOTI

389 288 616 341 ἀπενείκας
644 289 723 345 μὲν
753 288 839 344 γάρ
869 286 1089 344 κεφαλὴν,
1130 289 1208 342 τῆς
1237 286 1359 341 ληίης
1385 286 1652 341 μεταλαμβά-

359 366 458 403 3νει
485 359 565 416 τὴν
594 359 649 403 ἂν
678 359 867 414 λάβωσι·
913 360 971 413 μή
1001 357 1165 407 ἐνείκας
1194 358 1263 407 δὲ,
1307 356 1374 399 οὕ.

1434 354 1652 411 ἀποδείρει

389 430 435 475 δὲ
465 428 603 487 αὐτὴν
630 429 776 483 τρόπῳ
807 430 974 483 τοιῷδε.
1030 426 1277 482 περιταμών
1302 424 1447 484 κύκλῳ
1477 429 1575 480 περὶ
1598 427 1652 470 τοὶ

390 494 499 552 ὦτα,
540 501 614 543 καὶ
643 498 884 553 λαβόμενος
913 502 988 553 τῆς
1016 501 1206 553 κεφαλῆς
1235 497 1404 540 ἐκσείει·
1449 497 1554 553 μετὰ
1588 497 1680 550 δὲ,5

390 572 599 624 σαρκίσας
629 568 735 624 βοός
766 572 953 626 πλευρῇ,

995 568 1114 620 δέψει
1143 572 1240 624 τῇσι
1268 569 1387 624 χερσί
1404 581 1412 590 ·

1460 567 1653 624 ὀργήσας

391 640 437 684 δὲ
468 639 599 692 αὐτὸ,
631 639 705 683 ἅτε
734 640 1046 695 χειρόμακτρον
1076 640 1262 692 ἔκτηται·
1308 639 1355 682 ἐκ
1386 639 1431 682 δὲ
1463 643 1552 681 τῶν
1581 657 1654 695 χα·

391 714 526 753 λινῶν
570 713 650 752 τοῦ
687 711 825 753 ἵππου
863 709 942 752 τὸν
983 707 1116 760 αὐτὸς
1163 708 1358 760 ἐλαύνει,

1405 709 1452 752 ἐκ
1490 710 1653 754 τούτου

362 780 586 832 4ἐξάπτει,
615 780 688 824 καὶ
708 779 947 836 ἀγάλλεται.
981 780 1029 831 ὃς
1055 780 1138 836 γὰρ
1174 779 1229 822 ἄν
1257 784 1434 822 πλεῖστα
1465 779 1653 836 δέρματα

334 940 480 994 κόμιον
510 940 588 996 πρὸ
613 946 689 984 τοῦ
705 943 833 984 ἵππου
858 947 995 995 φορεῖς

334 1002 418 1048 ubi,
449 1001 579 1039 eodem
605 1007 778 1039 monente
796 1001 995 1039 Wesselin-

335 1057 411 1106 gi0‚
431 1052 576 1107 κόμιον
596 1071 682 1108 pars
700 1062 756 1096 est
771 1057 873 1108 pellis
887 1057 995 1108 capiti

335 1114 538 1162 detractae,
559 1115 719 1151 crinibus
734 1115 878 1162 vestita,
902 1127 996 1163 quae

334 1170 528 1207 Herodoto
559 1166 862 1221 χειρόμακτρον,
895 1183 996 1207 man-

336 1227 408 1263 tile.
444 1226 493 1263 Et
508 1228 669 1264 referunt
686 1228 755 1264 huc
769 1240 914 1276 quoque
926 1228 996 1262 So-

335 1282 455 1334 phoel.
469 1283 504 1319 in
518 1283 697 1320 Oenomai
709 1284 874 1331 fragmm.
897 1282 996 1332 apud

335 1338 466 1377 Athen.
491 1340 554 1386 lX,
589 1342 639 1380 18
669 1341 763 1386 (79)
791 1353 825 1390 p.
851 1338 932 1379 410
953 1340 996 1375 C.

337 1394 433 1441 (coll.
448 1395 516 1432 ΧΗ
527 1409 564 1444 p.
576 1395 657 1436 524
670 1396 712 1432 E.
728 1396 848 1444 ibique
859 1396 998 1432 Casan-

336 1452 422 1488 bon.
442 1456 480 1488 et
498 1452 704 1500 Schweigh.
725 1452 771 1490 T.
789 1452 838 1488 Vl
859 1465 893 1502 p.
914 1453 995 1492 393

337 1508 461 1556 seqq.)
492 1508 652 1556 Hesych.
681 1521 709 1544 s.
736 1520 771 1544 v.
800 1506 998 1546 Σκυθιστὶ

336 1559 633 1614 χειρόμακτρον.
673 1563 719 1600 Τ.
749 1563 782 1600 11
811 1577 847 1614 p.
875 1565 997 1604 1222.

331 1619 431 1663 Plin.
454 1620 504 1656 H.
517 1619 564 1656 N.
585 1619 664 1663 Vll,
687 1623 714 1660 2
737 1620 896 1668 itemque
918 1632 998 1657 ver-

337 1676 423 1713 bum
461 1670 735 1728 οἷποσκυθίσαι
764 1676 907 1726 (pellem
938 1689 997 1712 ca—

334 1733 424 1782 pitis
468 1745 545 1769 cum
585 1733 740 1769 crinibus
781 1733 996 1779 detrahere),

338 1788 439 1837 quod
465 1801 539 1825 non
561 1802 584 1826 a
605 1802 705 1826 more
725 1789 940 1839 Scytharum
960 1790 997 1826 in

338 1844 435 1881 luctu
472 1849 582 1895 caput
617 1846 818 1893 tondendi,
856 1846 922 1884 sed
951 1845 997 1882 ab

338 1900 407 1937 hoe
433 1901 514 1950 ipso
536 1902 751 1951 Scytharum
772 1915 893 1950 more,
923 1915 998 1951 quo

340 1957 496 1994 hostium
516 1956 609 1994 bello
625 1959 923 2007 interemptorum
939 1971 998 1995 ca-

338 2014 416 2064 pita
432 2013 584 2062 pellibus
601 2015 782 2051 nudarent
799 2014 914 2063 iisque
932 2027 998 2065 pro

339 2069 544 2107 mantilibus
563 2074 764 2116 uterentur,
791 2072 921 2108 merito
940 2084 1000 2109 re-

339 2130 480 2176 petunt.
523 2125 582 2163 De
611 2139 684 2174 quo
708 2126 811 2177 plura
833 2127 999 2174 Lennep.

339 2183 388 2218 ad
412 2181 594 2220 Phalarid.
613 2182 733 2234 Epist.
760 2185 811 2224 13
840 2196 926 2235 pag.
948 2185 1000 2225 73

341 2250 444 2286 seqq.

397 2292 560 2344 ἐκσείει]
613 2295 766 2343 extulit,
813 2298 853 2332 ut
894 2295 1000 2334 Valla

340 2349 460 2387 vertit.
492 2350 645 2387 Comma
665 2356 750 2389 ante
767 2352 859 2389 hanc
873 2365 999 2390 vocem

341 2404 451 2452 vulgo
507 2407 663 2454 positum
677 2434 688 2453 ,
748 2408 867 2445 delevi
921 2422 1000 2446 cum

341 2461 543 2509 Schweigh.
564 2466 601 2498 et
620 2463 737 2499 Gaisf.
751 2491 761 2510 ,
791 2465 842 2500 ita
861 2467 899 2500 ut
918 2465 1000 2501 iun-

341 2521 474 2566 gantur
498 2519 568 2567 τῆς
597 2521 776 2568 κεφαλῆς
803 2519 940 2558 ἐκσείει
964 2524 1000 2557 et

341 2574 390 2610 ad
405 2569 750 2624 λαβόμενοςιηεηῒε
761 2575 1000 2612 subaudiatur

341 2631 415 2668 τοῦ
434 2628 636 2679 δέρματος.
668 2630 997 2680 Vulgatamlectio—

342 2698 427 2723 nem
456 2684 550 2732 ἐξίει
572 2689 692 2723 tuetur
716 2686 881 2737 Lennep.
911 2687 932 2724 1.
960 2688 998 2735 l.‚

342 2742 392 2779 ad
427 2754 538 2790 quam
573 2742 790 2793 subintelligi
817 2743 895 2780 vult
924 2741 998 2794 τήν

343 2794 526 2849 κεφαλήν
579 2797 623 2838 ἐκ
677 2801 750 2839 τοῦ
796 2797 997 2852 δέρματος.

1052 942 1385 991 Schweighaeuser.
1428 947 1526 982 recte
1568 949 1712 984 secutus

1052 1005 1108 1038 est
1134 1000 1243 1037 Italus
1265 999 1467 1049 interpres3
1498 1002 1713 1046 „incidendo

1048 1070 1168 1107 presso
1206 1056 1237 1092 Ie
1274 1055 1423 1092 orec-clade
1454 1058 1713 1096 circolarmente

1053 1113 1089 1150 la
1117 1117 1192 1149 cute
1212 1125 1228 1149 e
1252 1112 1510 1162 prendcmlolo,
1542 1115 1580 1151 Ιιι
1599 1119 1714 1152 scuote

1053 1170 1156 1206 dalla
1190 1170 1321 1205 testa.“
1374 1168 1455 1207 Nec
1492 1170 1596 1208 aliter
1635 1172 1713 1210 scre

1052 1225 1166 1263 Miot:
1215 1225 1270 1272 „il
1305 1225 1440 1262 ecorclze
1474 1240 1526 1263 ces
1556 1228 1642 1264 tetes
1670 1241 1713 1265 en

1053 1283 1201 1318 ΐιιίίίιιηί
1227 1281 1264 1317 la
1283 1294 1376 1331 pean
1398 1295 1440 1318 en
1459 1284 1564 1320 cerole
1583 1288 1712 1321 autom·

1053 1339 1111 1375 des
1131 1338 1264 1375 oreilles
1283 1341 1317 1374 ut
1337 1338 1375 1374 la
1393 1339 1538 1377 ‹Ie‘tache
1555 1343 1653 1377 ainsi
1671 1341 1713 1378 de

1053 1395 1090 1431 Ia
1107 1396 1226 1444 partie
1250 1397 1421 1431 osseuse.“
1448 1418 1499 1423 —
1530 1396 1588 1433 Ad
1614 1409 1712 1448 σαρ-

1053 1451 1167 1496 κίσας
1186 1451 1297 1488 citant
1319 1451 1503 1489 Pollucem
1524 1452 1554 1489 ll
1568 1481 1578 1499 ‚
1613 1456 1711 1494 133:

1051 1505 1259 1557 Ἡρόδοτος
1301 1504 1366 1553 δὲ,
1407 1509 1624 1558 Σαρκίσαι,
1667 1508 1711 1550 τό

1053 1565 1128 1603 τοῦ
1148 1561 1337 1613 δέρματος
1360 1560 1434 1614 τήν
1457 1560 1585 1616 σάρκα
1610 1561 1715 1614 οἶφε-

1053 1622 1148 1658 λεΐν,
1201 1619 1231 1656 C
1240 1632 1267 1656 r.
1327 1621 1469 1657 confert
1527 1622 1714 1660 Posidonii

1053 1676 1175 1714 Rhod.
1202 1677 1369 1724 fragmm.
1406 1689 1493 1728 pag.
1526 1678 1604 1719 135
1634 1691 1713 1730 seq.

1054 1733 1177 1782 ibique
1194 1733 1310 1770 Bake.

1111 1785 1311 1840 ὄργήσας]
1345 1787 1415 1826 Alii
1444 1784 1626 1841 ὄργίσας,
1656 1791 1715 1830 id-

1055 1858 1127 1894 que
1145 1846 1253 1883 etiam
1271 1845 1406 1883 Glossa
1420 1846 1635 1886 Herodotea
1652 1860 1715 1886 ex-

1055 1902 1156 1938 hibet
1196 1901 1376 1952 explicans
1417 1899 1604 1952 μαλάξας.
1655 1904 1713 1940 Ex

1053 1958 1157 1996 Porti
1186 1959 1438 1996 emendatione
1466 1961 1571 1997 fluxit
1601 1955 1715 2012 ὀργά-

1056 2025 1140 2061 σας,
1162 2015 1260 2063 quod
1281 2015 1626 2064 Schweighaeusero
1656 2017 1715 2064 (in

1055 2069 1134 2108 Lex
1153 2045 1617 2121 Herod.s.v.)⁰1›1aceret‚
1645 2073 1716 2110 nisi

1055 2128 1279 2174 verendum,
1309 2140 1356 2165 ne
1375 2141 1441 2177 pro
1462 2123 1638 2180 ὀργάζειν
1656 2130 1716 2167 Io-

1056 2196 1121 2220 nes
1140 2184 1295 2221 dixerint
1311 2179 1484 2234 ὀργίζειν.
1515 2184 1564 2222 At
1583 2186 1715 2223 Ruhn-

1056 2240 1166 2277 kenio
1195 2241 1243 2277 ad
1265 2240 1408 2278 Timaei
1436 2240 1527 2279 Lex.
1553 2241 1645 2278 Plat.
1675 2255 1714 2292 p.

1059 2298 1139 2336 180
1169 2290 1328 2348 ὄργίσας
1355 2302 1478 2334 natum
1504 2298 1650 2335 videtur
1670 2310 1715 2335 ex

1057 2364 1228 2403 οργησας
1267 2366 1288 2390 a
1312 2353 1422 2390 verbo
1452 2348 1603 2404 ὄργαω,
1641 2367 1716 2403 quo

1056 2409 1280 2457 frequentior
1318 2421 1405 2446 sane
1449 2409 1562 2446 altera
1598 2411 1715 2448 forma

1056 2464 1236 2501 invenitur
1252 2459 1443 2516 ὅργάζειν.
1468 2465 1502 2501 W*
1503 2465 1573 2503 alet
1593 2471 1714 2504 autem

1056 2523 1239 2556 materiam
1277 2533 1306 2560 s.
1345 2533 1495 2558 massam
1526 2524 1714 2571 quamlibet

1057 2577 1228 2623 subigere,
1245 2589 1432 2625 macerare,
1456 2578 1601 2616 mollire.
1628 2579 1715 2617 Plu-

1056 2645 1096 2669 ra
1123 2632 1307 2670 Ruhnken
1334 2633 1358 2671 l.
1386 2633 1407 2671 l.
1448 2635 1509 2673 Tu
1535 2636 1645 2674 etiam
1666 2636 1713 2674 cf.

1054 2688 1125 2736 lv,
1159 2691 1248 2730 199.

1111 2744 1179 2783 καὶ
1217 2740 1447 2798 α’γάλλεται]
1490 2748 1512 2785 i.
1547 2761 1579 2787 e.
1611 2760 1714 2797 eoque

1053 2802 1243 2850 gloriatur.
1283 2802 1340 2840 Cf.
1358 2804 1499 2842 Herod.
1528 2804 1599 2852 IX,
1632 2807 1712 2846 109

1847 723 1851 742 l
