1946 3272
35 218 38 226 ·
35 0 43 160 -<--———.

35 161 39 194 2
596 171 632 209 Τ
661 170 699 208 Η
729 169 763 206 Α
793 168 825 206 L
857 169 871 205 1
901 167 945 207 A.
1005 169 1067 207 111.
1383 178 1466 215 107

1390 280 1731 343 OUJOq²d¹²
1721 293 1798 345 1ὖειιιζῖ

1526 325 1597 384 ἱῖιῖτ
1595 351 1644 377 aiil
1668 320 1746 378 ιῗῖἱιει»
1730 328 1800 386 :glri-

1528 360 1653 411 mulsia.
1655 361 1786 412 vltllhot·

1527 424 1577 441 CUS
1608 418 1645 442 S‘!
1632 420 1687 444 ΊῙῙῃ
1693 428 1725 445 u„
1753 428 1799 446 ar-

1529 448 1573 475 chi
1578 452 1657 477 tecti.

199 281 286 324 ἐστὶ
326 281 502 337 μέγιστα
533 278 739 322 ἁπάντων
772 275 990 333 Ἑλλήνων
1025 276 1328 332 ἐξεργασμένα.

28 362 35 562 1
197 352 297 407 ρεός
326 369 368 395 τε
397 350 570 408 ὑψηλοῦ
599 348 643 402 ἐς
669 348 940 405 πεντήκοντα
969 349 1042 392 καὶ
1079 348 1236 392 ἑκατὸν
1272 347 1468 404 ὀργυιάς,

137 500 162 537 9
184 496 220 548 §.
240 499 285 544 4)
319 498 413 534 inter
442 507 555 545 opera
579 507 601 531 a
619 495 800 543 tyrannis,

136 567 209 603 quo
230 553 372 604 plebem
393 552 533 590 alerent
555 552 704 600 eiusque
719 551 800 588 ani-

136 623 214 647 mos
237 622 258 646 a
279 609 386 646 rebus
415 608 568 659 publicis
591 613 799 654 avocarent,

133 666 320 712 confecta,
360 665 458 702 Sami
491 677 639 714 quoque
661 677 801 702 memo-

133 727 190 758 rat
223 720 314 772 ἔργα
357 718 653 772 Πολυκράτεια,
705 733 800 770 quae

133 779 180 815 ad
202 780 271 815 tria
293 781 363 815 ista
384 791 495 828 opera
515 778 549 814 li.
576 778 597 814 l.
619 779 665 815 ab
677 778 800 815 Hero-

132 835 220 871 doto
239 835 399 872 indicata
415 835 526 883 vulgo
549 836 722 872 referunt.
745 834 799 871 Ac

133 892 220 928 satis
251 892 400 940 quidem
434 897 581 938 notum,
620 897 798 940 tyrannos

131 949 184 984 ita
213 948 428 998 plerumque
457 948 599 997 egisse,
648 953 687 984 ut
720 947 799 998 ple-

131 1004 212 1042 bem
254 1006 410 1042 otiosam
447 1006 619 1055 operibus
654 1004 796 1053 magnis

131 1061 361 1110 molibusque
391 1062 621 1098 exstruendis
654 1062 797 1098 detine-

131 1122 214 1154 rent
245 1131 363 1167 eoque
388 1119 469 1167 ipso
503 1130 524 1153 a
556 1118 795 1154 seditionibus

130 1175 367 1223 motibusque
383 1179 570 1210 avocatam
590 1175 712 1222 iugum
730 1174 797 1210 iin-

127 1231 286 1281 positum
323 1232 505 1280 patienter
544 1232 640 1268 ferre
685 1231 796 1267 doce-

128 1291 220 1324 rent.
264 1286 374 1324 conf.
398 1300 492 1336 quae
513 1288 648 1324 excitat
669 1287 712 1323 C.
732 1286 795 1323 Fr.

125 1343 329 1390 Hermann.
364 1343 499 1381 Lehrb.
539 1344 605 1381 der
645 1344 792 1382 Griech.

126 1399 398 1437 Staatsalterth.
417 1398 454 1450 ἓ.
475 1398 528 1440 64
551 1404 628 1437 not.
649 1402 685 1440 3.
734 1399 794 1437 Ad

126 1456 331 1505 Polycratis
350 1457 409 1494 illa
426 1458 528 1506 quod
547 1458 681 1494 attinet
702 1470 794 1508 ope-

125 1525 166 1550 ra
186 1514 277 1560 tria,
319 1514 504 1552 Heraeum
527 1514 614 1551 inde
635 1514 792 1552 eximere

126 1569 261 1616 licebit,
292 1571 431 1620 quippe
449 1571 550 1620 quod
567 1570 678 1620 longe
692 1570 792 1621 prius

126 1627 261 1663 exstrui
274 1633 442 1676 coeptum
455 1632 513 1664 est
525 1632 562 1665 et
573 1629 791 1665 consectum.

127 1682 209 1719 Vid.
241 1682 276 1719 T
279 1683 432 1722 hiersch.
462 1683 639 1733 Epochen
664 1688 731 1721 etc.
754 1697 792 1734 p.

130 1737 223 1779 184.
248 1739 339 1780 185.
361 1761 417 1766 -
439 1740 482 1777 In
500 1741 705 1777 universum
725 1753 789 1777 au-

126 1799 198 1832 tem
219 1795 254 1832 h.
271 1795 294 1832 l.
316 1797 433 1833 teneri
453 1797 577 1843 velim,
615 1797 789 1834 Herodo-

125 1856 201 1889 tum
222 1853 368 1902 saepius
387 1853 462 1890 suis
476 1854 511 1889 in
529 1853 627 1890 libris
638 1854 788 1890 Samum

125 1909 305 1959 respicere
323 1911 474 1959 eiusque
493 1923 552 1947 res
569 1911 789 1947 memorabi-

125 1964 177 2002 les
200 1966 335 2004 referre
354 1967 527 2016 singulari
548 1968 708 2016 quadam
729 1968 786 2004 in-

124 2022 284 2068 dustria,
342 2024 441 2061 unde
490 2024 681 2062 verisimile
731 2025 785 2071 fit,

125 2079 226 2127 quod
247 2079 380 2117 Suidas
399 2093 427 2119 s,
451 2094 485 2117 v.
505 2079 637 2131 Ἱ-[ροδ.
662 2082 787 2128 tradit,

123 2134 354 2173 Herodotum
388 2137 457 2174 hac
493 2138 530 2174 in
570 2137 687 2174 insula
722 2137 788 2174 ali—

124 2193 297 2240 quamdiu
333 2199 596 2231 commoratum
627 2195 787 2232 lonicam

125 2248 295 2287 didicisse
324 2250 518 2288 dialectum
557 2251 788 2289 historianive

124 2307 381 2356 conscripsisse
399 2307 455 2344 vel
477 2308 576 2357 quod
599 2308 790 2356 malumus,

126 2362 340 2400 scribendae
365 2363 538 2402 historiae
567 2365 709 2402 initium
733 2366 789 2402 fe-

124 2418 227 2457 cisse.
282 2420 390 2457 conf.
421 2421 565 2459 Herod.
594 2422 664 2468 ΙΙΙ,
708 2423 786 2462 139

125 2473 203 2512 init.
227 2480 263 2512 et
289 2476 414 2526 Heyse
436 2479 587 2522 Quaest.
607 2479 748 2516 Herod.
772 2478 785 2515 I

125 2542 161 2579 p.
183 2532 248 2571 88.
279 2532 378 2576 Quin
400 2535 480 2584 ipsa
499 2535 641 2584 longior
660 2548 786 2572 narra-

125 2586 175 2622 tio
198 2588 244 2625 de
263 2588 455 2638 Polycrate
473 2592 681 2641 Sainiisque
703 2592 737 2629 h.
761 2591 783 2628 l.

126 2642 282 2691 inserta,
352 2649 592 2698 comprobare
641 2649 787 2686 videtur

126 2699 311 2749 scriptoris
329 2704 488 2742 animum
513 2706 561 2742 ad
579 2706 785 2743 Samiorum

126 2767 182 2792 res
202 2756 305 2794 valde
322 2758 512 2808 intentum,
532 2762 631 2799 haud
646 2764 720 2801 scio
739 2776 786 2800 an

126 2824 207 2849 eam
238 2813 354 2863 ipsam
392 2817 439 2854 ob
478 2831 647 2867 causam,
686 2820 788 2870 quod

858 496 995 532 diutius
1017 494 1084 532 hac
1100 495 1137 531 in
1157 494 1272 531 insula
1291 495 1411 531 fuerat
1429 507 1529 532 com-

858 556 1035 589 moratus.
1078 551 1138 589 De
1158 551 1363 588 istiusmodi
1383 551 1525 600 digres-

857 608 1020 645 sionibus
1044 608 1080 644 in
1100 620 1213 658 opere
1232 608 1449 645 Herodoteo
1471 609 1527 644 di·-

857 666 973 702 ximus
1002 664 1050 701 ad
1074 664 1099 711 l,
1122 666 1198 710 233
1240 678 1330 713 quas
1360 665 1396 701 in
1427 664 1526 701 nullo

855 721 927 758 alio
946 721 1179 758 historiarum
1199 722 1377 771 scriptore
1397 721 1524 758 obvias

858 779 905 815 ad
922 778 1082 815 indolem
1095 777 1332 816 Herodoteae
1350 778 1525 815 historiae

856 835 1059 885 pertinere,
1107 836 1324 884 praesertim
1359 836 1394 871 in
1437 835 1524 872 fatis

856 897 1095 940 tyrannorum
1132 891 1311 929 Graeciae
1349 904 1523 928 enarran-

856 949 912 985 dis
936 948 1180 999 conspicuam,
1214 952 1339 985 monet
1362 949 1522 986 Creuze-

855 1018 916 1042 rus
935 1005 1034 1041 Hist.
1052 1004 1176 1041 kunst
1203 1006 1239 1041 d.
1263 1005 1409 1042 Griech.
1433 1017 1521 1055 pag.

854 1063 957 1108 273,
1004 1074 1083 1097 cum
1109 1061 1200 1097 haec
1230 1074 1353 1098 earum
1381 1063 1430 1098 sit
1455 1062 1524 1108 vis,

854 1123 894 1154 ut
918 1118 1042 1154 hostes
1060 1117 1227 1154 Graecae
1256 1117 1434 1155 libertatis
1454 1132 1523 1168 pu-

853 1174 921 1211 niri
944 1187 1011 1211 nec
1031 1172 1141 1210 ullum
1163 1173 1280 1211 scelus
1308 1186 1330 1210 a
1358 1175 1521 1212 vindicta

853 1231 977 1267 divina
997 1231 1146 1280 impune
1166 1230 1252 1267 ferri
1275 1236 1468 1281 appareat.

910 1282 1053 1339 οὕρεός
1081 1301 1122 1325 τε
1145 1284 1314 1337 ὑψηλοῦ
1343 1302 1377 1325 κ.
1409 1302 1441 1325 τ.
1466 1287 1518 1338 t]

852 1345 873 1380 i.
893 1358 924 1382 e.
947 1343 1137 1392 „Primum
1156 1358 1240 1394 opus
1261 1348 1311 1380 est
1323 1346 1450 1381 montis
1469 1346 1521 1389 (s.

851 1402 888 1438 in
908 1402 1077 1450 monte),
1109 1402 1172 1449 qui
1192 1400 1241 1438 ad
1259 1405 1395 1438 centum
1416 1403 1521 1451 quin-

852 1460 1032 1507 quaginta
1059 1459 1206 1508 orgyias
1242 1458 1341 1494 altus
1367 1461 1441 1503 est‚·
1481 1460 1521 1495 z'n

850 1516 913 1552 hoc
936 1517 1052 1563 igitur
1071 1518 1183 1551 monte
1207 1514 1312 1565 fossa
1336 1519 1387 1552 est
1408 1515 1521 1552 dedu-

852 1576 910 1608 cta
932 1573 975 1609 ab
993 1574 1060 1608 imo
1071 1575 1184 1608 monte.
1206 1574 1380 1622 incipiens
1399 1576 1432 1609 et
1452 1573 1520 1609 dn-

845 1629 940 1678 plz'cz‘
955 1630 1124 1678 utrinque
1138 1642 1194 1665 ore
1215 1631 1413 1673 instructa5
1437 1629 1520 1679 sos-

850 1699 909 1722 sae
940 1685 1125 1733 longitudo
1151 1689 1200 1722 est
1229 1689 1357 1735 septem
1383 1687 1520 1723 stadio-

849 1756 940 1788 rum,
963 1742 1120 1778 altitudo
1141 1747 1172 1778 et
1195 1743 1351 1779 latitudo
1364 1747 1437 1779 octo
1454 1758 1519 1793 pe-

849 1800 932 1836 dum
957 1799 1152 1849 utrciqnef‘
1184 1800 1256 1837 Ubi
1280 1813 1350 1837 vox
1370 1796 1516 1838 τούτου

846 1857 1004 1894 refertur
1023 1857 1073 1892 ad
1092 1853 1233 1906 οὔρεος
1253 1869 1326 1893 non
1345 1856 1416 1894 alia
1437 1858 1516 1894 fere

845 1913 985 1950 ratione
1000 1917 1112 1961 atque
1131 1912 1194 1959 lll,
1210 1912 1260 1952 14
1277 1913 1356 1950 init.
1372 1913 1519 1950 Articu-

844 1971 918 2006 lum
941 1965 984 2008 τὸ
1007 1975 1094 2006 ante
1114 1966 1270 2021 ὄρυγμα
1287 1970 1398 2019 vulgo
1416 1971 1516 2020 posi-

842 2031 919 2063 tum
932 2039 1013 2063 cum
1025 2026 1194 2075 Schwgh.
1208 2031 1244 2064 et
1257 2026 1374 2063 Gaisf.
1386 2027 1515 2064 delevi.

845 2078 1073 2133 ἀρξάμενον
1105 2096 1180 2119 non
1211 2083 1319 2120 aliter
1353 2084 1514 2133 positum

849 2147 962 2189 atque
1003 2139 1061 2186 ll,
1105 2142 1169 2180 17.
1208 2141 1273 2179 33.
1328 2140 1400 2187 Ill,
1448 2143 1515 2180 91.

844 2195 903 2233 Ad
932 2193 976 2234 vd
1007 2198 1160 2247 μῆκος,
1200 2193 1242 2234 τὸ
1270 2191 1382 2245 ὕψος
1416 2198 1512 2234 conf.

845 2253 979 2290 Matth.
1005 2253 1072 2290 Gr.
1097 2253 1163 2290 Gr.
1187 2251 1226 2303 ἓ.
1247 2251 1351 2301 428,
1378 2253 1403 2293 5
1426 2267 1514 2304 pag.

846 2310 941 2350 794.
955 2330 1011 2337 —·
1031 2309 1169 2358 Tangit
1190 2310 1376 2347 Herodoti
1397 2310 1516 2347 locum

845 2366 1061 2403 Eustathius
1103 2367 1153 2403 ad
1183 2366 1337 2415 Dionys.
1368 2367 1514 2417 Perieg.

845 2425 939 2463 533.
963 2444 1016 2450 -—
1051 2422 1108 2461 De
1130 2423 1219 2474 ipsis
1242 2425 1419 2461 mensuris
1440 2425 1513 2461 vid.

844 2485 936 2517 nott.
967 2480 1014 2516 ad
1037 2480 1083 2527 ll,
1119 2480 1212 2521 149.
1261 2480 1373 2518 Unde
1397 2486 1514 2531 patet,

843 2541 987 2575 centum
1043 2537 1315 2586 quinquaginta
1362 2539 1510 2587 orgyias

842 2606 1003 2642 aequare
1023 2600 1232 2643 nongentos
1252 2595 1368 2644 pedes
1390 2595 1511 2631 Grae-

844 2663 928 2696 cos,
977 2650 1053 2687 sive
1084 2663 1197 2687 unum
1228 2651 1386 2688 stadium
1419 2651 1510 2686 alte-

844 2708 994 2757 riusque
1014 2708 1225 2752 dimidium3
1265 2721 1352 2745 nam
1380 2707 1507 2756 orgyia

845 2776 909 2801 sex
935 2768 1082 2801 constat
1110 2765 1266 2815 pedibus
1306 2764 1382 2800 sive
1414 2774 1507 2810 qua-

845 2826 928 2858 tuor
947 2821 1086 2858 cubitis.
1135 2821 1239 2859 Haec
1263 2820 1293 2857 si
1317 2819 1364 2856 ad
1383 2830 1507 2856 recen-
