1863 3256
502 210 1063 251 MELPOMENE.

1124 212 1184 248 lv.
1400 218 1482 256 277

204 322 522 378 ἀπαρύσαντες,
553 320 759 376 ἡγεῦνται
789 318 901 364 εἶναι
931 318 1210 376 τιμιώτερον·
1245 320 1293 364 τό
1324 321 1358 364 δ’
1387 322 1482 366 ὑπι·

173 393 444 449 ὅστάμενον,
484 388 624 449 ἧσσον
662 396 747 435 τοῦ
787 391 948 447 ἑτέρου.

203 464 375 508 ἅπαντα
401 463 480 507 τὸν
509 461 565 506 ἂν
591 462 758 518 λάβωσι
790 465 834 506 οἱ
864 463 1058 511 Σκύθαι,
1094 462 1382 547 ἐκτυφλοῦσι·
1424 462 1478 507 οὐ
1492 471 1535 505 35

114 537 145 581 3
201 535 287 593 γάρ
318 533 474 589 ἀρόται
503 534 603 587 εἰσὶ,
635 532 744 578 ἀλλὰ
773 533 971 590 νομάδες.

1008 390 1181 434 τούτων
1223 392 1302 448 μὲν
1337 394 1478 436 εἵνεκα

1028 533 1101 578 Ἐκ
1130 534 1302 578 τούτων
1332 534 1384 591 δή
1417 537 1480 578 ὠν

201 619 281 663 σφι
309 609 398 649 τῶν
426 604 601 649 δούλων
624 606 696 648 καὶ
719 609 807 648 τῶν
826 610 1051 662 γυναικῶν
1074 605 1293 663 ἐπετραφη
1317 606 1479 663 νεότης·

200 681 244 722 οἳ
271 676 364 720 ἐπεί
391 691 436 719 τε
467 676 634 732 ἔμαθον
663 675 744 732 τὴν
775 678 992 734 σφετέρην
1021 678 1212 734 γένεσιν,
1241 677 1475 735 ἠντιοῦντο

171 748 378 793 Ξαύτοῖσι
414 751 615 791 κατιοῦσι
659 748 706 791 ἐκ
741 753 831 792 τῶν
872 748 1055 805 Μήδων.
1114 749 1188 793 καὶ
1214 753 1366 806 πρῶτα
1397 750 1477 806 μὲν

193 821 273 878 τὴν
301 819 452 877 χώρην
480 817 775 876 ἀπετάμοντο,
806 819 979 876 τάφρον
1009 819 1271 878 ὀρυξάμενοι
1302 819 1474 879 εὐρέαν,

137 992 213 1035 non
229 998 408 1048 praebere
428 998 613 1046 butyrum.
652 996 702 1034 At
718 997 804 1035 Rit-

137 1058 205 1092 ter.
232 1054 404 1092 Vorhalle
423 1068 458 1104 p.
480 1055 576 1101 357,
598 1054 666 1091 hoc
682 1055 801 1104 ipsum

136 1112 185 1149 ad
231 1111 354 1161 butyri
398 1112 510 1149 refert
556 1111 801 1161 parationem,

134 1180 233 1217 quae
266 1168 419 1204 Graecis
456 1171 568 1205 antea
613 1167 801 1216 incognita

134 1224 279 1274 Scythis
310 1224 421 1261 Ponti
448 1224 578 1260 accolis
611 1225 711 1274 prius
741 1225 798 1260 in-

133 1281 295 1318 notuisse
315 1281 498 1328 videatur,
517 1293 687 1330 quaeque
699 1281 799 1331 apud

135 1338 301 1375 Graecos
340 1335 509 1374 Aristeae
555 1338 797 1375 adscribatur.

132 1393 191 1432 De
210 1393 356 1432 Aristea
376 1395 472 1430 conf.
495 1394 557 1440 lv,
581 1396 632 1435 13
655 1407 732 1444 seq.

177 1446 226 1489 ου’
246 1447 321 1502 γάρ
342 1446 482 1501 ἀρόται
503 1448 594 1498 εἰσὶ,
611 1447 709 1490 ἀλλά
727 1466 795 1490 νο-

131 1504 268 1559 μάδες]
309 1507 492 1558 „Nempe
524 1521 599 1545 non
628 1509 696 1545 nisi
727 1521 796 1545 no-

131 1565 258 1602 mades
285 1565 328 1612 (i.
350 1577 380 1601 e.
409 1566 599 1615 pastores)
633 1565 795 1615 Scythae

130 1625 329 1659 excaecant
348 1634 495 1667 servos,
525 1634 616 1670 agro
641 1622 794 1659 colendo

129 1680 228 1715 caeci
251 1690 379 1727 parum
400 1677 540 1715 habiles
564 1684 670 1715 erant
697 1679 796 1715 futu-

128 1735 169 1773 ri.
181 1736 206 1755 “
238 1734 563 1782 Schweighaeuser.

361 1792 470 1841 Cap.
502 1791 564 1828 lll.

182 1842 248 1886 ’En
266 1843 419 1886 τούτων
432 1842 684 1899 -ἐπετράφη
704 1843 794 1886 νεό-

126 1904 211 1969 της]
244 1900 397 1943 τούτων
421 1917 487 1955 pro
511 1903 684 1944 τουτέων
706 1905 793 1941 scri-

126 1961 185 2012 psi
234 1974 314 1999 cum
356 1961 474 2000 Gaisf.
517 1966 556 1999 et
596 1961 791 2007 Matthiae,

126 2018 288 2067 itemque
308 2013 513 2069 ἐπετράφη
529 2032 609 2055 cum
619 2018 788 2067 Schwgh.

126 2078 164 2112 et
193 2075 310 2111 Gaisf.
343 2088 411 2126 pro
443 2075 529 2123 vulg
517 2079 579 2112 at.
619 2069 789 2140 ἐτράφη,

125 2132 228 2181 quod
243 2132 402 2169 servavit
423 2132 558 2169 Matth.
578 2145 653 2168 non
672 2133 789 2182 respi-

125 2188 223 2225 ciens
241 2189 374 2239 opinor
400 2201 480 2226 eam
503 2189 597 2235 vim,
638 2201 732 2238 quae
753 2189 787 2225 h.

123 2243 146 2281 l.
166 2244 204 2282 in
222 2245 497 2295 praepositione
518 2243 582 2284 ἐπὶ
602 2245 722 2283 inesse
735 2246 788 2282 vi-

123 2300 245 2339 detur.
305 2302 418 2346 Quod
447 2302 612 2351 sequitur
641 2303 699 2349 οἳ,
739 2303 787 2338 ad

123 2353 264 2408 νεότης
305 2358 557 2406 referendum,
608 2359 788 2395 structura

124 2413 172 2450 ad
193 2427 341 2452 sensnm
371 2428 467 2464 quae
494 2416 648 2463 dicitur,
688 2415 786 2452 haud

123 2469 356 2520 infrequenti.
385 2492 440 2498 —-
485 2472 621 2510 Servos
663 2476 786 2509 autem

123 2524 253 2574 hosce,
301 2541 377 2565 non
422 2528 513 2565 alios
549 2542 630 2566 esse
673 2533 786 2578 atque

124 2580 258 2620 Sindos
281 2585 474 2636 ignobiles,
515 2598 607 2634 quos
626 2597 786 2623 comme-

122 2644 242 2675 morat
289 2641 499 2678 Ammianus
550 2641 785 2679 Marcellinus

122 2693 240 2741 XXII,
263 2696 302 2742 8,
332 2699 460 2735 statuit
479 2698 520 2734 P.
543 2699 591 2736 de
608 2699 783 2748 Koppen.

121 2750 159 2787 in
180 2750 285 2798 libro,
314 2753 376 2800 qui
398 2753 628 2792 inscribitur:
665 2754 785 2793 Alter-

121 2806 264 2844 thiimer
316 2820 373 2844 am
411 2808 672 2859 Nordgestade
717 2812 782 2849 des

120 2862 261 2901 Pontus
281 2864 422 2911 (Wien.
444 2867 572 2914 1823)
597 2879 685 2918 pag.
705 2870 783 2914 63⁰,

862 996 969 1034 Plinii
984 1010 1131 1047 quoque
1149 998 1219 1035 huc
1234 998 1383 1036 trahens
1402 998 1524 1047 regio-

860 1067 944 1091 nem
976 1054 1149 1105 Scythiae
1172 1054 1387 1102 Sendz'cam,
1425 1055 1524 1093 Hist.

859 1110 949 1148 Nat.
976 1111 1037 1158 lv,
1062 1114 1124 1152 12.

915 1164 990 1217 τήν
1009 1163 1142 1218 χώρην
1162 1163 1427 1218 ἀπετάμοντο]
1449 1168 1471 1204 i.
1489 1180 1521 1204 e.

859 1227 1010 1272 terram,
1042 1237 1147 1274 quam
1170 1225 1358 1270 tenebant,
1389 1225 1523 1261 abscis-

857 1284 980 1317 seruut
1022 1281 1071 1330 (a
1102 1281 1243 1331 reliqua
1275 1281 1350 1318 scil.
1382 1282 1522 1330 terra),

850 1337 960 1388 fossct
998 1337 1122 1375 ducta.
1192 1337 1251 1376 De
1287 1351 1377 1375 voce
1419 1332 1523 1376 ἀπο-

855 1393 1073 1444 τέμνεσθαι
1104 1395 1284 1445 quaedam
1315 1395 1521 1432 notavimus

854 1453 903 1489 ad
920 1451 1103 1489 Plutarchi
1130 1451 1360 1503 Philopoem.
1393 1465 1428 1502 p.
1455 1453 1522 1492 60.

853 1529 909 1537 —
940 1508 1062 1560 Ipsam
1098 1513 1221 1546 autem
1258 1510 1395 1546 fossam
1426 1509 1521 1546 infra

852 1577 1001 1614 quoque
1023 1566 1088 1612 lV,
1108 1568 1161 1606 20
1192 1565 1273 1603 coll.
1295 1567 1349 1605 28
1379 1564 1519 1603 Noster

851 1627 1123 1668 commemorat,
1156 1623 1316 1671 itemque
1337 1622 1517 1659 Tauricos

851 1683 994 1716 montes
1029 1691 1073 1715 ex
1105 1679 1174 1716 hoc
1206 1680 1287 1728 ipso
1315 1678 1395 1715 loco
1427 1679 1516 1714 citat

851 1735 1069 1772 Eustathius
1108 1736 1156 1772 ad
1188 1735 1340 1785 Dionys.
1370 1734 1515 1783 Perieg.

854 1794 958 1839 163,
1003 1792 1039 1828 in
1082 1791 1313 1829 Chersoneso
1353 1791 1516 1828 Taurica

850 1849 927 1886 sive
960 1848 1169 1885 Crimmaea
1209 1853 1245 1886 et
1283 1848 1432 1897 quidem
1470 1860 1515 1885 ea

848 1910 980 1955 parte,
1017 1906 1090 1954 qua
1115 1906 1314 1942 continenti
1341 1905 1515 1953 iungitur,

848 1961 1091 2011 probabiliter
1111 1963 1353 2011 quaerendos.
1386 1962 1443 1998 Ab
1458 1961 1513 1997 his

847 2019 959 2067 igitur
996 2019 1180 2055 montibus
1210 2031 1305 2067 quae
1336 2019 1434 2055 fossa
1465 2018 1513 2054 ad

847 2075 962 2112 lacum
995 2075 1216 2113 Maeoticum
1247 2088 1362 2125 usque
1392 2075 1512 2112 dedu-

848 2136 906 2169 cta
936 2132 1088 2177 dicitur,
1128 2132 1276 2169 minime
1312 2131 1394 2168 talis
1429 2144 1512 2168 esse

845 2189 985 2239 potuit,
1024 2189 1105 2226 mea
1126 2190 1274 2237 quidem
1299 2202 1341 2225 ex
1363 2192 1512 2225 senten-

845 2245 916 2292 tia,
947 2258 1044 2294 quae
1067 2245 1264 2292 Isthmum,
1293 2244 1509 2293 angustissi-

847 2315 945 2339 mum
965 2302 1063 2338 illum
1083 2303 1253 2351 quidem,
1294 2315 1366 2350 quo
1392 2301 1510 2338 Cher-

845 2371 998 2396 sonesus
1025 2371 1106 2395 cum
1134 2359 1333 2395 continenti
1360 2359 1508 2395 coniun-

844 2417 965 2464 gitur,
1020 2415 1253 2465 interciperet
1295 2416 1509 2464 aditumque

844 2473 880 2509 in
912 2473 1030 2522 ipsam
1061 2471 1257 2509 Tauricam
1285 2471 1508 2509 interelude-

843 2533 910 2566 ret.
970 2530 1205 2577 Quamquam
1232 2529 1316 2565 olim
1344 2527 1414 2565 illie
1446 2541 1508 2565 ex-

843 2586 980 2623 stitisse
1000 2587 1170 2623 dicnntur
1189 2586 1428 2630 munimenta,
1460 2585 1508 2621 ad

841 2641 1093 2679 Romanorum
1131 2647 1289 2680 aetatem
1322 2642 1510 2692 pei-tinen-

841 2699 922 2745 tia;
950 2700 1050 2737 unde
1074 2699 1142 2748 ipsi
1166 2699 1246 2736 loco
1270 2710 1404 2735 nomen
1434 2696 1509 2732 Τα-

838 2755 953 2805 phrae
972 2755 1180 2805 (Taphros)
1202 2759 1296 2792 teste
1321 2753 1439 2790 Plinio
1459 2752 1507 2788 H.

840 2811 890 2849 N.
914 2812 978 2860 IV,
1002 2814 1056 2852 26
1076 2808 1172 2863 (12)
1193 2811 1270 2848 coll.
1293 2808 1415 2845 Strab.
1436 2807 1503 2844 Vll

840 2881 876 2918 p.
898 2870 980 2909 308
1007 2881 1033 2904 s.
1054 2881 1089 2918 p.
1119 2867 1201 2908 473
1230 2867 1289 2912 B„
1323 2877 1396 2913 quo
1422 2863 1505 2900 loco

1535 534 1570 561 Iu
1574 539 1680 563 entis
1707 545 1724 565 e
1749 546 1811 565 ser-

1536 569 1725 631 thgsggiitittet:
1738 572 1811 607 sc)
