1863 3256
0 84 34 217 ιν
463 144 1025 188 MELPOMENE.
1075 146 1137 186 IV.
1346 155 1429 195 401

0 234 3 312 l
40 265 105 312 61
169 263 256 317 Τῆς
294 260 339 304 δὲ
376 262 456 315 γῆς
493 260 570 314 τῆς
606 259 834 312 Σκυθικῆς
873 257 1006 307 αἰνῶς
1045 254 1211 309 αξύλου
1258 256 1428 343 ἐούσης,
1484 268 1576 335 mom
1526 272 1628 298 cumas
1653 278 1686 301 nt
1713 283 1761 301 00-

0 314 2 342 l
138 326 255 374 Ξῶδέ
286 343 365 386 σφι
395 331 437 381 ἐς
465 328 545 384 τὴν
575 328 730 384 ἕψησιν
759 332 846 371 τῶν
865 331 1006 382 κρεῶν
1025 327 1258 384 ἐξεύρηται.
1291 328 1423 374 ἐπεάν
1435 338 1514 394 552!
1509 341 1557 362 ¹¹
1542 374 1571 396 nt
1567 310 1661 398 ῑῖῆηῑει(
1662 317 1762 401 ruffi-'if

168 401 430 455 ἀποδείρωσι
458 400 510 442 τὰ
542 400 684 455 ἱρήια,
713 403 931 455 γυμνοῦσι
950 398 1002 441 τά
1021 396 1148 441 ὀστέα
1166 401 1254 441 τῶν
1269 405 1428 453 κρεῶιν
1492 411 1537 435 00(
1511 379 1691 465 01001Ίὲἰωῦῡῑμη
1661 416 1763 468 {3222ss

0 435 2 519 l
168 473 311 515 ἔπειτα
341 470 625 526 ἐσβάλλουσι,
673 471 729 526 ἢν
757 470 835 525 μὲν
864 469 1025 524 τύχωσι
1054 470 1223 525 ἔχοντες
1251 472 1433 527 λέβητας
1489 468 1562 498 ¹³⁸²·

0 525 2 605 l
165 542 439 598 ἐπιχωρίους,
483 541 669 596 μάλιστα
704 542 930 596 Λεσβίοισι
969 545 1180 597 κρητῆρσι
1212 542 1433 596 προσεικέ-

164 616 291 663 λους,
320 612 451 666 χωρὶς
480 611 507 665 ἢ
527 611 595 654 ὅτι
611 615 758 668 πολλῷ
779 612 982 667 μέζονας·
1015 611 1059 662 ἐς
1079 611 1265 664 τούτους
1284 612 1432 670 ἐσβάλ-

162 688 335 735 λοντες,
376 683 534 733 ἕψουσι
565 681 853 734 ὑποκαίοντες
883 682 936 725 τὰ
975 681 1102 726 ὀστέα
1140 687 1229 726 τῶν
1267 686 1434 741 ἷρηΐων.

135 753 228 809 δῆν
257 753 303 796 δὲ
332 752 390 808 μή
424 765 504 809 σφι
533 757 654 810 παρῇ
694 752 839 810 λέβης,
883 756 927 798 οἱ
959 754 1004 797 δὲ
1036 753 1079 805 ἐς
1110 753 1190 806 τας
1225 756 1492 811 γαστέραςσο

164 826 253 867 τῶν
279 826 432 879 ἱρηΐων
465 823 746 880 ἐσβάλλοντες
775 825 828 868 τα
860 825 966 879 κρέα
994 825 1159 876 πάντα,
1192 827 1266 869 καὶ
1294 844 1433 880 παρα-

136 896 368 950 4μίξαντες
396 895 543 952 ὕδωρ,
576 895 843 941 ὑποκαίουσι
872 897 924 940 τὰ
955 896 1094 941 ὀστέα.
1153 896 1206 940 τά
1235 897 1282 941 δὲ
1316 900 1433 943 αἴθε-

308 1037 340 1075 C
362 1051 384 1076 a
398 1053 434 1090 p.
464 1038 563 1078 LXI.

166 1115 289 1163 αἰνῶς
317 1112 464 1164 α’ξύλου
500 1114 673 1171 ἐούσης]
711 1119 771 1157 De

107 1185 199 1212 voce
217 1173 341 1219 αἰνῶς
360 1175 514 1211 diximus
535 1176 584 1212 ad
604 1176 677 1222 IV,
703 1177 768 1216 52.

107 1252 165 1258 —
186 1229 243 1267 Ad
275 1236 529 1278 argumentum
549 1232 593 1268 cf.
616 1231 702 1270 Mel.
724 1232 770 1280 Il,

112 1289 135 1328 1
157 1286 224 1323 sub
247 1286 322 1332 fin.,
349 1287 517 1334 „Alieubi
536 1300 652 1337 usque
676 1289 770 1326 adeo

109 1342 249 1380 steriles
275 1343 324 1380 ad
353 1349 520 1390 caetera,
550 1349 590 1381 ut
618 1345 681 1394 qui
706 1345 771 1382 ha-

108 1399 237 1446 bitant,
266 1398 446 1448 lignorum
471 1407 637 1449 egentes,
664 1402 769 1450 ignes

107 1456 250 1493 ossibus
294 1456 444 1494 alant.“
502 1458 601 1495 ldem
642 1460 771 1496 asserit

106 1511 247 1550 Aelian.
276 1512 325 1550 N.
361 1513 404 1550 A.
435 1514 523 1561 XII,
553 1514 620 1555 34.
664 1515 770 1558 Quae

106 1569 288 1606 dicentem
339 1570 571 1607 Herodotum
626 1575 769 1608 tantum

107 1624 187 1662 loca
225 1626 294 1676 ipsi
332 1627 480 1675 cognita
506 1628 687 1678 respicere
719 1629 769 1666 ait

106 1681 290 1720 Mannert.
320 1682 371 1719 IV
399 1696 484 1733 pag.
509 1685 585 1731 71,
618 1697 696 1721 cum
720 1685 767 1723 de

106 1738 214 1788 sylvis
248 1738 316 1775 illis
348 1739 561 1788 Valachiae,
591 1740 767 1779 Poloniae

105 1799 218 1843 atque
239 1796 351 1832 etiam
371 1797 528 1834 Russiae
557 1796 673 1847 (quae
692 1802 767 1836 ter-

105 1863 169 1888 rae
195 1852 242 1889 ad
262 1855 421 1889 veterem
442 1853 628 1901 Scythiam
651 1855 766 1903 perti-

105 1908 226 1945 nuisse
264 1910 459 1958 putantur)
501 1909 586 1946 nihil
616 1910 674 1948 ille
706 1924 768 1948 co-

106 1965 246 2012 gnitum
273 1965 450 2002 habuerit.
480 1965 529 2003 At
549 1967 767 2005 meridiona-

105 2020 199 2057 libus
227 2022 262 2057 in
284 2021 439 2059 Russiae
460 2024 658 2071 tractibus,
689 2037 768 2062 ma-

106 2078 201 2115 xime
237 2077 304 2114 illis
348 2079 494 2127 quidem
535 2079 675 2129 planis,
724 2095 767 2119 ac

105 2133 302 2185 praecipue
335 2134 371 2171 in
406 2136 616 2184 regionibus
646 2137 765 2174 Ponto

105 2191 227 2227 vicinis
279 2191 389 2239 (quas
429 2192 579 2229 Graecis
618 2193 767 2231 coloniis

106 2250 305 2297 occupatas
326 2246 466 2285 Noster
494 2248 641 2286 omniuo
668 2251 768 2287 novit

109 2305 149 2340 et'
172 2303 208 2340 h.
234 2303 256 2340 1.
279 2305 456 2354 respexit)
483 2305 766 2356 Crimmaeaque

108 2363 245 2407 quanta
263 2373 357 2397 nunc
380 2361 427 2397 sit
446 2360 624 2409 lignorum
643 2364 766 2413 inopia

108 2414 189 2463 quis
229 2415 376 2453 nescit?
432 2416 492 2454 Ad
525 2430 621 2467 quae
653 2420 768 2469 respi-

110 2471 210 2507 ciens
230 2471 366 2510 Noster
389 2474 574 2513 verissime
600 2476 690 2514 haec
710 2489 768 2514 re-

108 2526 236 2564 tulisse
253 2530 437 2577 putandus
459 2531 538 2568 erit.

167 2613 333 2665 λέβητας
363 2615 622 2671 ἐπιχωρίους]
652 2621 768 2660 Prae-

110 2673 330 2722 positionem
357 2671 395 2719 ἒς
414 2674 469 2711 his
488 2679 636 2715 vocibus
655 2681 766 2728 vulgo

110 2729 371 2779 praemissam,
399 2742 419 2767 e
435 2731 648 2772 Florentino
675 2735 766 2772 libro

113 2798 194 2822 cum
225 2784 342 2821 Gaisf.
369 2785 505 2837 abieci,
542 2790 596 2829 ita
625 2795 666 2829 ut
696 2791 767 2830 hae

167 2840 377 2879 HEnonor.
397 2841 445 2878 11.

827 1053 935 1079 voces
976 1040 1279 1078 antecedentibus
1327 1035 1380 1090 ’ἣν
1416 1039 1489 1091 μὲν

827 1094 972 1147 τύχωσι
1024 1097 1177 1147 ἔχοντες
1235 1097 1489 1137 adnectendae

828 1155 921 1200 sint,
954 1158 991 1190 ut
1018 1157 1115 1190 recte
1132 1153 1218 1195 fecit
1241 1153 1359 1190 Gaisf.
1391 1155 1490 1191 Mat-

826 1210 926 1245 thiae
946 1210 1095 1247 retinuit
1117 1208 1167 1255 ἐς.
1187 1231 1242 1236 -—
1274 1209 1330 1247 De
1348 1209 1490 1248 Lesbiis

825 1265 967 1316 poculis
987 1265 1071 1302 mihi
1091 1265 1196 1315 plura
1214 1278 1289 1301 non
1310 1271 1494 1316 constant,

826 1335 894 1360 nec
911 1323 1114 1371 quidquam
1136 1322 1202 1358 hac
1220 1323 1266 1359 de
1283 1335 1322 1360 re
1345 1322 1493 1362 allatum

825 1380 946 1429 reperi
973 1380 1010 1415 in
1031 1379 1155 1416 Plehn.
1176 1377 1361 1415 Lesbiaco.
1388 1379 1496 1429 libro,

827 1437 887 1484 qui
908 1435 1068 1473 Berolini
1093 1436 1199 1476 1826
1220 1435 1368 1484 prodiit.
1408 1437 1494 1474 Vini

825 1493 980 1529 feracem
1011 1493 1125 1529 fuisse
1155 1491 1308 1528 insulam
1347 1493 1488 1530 vinum-

826 1561 899 1598 que
925 1549 1035 1586 etiam
1068 1549 1104 1585 in
1126 1547 1213 1585 alias
1231 1549 1399 1596 regiones
1421 1551 1488 1588 de-

825 1610 1010 1655 portatum
1046 1617 1125 1642 esse
1161 1606 1349 1650 novimus,
1396 1608 1487 1655 quin

824 1662 925 1711 ipsos
983 1661 1118 1698 incolas
1169 1661 1486 1700 comissationibus

825 1719 984 1756 deditos.
1015 1717 1099 1754 Vid.
1119 1717 1205 1754 ibid.
1232 1730 1268 1767 p.
1291 1719 1356 1757 97.
1392 1722 1484 1759 122.

822 1795 878 1802 —
909 1773 967 1811 Ad
992 1775 1105 1811 verba
1128 1772 1246 1825 χωρὶς
1267 1769 1294 1825 ἢ
1314 1771 1376 1814 ὅτι
1390 1776 1484 1814 conf.

823 1831 957 1868 Matth.
978 1829 1013 1881 ἓ.
1036 1832 1137 1876 611,
1168 1830 1194 1871 4
1211 1843 1297 1880 pag.
1321 1834 1442 1874 1237.

881 1887 923 1934 οἵ
951 1887 1000 1926 δὲ
1027 1886 1066 1933 ἐς
1092 1883 1163 1934 τοὶς
1190 1885 1377 1939 γαστέρας
1396 1904 1430 1927 κ.
1450 1903 1484 1928 τ.

824 1943 873 1994 λ.]
906 1944 964 1981 De
983 1943 1159 1994 particula
1192 1942 1243 1982 δέ
1270 1947 1365 1982 cont.
1388 1949 1485 1984 nott.

823 2002 873 2038 ad
894 2001 949 2048 ll,
971 2003 1036 2041 39.
1068 2000 1128 2036 Ad
1146 2006 1400 2050 argumentum
1416 2002 1485 2040 loci

822 2057 912 2095 haec
924 2058 1045 2094 scribit
1053 2057 1337 2105 wesselingius:
1362 2059 1485 2105 „Sunt

823 2114 860 2150 in
888 2112 1029 2151 Aelian.
1061 2113 1110 2151 N.
1133 2114 1175 2150 A.
1197 2114 1286 2161 XII,
1323 2116 1376 2156 34
1404 2116 1487 2154 hinc

823 2171 1000 2207 derivata.
1040 2170 1081 2206 In
1114 2170 1268 2220 pellibus
1302 2173 1484 2221 coquendi

821 2240 960 2264 morem
996 2226 1136 2263 Arabes
1175 2227 1362 2265 Beduinos
1397 2242 1484 2278 pro-

822 2284 927 2321 basse
941 2282 1113 2320 Reiskius
1125 2283 1343 2333 significavit
1352 2298 1363 2332 ;
1392 2285 1484 2323 Sco-

821 2344 880 2376 tos
920 2339 1004 2376 olim
1049 2340 1158 2376 etiam
1195 2340 1395 2379 Barnesius
1434 2343 1483 2380 ad

822 2396 989 2446 Euripid.
1020 2395 1166 2446 Cyclop.
1199 2398 1281 2438 359
1321 2402 1358 2436 et
1386 2398 1483 2437 hunc

822 2466 939 2502 usque
967 2453 1004 2489 in
1023 2453 1119 2490 diem
1138 2453 1379 2492 Tartarorum
1400 2456 1481 2506 plu-

823 2522 882 2546 res
919 2509 1062 2547 Witsen
1103 2510 1140 2546 in
1177 2509 1370 2549 Tartariae
1406 2513 1482 2550 De-

825 2566 946 2616 script.
967 2579 1053 2616 pag.
1075 2567 1197 2607 659ss
1228 2567 1368 2610 Quibus
1388 2568 1482 2605 Lar-

823 2622 951 2659 cherus
991 2623 1097 2659 addit
1128 2622 1329 2661 Ezechielis
1365 2624 1482 2661 locum

822 2679 968 2726 XXIV,
998 2678 1035 2718 5.
1053 2699 1109 2706 —·
1145 2678 1186 2715 ln
1211 2693 1311 2728 seqq.
1338 2683 1482 2729 χωρεῖν

820 2735 919 2772 valet
957 2748 1099 2784 capere,
1143 2738 1339 2780 continere,
1376 2741 1415 2772 ut
1451 2735 1481 2784 1,

823 2791 889 2832 51.
910 2793 976 2831 70.
1005 2793 1096 2832 192.
1186 2846 1210 2884 6
