1863 3256
471 160 555 199 3⁰0

439 273 600 319 3νους,
638 267 845 312 ἐκλείπειν
883 268 963 325 τήν
1002 267 1157 326 χώρην.

868 160 1338 200 HERODOTI

1222 268 1348 313 Οὕτω
1382 268 1434 325 δὴ
1475 267 1578 312 οὐδὲ
1608 263 1795 319 οὖτοςὲο

345 332 410 376 14
469 338 739 394 συμφέρεται
769 340 867 394 περὶ
898 343 974 395 τῆς
1002 339 1143 396 χώρης
1180 339 1340 395 ταύτης
1371 338 1589 396 Σκύθῃσι.
1650 340 1738 382 Καὶ

136 397 182 425 De
200 397 319 424 Aristea
326 429 334 435 ·
343 396 415 433 quid

154 430 346 457 Proconnesni
369 434 401 457 et

137 463 276 498 Cyziceni
304 471 413 491 memo-

154 502 221 524 rent
234 506 241 523 :
266 497 400 524 carmina

136 531 202 559 eius
222 530 395 566 Arimaspea

474 409 580 453 ὅθεν
609 410 688 466 μὲν
717 409 792 464 ἔην
818 408 1052 465 Ἀριστέης,
1092 408 1115 453 ὁ
1145 414 1280 454 ταῦτα
1310 409 1518 466 ποιήσας,
1550 412 1737 466 εἴρηται·

474 480 553 526 τὸν
592 481 638 525 δὲ
675 480 775 533 περὶ
813 478 956 522 αὐτοῦ
991 478 1159 534 ἤκουον
1193 478 1326 537 λόγον
1364 482 1411 524 ἐν
1443 480 1739 538 Προκοννήσῳ

442 554 551 596 Quat
581 552 777 607 Κυζίκῳ,
818 548 937 601 λέξω.
991 548 1214 607 Ἀριστέην
1251 553 1334 609 γάρ
1375 553 1571 609 λέγουσι,
1611 549 1739 594 ἐόντα

468 627 557 666 τῶν
587 620 732 664 ἀστῶν
763 618 947 670 οὐδενός
975 620 1101 675 γένος
1129 620 1463 678 ὑποδεέστερον,
1505 621 1794 667 ἐσελθόνταὲὄ

468 693 510 743 ἐς
538 690 763 747 κναφήϊον
792 690 839 733 ἐν
870 691 1194 751 Προκοννήσῳ,
1236 692 1500 738 ἀποθανεῖν·
1555 694 1629 736 καὶ
1657 692 1737 735 τόν

469 762 639 817 κναφέα
681 764 1030 818 κατακληΐσαντα
1073 763 1123 806 τὸ
1171 764 1483 821 ἐργαστήριον,
1538 767 1737 820 οἴχεσθαι

439 831 736 889 Βᾶγγελέοντα
765 838 876 878 τοῖσι
905 832 1180 890 προσήκουσι
1203 839 1264 893 τῷ
1293 840 1447 893 νεκρῷ.
1487 833 1736 891 ἐσκεδασμέ-

412 991 632 1040 Schweigh.,
647 990 818 1028 Larcher.
829 994 866 1028 et
877 990 1072 1028 Reichard.

411 1048 434 1085 l.
451 1047 471 1085 l.
492 1060 577 1098 pag.
596 1047 661 1088 15.
682 1070 731 1075 ——
756 1047 868 1091 Quod
888 1048 936 1084 ad
954 1048 1071 1097 ipsam

410 1105 655 1142 narrationem
698 1104 848 1150 attinet,
901 1104 1072 1141 observat

411 1161 564 1198 Rennel.
587 1160 653 1197 l.1.
685 1173 771 1210 pag.
800 1161 881 1201 411
911 1161 1070 1210 conspici

407 1218 464 1254 hic
489 1218 637 1255 easdem
665 1230 785 1254 rerum
815 1217 1070 1253 commutatio-

407 1286 496 1321 nes,
528 1286 622 1323 quae
639 1274 786 1310 omnino
806 1274 1015 1322 frequentes
1035 1273 1071 1309 in

405 1329 649 1367 Asiaticarum
669 1331 828 1378 gentium
847 1330 996 1367 historia
1014 1342 1071 1367 re-

405 1387 596 1437 periantur
631 1387 676 1423 ab
706 1386 957 1434 antiquissimo
986 1387 1071 1424 inde

406 1455 497 1480 aevo
524 1456 641 1492 usque
674 1444 723 1479 ad
752 1448 918 1492 tempora
945 1455 1071 1480 recen-

407 1500 571 1545 tissima3
626 1511 745 1547 eoque
793 1500 904 1536 refert
940 1498 1069 1535 Gallos

376 1582 379 1587 Α
408 1557 611 1604 migrantes
632 1555 780 1592 Brenno
807 1555 922 1602 duce,
964 1555 1071 1591 Hun-

409 1625 476 1649 nos
496 1616 579 1662 post
594 1611 777 1648 Christum
796 1617 923 1648 natum
943 1610 1071 1661 palan-

409 1674 465 1706 tes
479 1697 490 1715 ,
522 1667 717 1716 Mongolos
738 1668 805 1704 sub
825 1667 1071 1717 Zingischane

409 1738 452 1762 ac
476 1724 512 1761 T
514 1724 712 1770 amerlane,
736 1724 823 1773 quin
847 1737 942 1761 anuo
964 1726 1070 1764 1770

408 1785 446 1820 et
490 1793 593 1830 seqq.
633 1780 866 1828 Calmuccos‚
916 1794 1069 1830 quorum

409 1838 601 1886 sexaginta
623 1836 719 1874 mille
739 1836 894 1875 familiae
913 1850 934 1874 a
952 1837 1070 1886 Volga

409 1895 458 1932 ad
495 1894 610 1933 lacum
640 1893 819 1930 Balchatz
852 1895 1070 1943 commigra-

409 1951 493 1987 rint.
536 1950 664 1999 ltaque
689 1950 881 1988 verisimile
902 1952 933 1988 ei
960 1951 1068 1987 vide—

407 2011 466 2044 tur
485 2006 701 2055 Scytharum
721 2007 876 2044 maiores
902 2007 1066 2056 primitus

407 2064 501 2101 circa
514 2063 687 2113 Caspium
709 2075 807 2100 mare
827 2063 1011 2101 habitasse
1030 2064 1066 2100 in

404 2119 634 2168 Kirgisorum
656 2120 825 2166 desertis,
847 2120 976 2157 eodem
990 2121 1066 2157 sor-

404 2181 502 2212 tasse
522 2175 615 2222 loeo,
644 2189 716 2225 quo
734 2176 894 2226 Scythae
913 2177 1002 2226 regii
1018 2177 1064 2214 ab

403 2231 596 2269 Herodoto
619 2233 859 2279 collocentur,
889 2238 930 2270 ut
947 2233 1009 2282 qui
1029 2233 1066 2269 in

403 2287 510 2325 hasce
541 2289 648 2325 sedes
681 2289 879 2338 primitivas
909 2290 1065 2339 regressi

404 2356 486 2381 esse
511 2343 731 2382 viderentur.

463 2395 576 2438 Οὕτω
611 2397 661 2451 ὁή
694 2396 787 2439 οὐδὲ
818 2395 933 2447 οὗτος
968 2414 1064 2452 συμ-

403 2453 579 2508 φέρεται]
614 2457 634 2492 ἰ.
655 2470 685 2493 e.
714 2458 806 2502 „hoc
831 2460 944 2506 igitur
964 2458 1063 2494 medo

402 2525 446 2549 ne
472 2513 554 2549 huic
582 2513 721 2562 quidem
753 2514 793 2550 (Ie
819 2514 887 2550 leuc
923 2516 1064 2562 *regione

404 2571 563 2606 convenit
593 2582 670 2606 cum
701 2570 893 2619 Scythis.“
939 2570 1062 2607 Vocu-

402 2625 472 2663 lam
486 2622 550 2676 δή,
574 2639 683 2674 quam
698 2628 880 2664 eiecerunt
892 2626 1060 2675 Schwgh.

403 2686 439 2719 et
466 2682 584 2720 Gaisf.
615 2683 785 2731 equidem
817 2696 896 2720 cum
927 2682 1061 2720 Matth.

401 2739 542 2776 retinui.
576 2738 616 2775 ln
641 2738 853 2777 Florentino
881 2739 971 2776 libro
1001 2751 1063 2776 ex-

403 2799 497 2833 stat:
539 2790 642 2835 οῧτω
666 2792 708 2835 δὲ
728 2789 846 2842 οὗτος
868 2793 1062 2847 συμφέρε-

1131 1006 1207 1029 ται.
1258 989 1317 1027 Ad
1357 991 1657 1040 significationem
1691 991 1790 1029 verbi

1133 1045 1409 1099 συμφέρεσθαι
1430 1051 1662 1086 conserantur
1683 1047 1790 1084 hilo-

1129 1105 1178 1142 ci:
1211 1105 1237 1151 1,
1258 1106 1349 1145 173.
1372 1106 1463 1146 196.
1494 1105 1541 1153 ll,
1559 1104 1625 1146 44.
1644 1106 1710 1146 79.
1723 1106 1788 1145 80.

1129 1162 1192 1210 lV,
1219 1161 1309 1202 154.
1334 1160 1426 1200 114.

1338 1217 1450 1267 Cap.
1481 1217 1579 1255 XIV.

1186 1271 1206 1313 ὅ
1235 1275 1358 1312 ταῦτα
1385 1272 1580 1324 ποιήσας,
1622 1271 1787 1323 εἴρηται]

1127 1325 1300 1379 ποιήσας
1319 1331 1538 1368 auctoritate
1558 1331 1690 1367 codicis
1703 1329 1788 1367 Flo-

1126 1387 1280 1434 rentini,
1320 1387 1491 1434 aliorum,
1538 1387 1678 1424 restitui
1705 1399 1786 1423 eum

1127 1448 1280 1480 reeentt.
1318 1444 1403 1480 edd.
1434 1457 1502 1493 pro
1532 1443 1629 1491 vulg.
1662 1441 1785 1488 εἴπας.

1126 1499 1297 1549 Namque
1317 1503 1447 1538 ποιεῖν
1466 1500 1503 1536 in
1522 1499 1576 1535 his
1596 1498 1692 1537 valet
1710 1511 1785 1536 ver-

1129 1557 1225 1592 sibus
1244 1569 1425 1606 exponere,
1441 1555 1629 1592 describere
1636 1568 1649 1599 ;
1676 1568 1785 1605 quam

1127 1613 1430 1662 significationem
1455 1612 1645 1662 attigimus
1668 1612 1715 1649 ad
1735 1612 1785 1659 ΙΙ,

1129 1669 1181 1709 53
1195 1699 1205 1717 ,
1236 1669 1297 1705 ubi
1315 1668 1435 1718 plures
1457 1669 1591 1706 similes
1610 1668 1709 1706 locos
1728 1672 1785 1705 at-

1127 1726 1208 1762 tulit
1226 1725 1513 1775 Wesselingius‚
1556 1730 1594 1763 et
1614 1725 1686 1772 111,
1716 1726 1782 1765 38.

1127 1781 1200 1819 Pro
1233 1781 1382 1832 εἴρηται
1410 1783 1509 1831 quod
1542 1781 1663 1832 plures
1703 1781 1784 1818 libri

1126 1839 1287 1875 afferunt
1310 1837 1468 1888 εἴρηκα,
1507 1839 1544 1875 id
1567 1838 1698 1875 merito
1725 1850 1785 1875 re-

1126 1895 1223 1945 spuit
1240 1894 1444 1943 Schweigh.
1475 1907 1555 1932 cum
1580 1894 1646 1931 hac
1667 1894 1784 1931 forma

1126 1952 1161 1988 in
1179 1951 1312 1988 talibus
1332 1950 1469 1989 Noster
1487 1952 1539 1988 uti
1560 1963 1633 1987 non
1654 1952 1782 1987 soleat.

1123 2009 1184 2045 Ad
1239 2013 1493 2056 argumentum
1548 2007 1617 2045 loci
1671 2007 1783 2044 citant

1123 2064 1254 2102 Tzetz.
1277 2064 1298 2100 l.
1318 2064 1340 2101 l.
1389 2065 1540 2113 Origen.
1563 2068 1676 2101 contr.
1696 2063 1784 2100 Cel-

1123 2134 1202 2158 sum
1229 2121 1279 2157 lll
1303 2134 1338 2170 p.
1360 2120 1456 2167 463,
1485 2120 1596 2167 alios,
1625 2133 1717 2170 quos
1733 2119 1781 2156 ad

1123 2177 1186 2225 lv,
1211 2179 1262 2218 13
1283 2177 1529 2214 indicavimus.

1181 2229 1351 2280 ου’ὅενός
1387 2232 1501 2285 γένος
1547 2230 1781 2272 &andegave-

1123 2288 1211 2341 ρον]
1252 2291 1272 2328 i.
1297 2303 1327 2328 e.
1355 2291 1481 2336 „nulli
1500 2291 1627 2326 civium
1653 2288 1780 2325 nobili-

1122 2351 1194 2383 tate
1212 2349 1352 2394 generis
1370 2346 1596 2383 secundmu.“
1643 2345 1779 2382 Similis

1120 2403 1251 2440 locutio
1283 2408 1401 2440 exstat
1434 2403 1469 2450 1,
1495 2404 1568 2449 23,
1610 2402 1670 2438 ubi
1705 2402 1779 2439 vid.

1119 2463 1212 2496 nott.
1238 2455 1441 2509 κναφήϊον
1453 2457 1610 2508 fullonis
1629 2458 1779 2495 denotat

1120 2515 1321 2565 officinam&
1362 2516 1407 2552 cf.
1436 2515 1475 2562 l,
1510 2517 1575 2555 92.
1617 2514 1778 2553 Tzetzes

1120 2571 1140 2607 l.
1173 2571 1193 2608 l.
1235 2572 1422 2608 substituit
1454 2574 1657 2621 χαλκεῖον,·
1705 2582 1778 2621 qua

1119 2640 1207 2665 voce
1229 2628 1366 2665 Noster
1387 2629 1496 2664 utitur
1517 2628 1546 2674 Ι,
1568 2630 1633 2668 68.

1175 2687 1278 2722 τοῖσι
1296 2680 1544 2735 προσήκουσι
1562 2686 1618 2738 τῷ
1633 2682 1776 2737 νεκρῷ]

1121 2739 1317 2789 (ἶόςιιηίυε,
1349 2741 1480 2791 affines
1500 2743 1630 2778 mortui
1642 2740 1776 2779 intelli-

1119 2797 1196 2847 git,
1227 2794 1319 2844 τούς
1344 2794 1511 2850 μάλιστα
1534 2795 1716 2846 ἱκνέεται,
1737 2802 1777 2835 ut
