1863 3256
479 223 1041 267 MELPOMENE.

181 337 302 393 βύων
339 337 535 392 εἰρέαται.

180 408 403 466 θηριώδης
451 409 537 453 ἐστὶ
578 406 747 465 Λιβύη·

123 570 250 595 omnes
287 559 489 597 maritimas
524 560 636 596 fuisse
673 563 788 608 negat

123 615 394 652 Schlichthorst.
414 629 500 666 pag.
522 618 546 655 9
572 620 672 661 not.‚
706 629 786 652 cum

122 672 204 721 ipse
256 672 469 709 Herodotus
525 672 607 708 hinc
652 673 786 709 eximat

122 728 303 775 Asbystas
334 728 497 775 (170),
541 728 785 765 Garamantes

123 783 248 830 (174)
265 788 301 820 et
313 783 503 821 Gindanes
523 784 656 831 (176).
678 784 784 827 Quae

121 844 248 877 tamen
268 844 306 877 et
324 840 425 890 ipsae
443 842 511 877 nisi
531 841 621 877 mari
639 841 784 879 adsitae

121 897 278 943 fuerint,
316 896 412 933 haud
436 899 487 934 ita
505 897 630 948 procul
655 911 675 934 a
695 898 785 934 mari

121 953 308 990 habitasse
331 955 484 1003 putandi
509 958 626 992 erunt.
678 954 784 998 Quae

120 1014 323 1057 sequuntur
347 1011 432 1047 inde
467 1024 489 1047 a
519 1023 598 1061 cap.
628 1012 702 1051 181
727 1032 783 1037 —

124 1066 218 1112 185,
251 1078 295 1103 ea
314 1067 464 1115 egregie
482 1067 670 1104 illustravit
681 1067 784 1105 Hee-

120 1135 198 1160 ren.
217 1121 271 1159 Id.
294 1123 338 1172 ll,
365 1126 382 1161 1
403 1137 438 1173 p.
461 1122 540 1164 204
562 1136 664 1173 seqq.
687 1124 780 1162 bene

119 1192 296 1225 monens,
362 1180 514 1217 indicari
565 1180 624 1217 hic
669 1181 779 1228 viam,

119 1248 231 1286 quam
256 1241 480 1274 mercaturae
501 1249 610 1274 causa
632 1237 693 1285 qui
712 1249 780 1286 per

118 1293 267 1330 Africae
301 1294 447 1330 deserta
483 1293 778 1343 peregrinantur,

120 1353 159 1387 et
184 1354 346 1387 veterum
375 1354 410 1386 et
436 1355 561 1386 nostra
579 1353 701 1387 aetate
721 1353 778 1386 te·-

117 1418 199 1443 rere
236 1407 490 1442 consueverint
534 1419 601 1455 per
637 1405 776 1455 Libyae

117 1465 272 1499 tractum
284 1491 294 1509 ‚
325 1462 387 1511 qui
402 1475 497 1499 nunc
512 1466 664 1499 vocatur
682 1462 780 1499 Fez-

118 1531 211 1565 zan,
244 1519 292 1556 ad
319 1520 543 1570 superiorem
567 1519 777 1568 Aegyptum

116 1581 232 1624 atque
261 1576 370 1612 etiam
399 1576 446 1612 ad
471 1576 663 1613 interiores
682 1575 778 1611 Afri-

117 1645 182 1669 cae
219 1636 355 1668 tractus
387 1645 524 1681 usque,
582 1633 629 1668 ad
668 1631 776 1680 Nigri

116 1689 211 1726 adeo
231 1689 423 1736 regiones,
453 1692 491 1725 et
507 1702 600 1737 quae
621 1693 705 1724 sunt
721 1689 776 1725 his

114 1745 325 1796 proximae3
354 1746 406 1782 ita
422 1749 461 1781 ut
482 1758 502 1782 e
515 1744 661 1795 Libycis
681 1758 777 1782 mer-

117 1802 322 1848 catoribus,
364 1801 426 1850 qui
457 1801 524 1839 hac
556 1803 636 1852 ipsa
660 1802 717 1838 via
739 1801 776 1838 in

115 1858 324 1909 Aegyptum
359 1858 571 1895 devenerint
602 1858 777 1905 terrestri,

116 1915 208 1952 haec
239 1916 318 1964 ipsa
344 1915 380 1951 in
408 1915 489 1951 Ae
465 1919 581 1964 gypto
607 1915 775 1952 edoctum

116 1984 199 2009 esse
218 1972 394 2008 Nostrum
415 1972 462 2007 sit
482 1971 663 2008 credibile.
700 1972 776 2015 Qui

115 2028 187 2065 iter
218 2028 329 2065 hocce
356 2029 541 2077 suscipere
570 2027 708 2074 solent,
750 2029 774 2064 ii

113 2097 137 2121 a
150 2084 289 2121 Thebis
302 2085 539 2134 Aegyptiacis
553 2086 666 2133 (quae
689 2084 772 2121 olim

41 2162 43 2176 ι
111 2141 284 2192 primaria
303 2142 507 2177 commercii
534 2142 639 2179 sedes
661 2141 774 2179 fuisse

110 2198 259 2234 videtur
289 2210 364 2233 non
388 2197 491 2234 aliter
509 2203 623 2246 atque
642 2199 772 2234 etiam-

111 2266 198 2291 num
217 2254 369 2301 Cairo),
390 2254 543 2303 profecti
563 2267 629 2303 per
648 2255 774 2291 deser-

111 2314 152 2346 ta
172 2310 220 2347 ad
239 2310 426 2347 Ammonis
455 2309 630 2359 templum
656 2323 773 2358 quan-

112 2367 163 2403 do
196 2370 465 2416 pervenerunt,
528 2366 610 2403 hinc
650 2367 772 2404 denuo

114 2422 341 2460 desertorum
354 2423 494 2460 Barcae
512 2428 653 2473 partem
668 2437 773 2460 mon-

114 2482 244 2527 tesque
265 2479 461 2516 Hal-adsch
477 2481 709 2528 transgressi,
736 2480 773 2516 iu

110 2538 244 2572 terram
262 2535 412 2573 Fezzan
432 2536 674 2573 descendunt:
706 2549 773 2572 un-

112 2591 161 2627 de
192 2590 338 2628 ulterius
374 2594 560 2641 progressi
594 2593 632 2629 in
665 2593 774 2629 terris

110 2647 267 2684 Kashna
305 2659 346 2684 ac
377 2648 503 2685 Boruu
539 2649 775 2698 acquiescunt

111 2716 156 2739 ac
176 2703 481 2753 peregrinationis
502 2705 611 2742 finem
624 2706 774 2742 faciunt.

50 2797 51 2802 ¹
114 2759 222 2801 Quae
254 2759 334 2808 ipsa
364 2772 444 2795 cum
473 2760 698 2799 Herodoteis
723 2763 775 2799 ita

114 2828 319 2864 congruere
343 2815 516 2852 observat
535 2817 694 2854 Heeren.
710 2817 733 2854 l.
752 2818 775 2855 l.

113 2884 202 2923 pag.
223 2873 329 2919 209,
369 2875 409 2908 ut
437 2884 511 2908 non
541 2873 608 2909 nisi
635 2874 673 2911 in
702 2879 775 2910 sta·

594 335 720 391 Ὑπὲρ
761 335 808 380 δὲ
851 333 1021 379 τούτων
1060 334 1104 386 ἐς
1142 334 1378 390 μεσόγαιαν
1416 338 1445 394 ἡ

1099 226 1161 263 IV·
1363 232 1446 272 597

816 405 926 462 ὑπὲρ
977 406 1023 450 δὲ
1068 408 1142 462 τῆς
1186 405 1444 462 θηριώδεος,

844 558 1005 595 tionibus
1051 557 1270 606 quibusdam
1317 556 1500 606 quaedam

843 618 1011 651 occurrat
1040 615 1230 651 diversitas
1259 613 1317 650 vix
1340 612 1400 650 illa
1421 615 1502 661 qui-

843 672 926 708 dem
955 670 1138 716 tollenda,
1185 670 1255 707 nisi
1284 682 1378 719 quae
1404 670 1499 706 eius-

843 728 926 764 dem
946 728 1010 763 viri
1030 732 1087 765 est
1107 727 1264 776 suspicio
1292 727 1428 774 (Ideen
1452 725 1499 773 Π,

841 787 868 825 2
888 797 924 833 p.
942 783 1044 829 437)
1074 784 1165 820 duas
1188 783 1365 820 stationes
1387 783 1501 820 inter-

841 841 980 877 medias
1011 841 1057 877 ab
1079 840 1274 877 Herodoto
1301 839 1359 877 vel
1393 852 1500 888 pror-

840 910 901 934 sus
924 897 1077 933 omissas
1096 909 1178 934 esse
1199 901 1336 933 statuas
1354 895 1409 933 vel
1428 896 1499 946 ipsi

839 966 915 990 non
938 954 1116 990 indicatas
1149 953 1196 989 ab
1224 952 1290 989 illis
1317 958 1498 989 mercato-

838 1011 960 1055 ribus,
987 1010 1049 1059 qui
1067 1009 1252 1056 consulto,
1281 1013 1322 1045 ut
1339 1010 1496 1056 videtur,

839 1067 979 1104 decimo
1018 1079 1165 1115 quoque
1203 1066 1263 1103 die
1297 1066 1495 1103 stationem

835 1124 1037 1174 posuerint.
1082 1123 1142 1161 Tu
1171 1123 1244 1158 vid.
1266 1123 1374 1159 etiarn
1396 1121 1497 1159 Ren-

835 1179 906 1217 nel.
927 1179 949 1216 1,
967 1179 987 1215 l.
1006 1192 1090 1229 pag.
1115 1181 1192 1219 671
1217 1178 1295 1215 coll.
1317 1178 1495 1216 Niebuhr.

834 1237 955 1274 Verm.
975 1236 1120 1273 Schrift.
1143 1235 1262 1300 Ipag.
1288 1236 1366 1276 145
1388 1248 1493 1285 seqq.

889 1290 1007 1343 Ὑπὲρ
1041 1289 1084 1330 δὲ
1117 1289 1269 1330 τούτων
1301 1291 1341 1338 ἐς
1375 1288 1494 1342 μεσό-

833 1363 951 1400 γαιαν
968 1364 992 1398 η
1014 1344 1260 1399 θηριώδης
1245 1347 1323 1387 εστὶ
1335 1344 1491 1399 Λιβύη]

833 1405 940 1443 Haec
979 1405 1193 1454 explicanda
1232 1408 1317 1440 sunt
1353 1416 1396 1441 ex
1435 1417 1492 1453 ea,

834 1474 944 1511 quam
964 1460 1106 1499 Noster
1132 1461 1200 1498 sibi
1230 1461 1353 1497 animo
1373 1461 1492 1508 finxit,

833 1519 947 1555 totius
973 1513 1117 1568 Libyae
1148 1519 1264 1554 forma
1293 1529 1336 1554 ac
1367 1519 1491 1568 specie

833 1588 855 1612 e
881 1575 988 1611 variis
1011 1574 1187 1611 tractibus
1217 1575 1373 1611 eandem
1393 1575 1490 1612 dire-

831 1632 989 1668 ctionem
1014 1630 1251 1680 sequentibus
1268 1630 1412 1679 sibique
1430 1644 1490 1669 re-

833 1688 1099 1738 spondentibus
1125 1687 1359 1737 compositae.
1408 1687 1491 1724 Pri-

832 1757 912 1782 mus
940 1748 1079 1781 tractus
1108 1756 1172 1781 ora
1197 1744 1401 1780 continetur
1429 1756 1490 1781 se-

830 1800 1087 1852 ptentrionali,
1120 1813 1215 1849 quae
1235 1799 1302 1836 soli
1323 1799 1490 1848 coelique

831 1863 962 1895 natura
977 1869 1052 1894 nou
1074 1857 1180 1894 valde
1202 1855 1383 1893 dissimilis
1408 1856 1488 1893 Eu-

830 1927 944 1964 ropae
960 1927 1058 1950 nunc
1074 1913 1322 1964 complectitur
1341 1917 1489 1963 septen-

829 1971 1002 2008 trionales
1023 1975 1149 2021 partes
1177 1970 1279 2018 regni
1297 1968 1489 2006 Marocca-

829 2028 890 2075 ni,
921 2027 1021 2072 Fez‚
1050 2026 1258 2075 Algeriani‚
1293 2025 1488 2063 Tunisiani

829 2097 872 2121 ac
897 2084 931 2121 Τ
935 2083 1117 2134 ripolitani
1135 2083 1320 2132 vulgoque
1338 2087 1488 2119 vocatur

827 2140 1013 2187 Berherez',
1061 2153 1089 2177 s.
1121 2141 1230 2177 etiam
1263 2138 1363 2186 Tell,
1402 2139 1425 2175 i.
1451 2151 1488 2177 e.

827 2197 955 2235 fertilis
975 2198 1091 2246 regio,
1110 2201 1203 2233 teste
1220 2196 1352 2232 Ritter.
1371 2195 1488 2232 Erdk.

828 2254 843 2291 I
864 2268 899 2304 p
916 2256 1010 2294 897.
1059 2253 1232 2302 Sequitur
1253 2256 1388 2289 tractus
1409 2251 1487 2289 bel-

828 2310 864 2347 lu
868 2323 952 2346 osus
972 2326 998 2361 ἠ
1019 2303 1376 2359 θηριωδηςΛιβύη
1390 2308 1487 2355 (He-

828 2367 908 2403 rod.
939 2367 993 2412 11,
1022 2368 1117 2414 32),
1165 2365 1273 2416 plane
1305 2366 1488 2412 desertus,

829 2423 859 2459 si
880 2423 926 2459 ab
948 2423 1078 2471 exigua
1105 2426 1211 2472 parte
1238 2434 1259 2458 a
1281 2422 1489 2458 Garaman-

830 2480 926 2516 tibus
945 2479 1042 2516 culta
1064 2479 1274 2516 discesseris
1289 2480 1403 2526 (nunc
1425 2491 1490 2514 vo-

831 2540 914 2573 cant
939 2535 1214 2584 Biledulgerz'd,
1243 2536 1267 2572 i.
1288 2548 1320 2572 e.
1347 2535 1490 2585 palma-

831 2605 908 2628 rum
939 2593 1109 2640 terram);
1149 2604 1262 2642 supra
1288 2604 1396 2640 quem
1432 2591 1486 2626 in-

830 2653 989 2686 trorsum
1018 2649 1228 2686 extenditur
1256 2649 1352 2695 regio
1374 2651 1489 2683 tumu-

832 2706 907 2741 losa
929 2718 971 2742 ac
995 2705 1180 2751 sabulosa,
1213 2703 1378 2748 Salmra,
1408 2714 1493 2738 ma-

831 2763 926 2798 xime
947 2763 1051 2798 arida
1067 2774 1110 2797 ac
1131 2764 1255 2807 vasta,
1286 2760 1322 2794 in
1342 2770 1413 2806 qua
1433 2769 1493 2793 sa-

831 2818 875 2854 lis
894 2818 1025 2862 colles3
1055 2817 1101 2853 ab
1117 2816 1221 2852 huius
1240 2814 1336 2850 tertii
1353 2818 1493 2850 tractus

832 2874 984 2912 meridie
1015 2871 1121 2910 Nilus
1150 2870 1332 2908 delabitur
1366 2870 1494 2908 eadem

1520 337 1624 378 Supra
1646 339 1762 366 mariti-

1501 379 1550 398 mu
1555 372 1702 411 mLibJae
1716 377 1775 398 tra-

1502 411 1549 430 ctu
1534 414 1579 431 um
1611 406 1662 432 alu
1643 414 1688 431 rus
1716 405 1777 432 bel-

1503 437 1626 472 luosus
1641 446 1671 467 et
1687 448 1777 474 supra
