1946 3272
4 1943 11 2297 ffi—-ffffl-——u--ffl

583 215 926 257 THALIA.
976 216 1039 254 111.
1391 224 1445 263 31

149 344 170 377 3
183 335 325 380 πάντα
362 329 665 386 λυμαίνεσθαι.

725 327 818 371 ἐπεί
856 343 902 371 τε
931 327 977 371 δὲ
1004 326 1079 371 καὶ
1116 329 1256 370 ταῦτα
1284 327 1450 384 ἔκαμον

177 408 422 452 ποιεῦντες,
467 399 507 451 (ὁ
537 398 622 455 γάρ
661 398 715 455 δὴ
753 397 932 453 νεκρὸς,
976 399 1051 443 ἅτε
1081 398 1452 454 τεταριχευμένος,

177 473 337 530 ἀντεῖχέ
365 488 409 516 τε
438 472 511 515 καὶ
542 470 674 514 οὐδὲν
700 469 921 525 διεχέετο,)
954 469 1148 514 ἐκέλευσέ
1179 486 1256 526 μιν
1284 468 1308 513 ὁ
1331 472 1452 525 Καμ-

147 546 313 604 4βύσης
341 547 639 594 κατακαῦσαι,
671 540 975 598 ἐντελλόμενος
1005 541 1088 586 οὐκ
1119 541 1229 586 ὅσια.
1284 541 1453 598 Πέρσαι

118 711 190 763 pilli
210 709 378 758 reliquias
392 707 543 758 reperit,
558 706 623 744 sed
644 707 779 743 cincin-

117 773 241 806 natum
290 766 399 816 plane
443 764 608 814 capillum
661 764 780 814 ipsum

116 828 277 876 apteque
309 823 567 872 compositum.
626 819 677 858 Ac
708 821 783 857 suf-

116 883 283 929 fragatur
339 880 416 917 eius
465 878 782 916 observationibus

118 939 232 989 ipsius
253 936 337 973 civis
360 949 403 973 ac
421 935 557 972 sodalis
575 935 782 984 Rouyerius

120 995 228 1042 (ibid.
248 993 345 1031 Livr.
368 994 404 1028 X
427 1007 463 1043 p.
487 994 601 1039 208).
644 992 706 1029 Ille
722 1004 786 1028 ve-

121 1066 161 1089 ro
184 1064 264 1089 eam
296 1063 371 1087 rem
403 1050 491 1086 dicit
520 1051 630 1086 etiarn
652 1048 785 1085 contir-

121 1109 212 1147 mari
236 1107 377 1156 aliquot
405 1107 668 1156 Aegyptiorum
692 1105 787 1153 figu-

122 1167 185 1212 ris,
215 1177 305 1214 quas
326 1163 533 1213 anaglypha
553 1175 666 1212 opera
685 1162 787 1199 'she-

123 1224 228 1260 baica
258 1222 500 1271 picturaeque
540 1219 744 1256 exhibeant.
763 1219 788 1238 “

124 1279 284 1317 Creuzer.
330 1276 573 1328 (Commentt.
616 1275 786 1313 Herodd.

121 1350 158 1388 p.
179 1335 292 1383 363.)
312 1358 364 1364 -
393 1333 591 1371 Caeterum
610 1333 688 1370 iure
710 1333 746 1369 h.
766 1331 790 1369 l.

122 1404 290 1443 quaeraS,
309 1393 372 1440 qui
393 1392 529 1427 factum
548 1391 606 1437 sit,
627 1394 666 1426 ut
678 1390 788 1426 Cam-

122 1451 230 1500 byses
275 1448 383 1499 plane
424 1452 551 1484 contra
592 1447 788 1484 Persarum

122 1519 260 1544 morem
282 1510 317 1542 et
337 1505 639 1542 consuetudinem
662 1505 698 1541 in
715 1504 789 1542 Ae-

123 1564 269 1614 gyptios
287 1566 481 1612 tantopere
501 1561 682 1598 saevierit.
713 1561 791 1598 Cu-

125 1622 179 1658 ius
193 1621 244 1658 rei
264 1632 407 1657 causam
418 1619 633 1669 plerumque
646 1631 667 1653 a
679 1618 790 1655 sacris

125 1677 271 1726 utrique
298 1676 435 1726 populo
458 1676 613 1712 maxime
635 1675 789 1712 diversis

126 1747 205 1772 cum
225 1738 393 1784 repetant
410 1733 569 1782 indeque
589 1733 716 1769 exorta
732 1733 789 1769 in-

124 1791 284 1838 imicitia,
315 1803 410 1839 quae
434 1790 563 1827 eadem
586 1793 670 1839 post
694 1790 791 1826 sedi-

126 1849 266 1886 tionum
304 1847 499 1884 multarum
537 1846 635 1896 apud
667 1845 788 1895 Aegy-

126 1906 225 1957 ptios
245 1917 394 1953 quoque
414 1904 523 1940 fuerit
542 1915 670 1949 causa,
688 1904 791 1940 Hee-

127 1963 250 2000 renius
280 1961 415 2009 (ldeen
437 1961 488 2007 11,
514 1964 540 2001 2
569 1973 653 2010 pag.
677 1958 791 2008 408)

128 2019 257 2056 melius
284 2019 353 2055 hoc
375 2018 462 2055 inde
483 2017 655 2067 explicari
681 2030 792 2068 posse

127 2079 274 2121 censet,
304 2080 355 2122 nt,
386 2088 482 2124 quae
503 2088 524 2111 a
551 2074 673 2111 Persis
693 2088 793 2112 com-

129 2134 241 2170 missa
264 2133 410 2178 fuerint,
431 2133 467 2168 in
489 2132 698 2170 sacerdotes
725 2145 794 2182 po-

129 2191 307 2227 tissimum
335 2194 417 2226 acta
439 2189 550 2226 fuisse
578 2189 794 2237 cogitemus,

130 2260 285 2297 quorum
310 2246 513 2296 potentiam
540 2246 654 2282 minui
681 2247 795 2284 adeo-

131 2317 204 2353 que
233 2304 353 2352 frangi
389 2303 582 2340 Persarum
615 2304 794 2340 victorum

131 2361 287 2397 maxime
314 2361 528 2397 interfuerit.
594 2360 663 2396 Vix
697 2361 795 2397 enim

132 2417 264 2454 Persas
295 2417 410 2454 latere
439 2417 578 2467 potuit,
618 2422 796 2466 quantum

132 2473 170 2510 in
191 2475 457 2524 Aegyptiorum
488 2478 597 2522 gente
630 2474 799 2512 universa

133 2530 295 2568 valerent
315 2531 527 2568 sacerdotes
546 2535 798 2581 quantamque

134 2587 204 2624 vim
239 2588 290 2624 illi
325 2589 362 2624 in
400 2587 561 2636 reliquos
591 2586 797 2639 Aegyptios

137 2644 292 2681 omnium
313 2645 481 2682 ordinum
502 2650 734 2692 exercerent3
757 2650 798 2683 ut

139 2699 223 2737 inde
243 2714 389 2751 quoque
410 2701 477 2738 fiat
497 2701 680 2750 credibile,
700 2715 720 2739 a
739 2715 800 2739 sa-

140 2757 345 2795 cerdotibus
385 2759 583 2810 praecipue
627 2760 799 2797 excitatas

138 2811 250 2850 fuisse
275 2815 398 2852 turbas
422 2815 509 2853 istas
535 2828 577 2853 ac
588 2816 802 2865 seditiones,

142 2881 233 2917 quas
275 2871 484 2920 frequentes
524 2874 721 2925 postmodo
761 2874 800 2912 in

838 704 1011 758 Aegypto
1050 710 1196 746 exortas
1239 718 1321 744 esse
1359 704 1510 756 accepi-

842 776 932 801 mus.

898 819 922 859 o‘
958 817 1034 872 γαρ
1066 816 1118 872 δή
1147 816 1288 873 νεκρὸς
1314 841 1361 847 -
1388 814 1512 858 οὕὸὲν

841 875 1023 929 διεχέετο]
1044 878 1065 914 i.
1089 891 1120 915 e.
1137 891 1272 928 corpus,
1291 880 1417 928 quippe
1439 888 1510 913 me-

839 935 1011 981 dicatum,
1039 936 1222 972 resistebat
1244 947 1286 971 ac
1316 934 1414 971 nullo
1437 945 1512 969 mo-

843 992 886 1029 do
905 992 1109 1042 diffluebat.
1142 992 1254 1029 Unde
1271 995 1387 1042 patet,
1399 1002 1511 1039 gene-

843 1050 1037 1086 rosissimis
1070 1049 1344 1086 medicamentis
1371 1048 1514 1098 primo—

845 1119 918 1155 que
942 1106 1158 1143 conditurae
1178 1118 1313 1154 genere
1323 1105 1421 1153 regis
1433 1116 1514 1141 cor-

844 1176 913 1213 pus
941 1163 1053 1200 fuisse
1084 1163 1284 1200 conditum.
1351 1161 1405 1198 Ac
1435 1173 1515 1197 mo·-

845 1220 924 1257 nuit
947 1220 1027 1269 ipse
1054 1218 1196 1257 Noster
1223 1219 1271 1256 de
1295 1218 1405 1255 variis
1427 1230 1516 1254 con·-

845 1277 988 1314 diturae
996 1277 1194 1325 generibus
1210 1276 1256 1323 ΙΙ,
1269 1277 1322 1316 86
1342 1287 1434 1324 seq.,
1450 1273 1515 1310 ubi

845 1334 920 1371 vid.
950 1338 1044 1370 nott.
1089 1333 1149 1371 De
1175 1345 1265 1370 voce
1293 1325 1516 1383 ταριχεύειν

846 1391 1051 1428 monuimus
1065 1391 1113 1427 ad
1131 1391 1179 1437 ΙΙ,
1199 1389 1265 1431 85.
1287 1389 1516 1439 διαχεῖσθαι

847 1449 895 1485 de
924 1460 1063 1498 corpore
1084 1461 1112 1485 s.
1137 1447 1308 1484 cadavere
1328 1445 1515 1493 dilabente,

847 1505 1038 1556 (lzj'fluente
1049 1506 1205 1542 occurrit
1225 1517 1374 1553 quoque
1384 1504 1420 1540 in
1432 1502 1516 1540 loco

844 1561 994 1600 Aeneae
1025 1562 1167 1599 Gazaei
1193 1562 1229 1598 in
1262 1560 1517 1610 Theophrast-

845 1633 881 1670 p.
909 1620 974 1665 68,
1007 1632 1116 1668 quem
1140 1618 1311 1656 excitavit
1339 1618 1514 1655 Creuzer.

846 1679 883 1714 in
906 1677 1134 1714 Commentt.
1155 1676 1327 1714 Herodd.
1341 1686 1430 1726 pag.
1451 1676 1517 1715 11.

903 1785 1182 1840 ἐντελλόμενος
1213 1784 1287 1827 οὐκ
1318 1783 1426 1838 ὅσια]
1457 1786 1518 1825 De

847 1847 942 1896 ignis
978 1846 1077 1883 cultu
1105 1847 1206 1897 apud
1232 1845 1363 1883 Persas
1394 1845 1518 1881 omnia

847 1908 1033 1942 constant.
1092 1903 1199 1946 Quae
1224 1916 1312 1940 vero
1335 1902 1372 1939 h.
1395 1901 1415 1938 l.
1441 1913 1518 1938 me-

847 1965 1056 2006 morantur,
1087 1973 1166 1997 cum
1187 1960 1229 1996 iis
1248 1964 1518 2009 comparentur,

849 2031 944 2068 quae
966 2018 1014 2054 ad
1035 2017 1184 2054 Ctesiae
1204 2018 1373 2066 fragmm.
1395 2015 1518 2052 Perss.

849 2088 935 2127 pag.
966 2077 1044 2115 103
1080 2075 1274 2120 annotavi,
1313 2074 1426 2110 citata
1457 2085 1519 2108 su-

849 2144 917 2183 pra
940 2132 989 2168 ad
1009 2132 1038 2179 I,
1061 2134 1128 2178 86,
1150 2132 1212 2168 ubi
1233 2130 1326 2177 vid.‚
1357 2130 1520 2178 itemque

852 2189 901 2226 ad
929 2190 1082 2226 alterum
1115 2189 1263 2226 Ctesiae
1291 2186 1411 2224 locum
1443 2185 1518 2222 Ex-

852 2250 986 2296 cerptt.
1009 2246 1130 2283 Perss.
1149 2243 1186 2296 ἓ.
1205 2245 1257 2285 57
1288 2241 1405 2291 (,,καὶ
1427 2241 1518 2293 περὶ

852 2305 924 2342 τοῦ
937 2298 1156 2352 θάψαντος
1176 2298 1246 2341 τόν
1266 2299 1415 2350 πατέρα
1439 2296 1517 2338 6ιᾶ

852 2362 939 2400 τοῦ
965 2355 1137 2412 πυρὸς,
1167 2354 1303 2411 παρα
1333 2355 1421 2397 τόν
1445 2352 1520 2395 νό-

854 2418 1005 2469 μον“)
1038 2429 1125 2467 pag.
1148 2417 1243 2457 205.
1302 2415 1360 2452 Ex
1387 2414 1519 2464 quibus

857 2476 990 2525 opinor
1019 2474 1106 2510 satis
1147 2472 1312 2524 patebit,
1357 2483 1521 2509 cremare

855 2532 1036 2569 cadavera
1059 2530 1180 2568 Persis
1200 2542 1379 2567 summum
1403 2529 1521 2565 visum

854 2590 966 2626 fuisse
988 2588 1103 2625 nefas.
1148 2586 1231 2625 Nec
1249 2586 1365 2634 magis
1387 2598 1432 2623 ex
1450 2585 1520 2621 hoc

852 2646 1036 2683 Herodoti
1064 2644 1143 2682 loco
1174 2643 1340 2682 concludi
1370 2643 1521 2693 poterit,

856 2703 959 2752 quod
986 2701 1099 2739 voluit
1116 2702 1170 2739 vir
1198 2702 1330 2738 doctus
1357 2700 1395 2736 in
1413 2698 1520 2744 libro,

855 2760 917 2808 qui
947 2759 1156 2796 inscribitur
1189 2758 1368 2805 Hermes,
1408 2754 1444 2792 T
1447 2766 1520 2790 om·

855 2817 1002 2864 XXXI,
1050 2819 1069 2857 1
1108 2828 1194 2866 pag.
1242 2816 1344 2860 100,
1387 2812 1519 2849 Persas

856 2874 956 2924 prius
976 2873 1146 2924 quidem,
1177 2884 1258 2910 cum
1281 2869 1417 2907 seilicet
1443 2866 1521 2916 Cy-
