1946 3272
455 227 509 265 72
883 229 1353 268 HERODOTI

457 335 503 378 δὲ
546 334 653 390 μετὰ
693 338 831 377 ταῦτα
878 335 1060 387 καλέσας
1097 336 1246 380 Ἰνδῶν
1288 338 1391 388 τούς
1435 337 1726 393 καλεομένους

457 407 721 456 Καλλατίας,
756 409 798 448 οἳ
819 405 922 456 τούς
947 409 1102 461 γονέας
1129 410 1430 457 κατεσθίουσι,
1460 411 1619 461 εἴρετο,
1650 424 1727 452 πα-

456 474 645 529 ρεόντων
685 481 770 519 τῶν
802 475 1019 532 Ἑλλήνων
1055 479 1127 520 καὶ
1167 480 1209 521 δί
1240 479 1444 534 ἑρμηνέος
1474 479 1726 533 μανθανόν-

426 554 544 589 7των
567 546 618 588 τὰ
646 547 868 601 λεγόμενα,
909 547 1004 596 „gni
1038 551 1123 591 τίνι
1152 548 1340 604 χρήματι
1369 550 1549 601 δεξαίατ’
1581 550 1635 592 ἂν
1665 557 1782 593 ’τε-25

456 616 708 667 λευτέοντας
746 616 849 667 τούς
889 618 1076 673 πατέρας
1105 622 1354 662 κατακαίειν
1382 623 1530 673 πυρί.“
1593 623 1636 664 οἱ
1665 621 1724 673 δὲ,

427 686 738 742 8α’μβω’σαντες
777 687 906 742 μέγα,
951 687 1183 746 εὐφημέειν
1219 707 1294 745 μιν
1333 690 1543 734 ἐκέλευον.
1599 692 1724 735 Οὕτω

457 757 537 812 μέν
567 774 651 799 νυν
681 762 816 800 ταῦτα
846 760 1118 814 νενόμισται·
1170 761 1243 804 καὶ
1281 760 1430 816 ὀρθῶς
1468 780 1544 817 μοι
1583 763 1724 806 δοκέει
1789 782 1872 822 215

457 830 682 882 Πίνδαρος
711 833 914 885 ποιῆσαι,
968 829 1106 886 νόμον
1143 831 1322 876 πάντων
1364 834 1541 889 βασιλέα
1584 832 1728 889 φήσας

457 894 579 942 εἶναι.

455 1049 549 1098 τούς
596 1050 860 1102 καλεομένους
906 1055 1062 1091 Καλλα·

399 1109 496 1158 τίας]
518 1110 738 1155 Καλλατίας
757 1122 835 1146 cum
855 1109 1062 1158 Schweigh.

401 1170 438 1203 et
450 1166 565 1202 Gaisf.
585 1167 684 1204 edidi
694 1167 918 1203 assentiente
930 1166 1062 1203 Matth.

399 1222 521 1271 Vulgo
552 1223 775 1269 Καλατίας,
804 1223 850 1260 de
879 1236 951 1271 qua
977 1223 1063 1260 scri-

398 1283 507 1329 ptura
535 1279 708 1316 nonnulla
741 1278 960 1327 wesseling.
1002 1279 1063 1316 In-

399 1337 454 1372 sra
485 1335 556 1381 ΙΙΙ,
588 1339 642 1377 97
673 1339 793 1373 exstat
831 1336 1061 1374 Καλαντίαι.

401 1392 506 1434 Quos
516 1392 673 1429 Rennel.
698 1392 720 1429 l.
741 1391 763 1428 Ι.
785 1404 870 1442 pag.
884 1392 966 1432 522
983 1405 1064 1430 eos-

400 1448 484 1484 dem
513 1460 593 1485 esse
622 1450 825 1499 suspicatur
853 1454 966 1498 atque
989 1448 1063 1485 Pa-

401 1504 524 1551 zlaeos,
556 1505 603 1542 de
634 1506 766 1554 quibus
794 1505 856 1552 ΙΙΙ,
880 1507 945 1544 99.
987 1506 1064 1542 Sed

399 1560 563 1600 Heeren.
593 1561 719 1599 Ideen.
750 1562 778 1607 1,
814 1565 832 1601 1
868 1575 953 1611 pag.
981 1560 1063 1602 364

400 1630 477 1666 seq.
500 1622 623 1654 monet
648 1618 753 1655 huius
782 1618 900 1665 gentis
929 1631 1061 1654 nomen

400 1675 507 1718 latius
539 1678 667 1723 patere
696 1678 734 1712 ct
758 1675 904 1710 omnino
933 1675 982 1710 ad
1006 1674 1062 1711 ln-

400 1730 484 1766 diae
512 1730 758 1767 meridionalis
786 1735 924 1767 tractus
953 1731 1063 1779 perti-

400 1799 512 1831 nere,
559 1800 639 1822 cum
666 1787 865 1824 deductum
898 1787 1064 1823 videatur

400 1843 445 1878 ab
471 1842 597 1879 Indica
622 1856 710 1880 voce
734 1842 851 1880 Caller
872 1856 900 1879 s.
924 1842 1064 1888 Coulz·s;

403 1898 588 1936 Coaleroes.
647 1900 689 1936 In
712 1900 766 1936 his
790 1913 875 1936 vero
905 1900 1063 1947 regioni-

402 1956 468 1992 bus
507 1968 652 1992 carnem
691 1956 884 1992 humanam
925 1956 1064 1992 edendi

401 2012 706 2048 consuetudinem
736 2024 880 2062 semper
901 2012 977 2048 fere
997 2013 1063 2048 ob-

400 2068 554 2104 tinuisse
586 2067 686 2104 Idem
717 2072 862 2113 monet,
893 2080 972 2104 cum
1009 2067 1063 2104 vel

402 2123 613 2160 recentioris
626 2124 758 2161 aetatis
769 2124 1063 2174 peregrinatores

402 2180 505 2216 istius
534 2180 633 2216 modi
660 2193 805 2217 carnem
830 2181 876 2217 ad
901 2180 1063 2216 venden-

402 2236 489 2272 dum
516 2235 553 2272 in
582 2237 661 2272 soro
691 2236 833 2286 publice
862 2236 1062 2285 expositam

402 2292 569 2338 viderint,
596 2296 643 2339 et,
669 2305 762 2341 (fuae
784 2293 994 2329 Herodotus
1016 2293 1062 2330 de

402 2348 627 2398 parentibus,
642 2361 732 2397 quos
751 2349 959 2393 comedant,
976 2350 1063 2385 scri-

405 2405 480 2449 bat,
502 2404 629 2441 eadem
650 2404 763 2441 multo
785 2409 870 2455 post
897 2419 917 2441 a
938 2404 1063 2442 Marco

403 2459 493 2497 Polo
515 2465 739 2497 enarrentur.
790 2462 898 2511 Apud
918 2469 1063 2509 gentem

403 2516 584 2562 Africam,
625 2530 732 2565 quam
778 2519 887 2565 vulgo
937 2524 1065 2554 vocant

403 2572 680 2619 Hottentotten,
711 2573 837 2609 similia
860 2573 978 2610 adhuc
1007 2588 1063 2611 re-

403 2629 512 2678 periri
533 2628 736 2666 Larcherus
757 2630 804 2665 ad
828 2629 889 2675 ΙΙΙ,
909 2631 960 2669 99
983 2632 1067 2666 scri-

405 2685 469 2724 bit.
528 2683 589 2721 Ad
611 2685 823 2734 religionem
844 2691 966 2722 autem
992 2687 1067 2724 sive

405 2742 697 2791 superstitionem
746 2742 930 2790 quandam
970 2742 1066 2780 illum

406 2810 541 2834 morem
569 2802 755 2848 spectasse
787 2811 806 2834 e
831 2799 969 2835 verbis:
1002 2795 1065 2837 ευ’-

407 2852 576 2905 φημεέιν
613 2869 681 2905 μιν
716 2852 896 2893 ἐκέλευον
930 2855 1067 2906 colligit

1121 1054 1342 1093 Maltebrun.
1377 1054 1543 1092 Nouvell.
1581 1055 1711 1093 Annal.
1745 1058 1781 1096 d.

1121 1124 1251 1160 voyag.
1273 1111 1307 1147 ΙΙ
1334 1125 1368 1161 p.
1388 1112 1483 1151 328.
1523 1112 1621 1149 Infra
1648 1114 1709 1160 1V,
1728 1112 1782 1153 25

1121 1169 1251 1205 similia
1279 1168 1353 1205 sere
1378 1168 1424 1204 de
1446 1168 1679 1206 Issedonibus
1700 1182 1783 1206 nar-

1119 1229 1267 1270 rantur,
1298 1237 1393 1272 quae
1423 1225 1552 1262 eadem
1587 1220 1784 1263 etiamnum

1119 1281 1155 1317 in
1177 1280 1293 1317 insula
1315 1282 1487 1317 Sumatra
1511 1283 1609 1331 apud
1635 1287 1783 1331 gentem

1120 1338 1250 1374 Battas
1271 1338 1424 1374 inveniri
1451 1338 1624 1376 scribunt.
1675 1339 1782 1375 conf.

1120 1393 1280 1431 Heeren.
1301 1393 1322 1429 l.
1340 1392 1362 1429 l.
1385 1393 1411 1440 1,
1433 1397 1458 1435 2
1479 1407 1513 1443 p.
1533 1395 1626 1434 285.
1659 1395 1784 1438 Quare

1122 1463 1195 1486 non
1218 1454 1275 1487 est
1298 1463 1384 1487 sane
1410 1451 1511 1499 quod
1537 1451 1573 1486 in
1595 1451 1784 1487 ridiculum

1121 1506 1207 1543 talia
1247 1506 1448 1542 inconsulto
1498 1512 1615 1544 vertat
1651 1507 1693 1544 Α.
1736 1508 1783 1544 G.

1123 1562 1303 1610 Schlegel.
1325 1558 1480 1613 (Berlin.
1506 1563 1783 1601 'l'aschenbuch.

1123 1621 1229 1659 1829
1251 1632 1336 1668 pag·
1360 1617 1440 1668 16).
1468 1640 1524 1646 —
1553 1620 1610 1656 Ad
1630 1620 1783 1656 formam

1121 1670 1378 1726 ἀμβώσαντες
1398 1675 1494 1711 cons.
1514 1674 1540 1721 Ι,
1559 1679 1620 1716 10.
1638 1676 1700 1723 ΙΙΙ,
1718 1679 1780 1716 14.

1180 1731 1385 1778 Πίνδαρος
1406 1732 1588 1781 ποιῆσαι]
1622 1733 1679 1768 Ad
1700 1745 1783 1770 ver-

1120 1788 1206 1824 bum
1237 1791 1369 1825 ποιεῐν
1398 1789 1493 1824 conf.
1520 1788 1564 1833 ΙΙ,
1596 1789 1661 1834 53,
1691 1790 1783 1828 117.

1122 1844 1183 1890 IV,
1209 1842 1272 1882 14.
1292 1844 1337 1890 V,
1363 1843 1426 1883 95.
1458 1844 1608 1880 Pindari
1634 1845 1783 1890 dictum,

1121 1913 1193 1949 quo
1216 1901 1326 1936 utitur
1347 1900 1572 1946 Herodotus,
1600 1901 1706 1938 valde
1728 1905 1784 1938 est

1121 1956 1340 1993 celebratum
1369 1956 1563 2005 multisque
1590 1958 1783 2007 repetitum

1120 2013 1264 2049 serioris
1287 2013 1512 2062 potissimum
1541 2016 1672 2050 aetatis
1697 2014 1783 2050 scri-

1119 2070 1308 2118 ptoribus,
1349 2082 1499 2117 quorum
1534 2068 1632 2106 locos
1672 2070 1782 2107 refert

1121 2125 1331 2162 Schneider.
1358 2126 1405 2161 ad
1438 2126 1585 2162 Pindari
1614 2127 1781 2175 fragmm.

1120 2181 1184 2227 ΙΙΙ,
1218 2184 1235 2220 1
1269 2195 1352 2231 pag.
1374 2184 1427 2222 76
1457 2195 1560 2230 seqq.
1621 2183 1689 2219 Est
1716 2196 1783 2232 po-

1120 2238 1298 2274 tissimum
1321 2238 1481 2274 Platonis
1501 2238 1601 2275 locus
1625 2239 1660 2275 in
1687 2240 1785 2275 Gor-

1121 2295 1179 2342 giz'i
1196 2308 1280 2343 pag.
1296 2293 1376 2334 484
1388 2295 1430 2330 B.
1444 2308 1528 2344 pag.
1543 2299 1620 2336 126
1634 2296 1784 2342 Heind„

1121 2351 1220 2397 (coll.
1255 2350 1376 2387 Schol.
1417 2352 1464 2387 ad
1494 2352 1600 2389 Pind.
1638 2352 1781 2388 Nemm.

1123 2406 1187 2453 lx,
1209 2407 1261 2447 35
1293 2412 1329 2444 et
1352 2405 1502 2443 Aristid.
1529 2408 1649 2444 Oratt.
1674 2407 1782 2444 Platt.

1122 2463 1151 2499 ll
1174 2477 1209 2513 p.
1223 2465 1295 2509 52)
1317 2464 1377 2511 qui
1395 2463 1490 2498 viros
1506 2464 1633 2499 doctos
1652 2464 1783 2500 adver-

1121 2520 1178 2565 tit,
1210 2521 1347 2569 quippe
1374 2520 1408 2555 in
1440 2532 1512 2567 quo
1543 2519 1780 2568 philosophus

1122 2580 1256 2625 poetae
1279 2576 1414 2611 dictum
1436 2575 1504 2611 alio
1527 2580 1640 2624 atque
1662 2576 1782 2612 Hero-

1123 2632 1231 2667 dotus
1263 2644 1374 2667 sensu
1413 2632 1598 2681 accepisse
1628 2633 1781 2679 videtur,

1125 2688 1333 2725 existimans
1352 2688 1546 2724 Pindarum
1565 2701 1630 2724 nos
1651 2689 1781 2725 edoce-

1124 2757 1162 2781 re
1179 2743 1334 2780 voluisse
1352 2748 1493 2779 aeterna
1514 2744 1589 2792 lege
1609 2746 1784 2781 ιἠιηιοϊία-

1125 2800 1173 2836 les
1194 2801 1421 2850 mortalesque
1443 2803 1648 2849 constringi.
1704 2800 1784 2838 Nec

1123 2856 1235 2894 multo
1255 2856 1358 2895 aliter
1380 2858 1494 2907 ipsum
1506 2857 1704 2895 Pindarum
1723 2870 1783 2895 ac·-
