1863 3256
588 131 936 174 THALIA.

996 132 1059 170 111.
1365 139 1449 178 267

177 249 269 305 ιὸρη
302 246 622 302 ἀπολλυμένης,
662 241 823 300 ταύτης
855 243 1022 299 χιλίους
1059 240 1192 293 τάξον
1230 242 1340 284 κατα
1372 243 1450 294 τοὶ-ς

178 321 448 375 Σεμιράμιος
505 316 769 372 καλεομένας

826 313 995 365 πύλας·
1051 313 1157 370 μετά
1214 313 1259 356 δὲ
1312 309 1446 365 αὖτις,
1466 323 1508 356 55

177 392 263 435 α’πὸ
315 396 392 447 τῆς
431 387 612 444 δεκάτης
654 387 695 439 ές
737 387 952 443 ἑβδόμην,
994 384 1155 436 ἄλλους
1201 401 1277 440 μοι
1324 384 1456 436 τάξον

177 464 413 518 δισχιλίους
437 459 546 503 κατὰ
575 459 650 509 τὰς
668 460 838 502 Νινίων
873 457 1140 514 καλεομένας
1169 456 1330 507 πύλας·
1364 455 1451 499 άπὸ

177 535 222 578 δὲ
252 537 325 588 τῆς
355 531 543 588 ἑβδόμης
574 532 811 574 διαλείπειν
850 532 986 573 εἴκοσι
1016 527 1199 585 ἡμέρας,
1229 529 1303 571 καὶ
1341 528 1453 571 ἕπει-

175 622 228 648 τα
278 603 438 654 ἄλλους
478 601 683 656 κάτισον,
735 601 913 658 ἀγαγών
953 599 1063 644 κατὰ
1105 599 1180 650 τὰς
1220 601 1512 643 Χαλδαίωνὺο

147 672 444 730 7καλεομένας
487 672 652 726 πύλας,
703 674 1081 728 τετρακισχιλίους.

1167 670 1356 726 ἐχόντων
1407 671 1453 715 δὲ

176 744 281 801 μήτε
333 747 378 788 οἱ
413 745 621 801 πρότεροι
668 744 805 802 μηδὲν
843 749 934 788 τῶν
982 741 1298 797 ἀμυνούντων,
1347 742 1453 800 μήτε

150 812 329 868 ὃοῦτοι,
361 818 473 875 πλὴν
505 818 788 874 ἐγχειριδίων·
817 820 950 860 τοῦτο
982 814 1027 858 δὲ
1059 815 1136 858 έᾶν
1166 815 1287 870 ἔχειν.
1345 815 1451 871 μετὰ

177 889 223 932 δὲ
262 889 342 946 τήν
392 891 591 946 εἰκοστὴν
641 888 834 946 ἡμέρην,
885 887 1014 937 ἰθέως
1061 886 1142 942 τήν
1191 886 1270 941 μὲν
1318 885 1454 943 ἄλλην

178 959 388 1017 στρατιὴν
428 960 622 1005 κελεύειν
661 961 784 1014 πέριξ

824 959 1119 1016 προσβάλλειν
1148 959 1258 1012 πρὸς
1287 958 1336 1001 τό
1365 964 1454 1002 τεῖ-

177 1049 272 1088 χος,
305 1033 477 1088 Πέρσας
509 1034 554 1077 δέ
585 1050 660 1090 μοι
689 1031 820 1084 τάξον
850 1030 960 1075 κατά
990 1047 1033 1074 τε
1063 1030 1142 1081 τοὶς
1173 1032 1362 1086 Βηλίδας
1383 1047 1454 1073 κα-
1467 1037 1512 1071 65

149 1103 391 1159 9λεομένας
427 1105 567 1155 πύλας
609 1104 683 1148 καὶ
716 1104 910 1154 Κισσίας.

973 1100 1031 1153 ὥς
1060 1101 1145 1158 γάρ
1182 1100 1264 1158 ἐγώ
1304 1102 1454 1155 δοκέω,

177 1176 278 1232 έμέο
313 1175 479 1232 μεγάλα
523 1176 628 1232 ἔργα
663 1173 1015 1230 ἀποδεξαμένου,
1056 1174 1109 1217 τά
1148 1189 1192 1217 τε
1224 1173 1334 1216 ἄλλα
1370 1174 1457 1216 ἐπι-

176 1246 421 1302 τράψονται
460 1248 557 1302 ἐμοὶ
597 1245 897 1303 Βαβυλώνιοι,
938 1247 1013 1290 καὶ
1051 1245 1104 1302 δὴ
1144 1246 1218 1289 καὶ
1255 1249 1345 1289 τῶν
1374 1261 1461 1288 πυ-

179 1319 290 1363 λέων
334 1318 413 1371 τάς
460 1317 756 1376 βαλανάγρας.

825 1317 874 1362 τὸ
920 1316 964 1362 δ’
1010 1317 1242 1371 ἐνθεῦτεν,
1283 1317 1380 1373 ἐμοί
1417 1322 1519 1360 τε7Ο

177 1392 252 1436 καὶ
283 1391 481 1448 Πέρσῃσι
510 1390 685 1448 μελήσει
717 1390 771 1434 τὰ
801 1392 870 1434 δεῖ
896 1389 1103 1433 ποιέειν.“

123 1702 165 1739 Ιι]
203 1702 369 1753 proxime
398 1714 504 1750 seqq·
557 1699 656 1739 κατά
694 1700 792 1738 valet

119 1772 250 1809 prope,
284 1759 356 1805 acl,
381 1764 420 1795 ut
449 1759 496 1805 ll,
529 1760 630 1804 121,
661 1757 700 1804 4,
731 1758 791 1794 ubi

123 1817 210 1863 vid,
230 1815 286 1853 vel
309 1828 352 1852 ex
369 1816 528 1862 adverso,
549 1829 565 1852 e
584 1817 733 1864 regione,
753 1819 792 1852 ut

127 1873 154 1919 Ι,
176 1875 243 1919 76,
274 1873 334 1909 ubi
362 1873 436 1909 vid.
453 1895 509 1900 —
539 1872 598 1910 De
617 1874 697 1922 ipso
719 1872 791 1908 situ

125 1934 315 1980 portarum
336 1930 380 1968 cf.
401 1934 498 1968 nott.
517 1930 565 1966 ad
583 1929 646 1976 ΙΙΙ,
671 1930 761 1970 158.

184 1986 415 2037 διαλείπειν]
436 1987 490 2023 [ta
507 1999 573 2036 pro
593 1985 691 2034 vulg.
707 1987 792 2024 δια-

125 2039 256 2081 λιπών
275 2056 295 2081 e
312 2044 430 2081 tribus
450 2043 552 2081 libris
573 2043 791 2080 adscivimus

124 2113 205 2138 cum
235 2100 442 2149 Schweigh.
481 2105 519 2137 et
551 2100 690 2146 Gaisf.;
728 2100 793 2136 ubi

125 2157 342 2194 infinitivum
365 2171 433 2207 pro
457 2157 670 2207 imperativo
700 2158 792 2194 acci-

126 2215 213 2264 pis»,
246 2218 287 2251 ut
318 2214 394 2261 III,
439 2213 541 2258 134,
572 2226 793 2263 quamquam

126 2272 262 2315 fateor,
293 2271 375 2307 duri
397 2272 488 2320 quid
515 2271 601 2308 mihi
619 2270 734 2308 videri
756 2271 793 2307 in

128 2341 172 2365 eo
194 2329 326 2365 inesse.
384 2328 438 2366 Ac
464 2324 660 2367 διαλιπών
685 2340 794 2378 repe-

128 2385 218 2421 ritur
236 2397 321 2421 mox
347 2383 420 2432 Ill,
452 2386 543 2426 157.
563 2405 614 2411 —
637 2383 696 2421 Ad
716 2385 792 2420 for-

129 2453 221 2478 mam
234 2437 406 2491 ἐχόντων
419 2442 506 2488 cf.1,
519 2443 570 2481 89
581 2437 791 2493 λεγόντων.

185 2500 267 2536 τῶν
275 2497 432 2537 πυλέων
443 2495 512 2545 τάς
521 2495 790 2550 βαλανάγρας]

130 2551 191 2590 Ad
229 2567 353 2593 vocem
390 2552 646 2608 βαλανάγρα,
698 2568 793 2605 quae

131 2611 239 2647 etiam
279 2613 426 2650 omnino
473 2614 610 2651 indicat
649 2613 794 2659 clavem,

132 2668 317 2715 claustra,
347 2671 548 2707 tenendum
571 2674 641 2717 est,
673 2666 795 2720 βάλα-

133 2738 205 2763 νον
229 2724 300 2760 dici
321 2737 445 2764 cavam
466 2727 561 2764 intus
578 2727 794 2765 cochleatim

132 2782 309 2829 striatam,
336 2794 433 2830 quae
454 2784 491 2820 in
510 2785 675 2822 foramen
691 2796 796 2822 serae

298 1467 449 1507 Ταῦτα
488 1463 806 1518 ἐντειλάμενος,
846 1462 912 1519 ἤϊε
950 1462 1019 1505 ἐπὶ
1060 1461 1139 1512 τὰς
1176 1460 1336 1512 πύλας·
1377 1460 1462 1504 ἐπι-

180 1533 497 1592 στρεφόμενος,
538 1534 598 1588 ιὸς
632 1535 685 1592 δὴ
715 1533 915 1591 ἀληθέως
946 1534 1200 1591 αὐτόμολος.

849 1696 950 1751 (τήν
981 1694 1280 1750 βαλανοδόκην)
1314 1696 1517 1734 descende-

848 1759 923 1804 bat,
952 1762 990 1794 ct
1009 1762 1087 1793 tota
1105 1758 1201 1793 intra
1222 1756 1258 1792 id
1277 1755 1446 1790 immersa
1464 1753 1517 1790 la-

848 1815 962 1852 tebat.
1010 1814 1092 1850 Hoc
1113 1814 1224 1850 modo
1249 1811 1396 1849 clausae
1418 1811 1516 1847 fores

848 1873 879 1909 si
901 1872 1123 1922 aperiendae
1149 1874 1255 1908 erant
1271 1896 1282 1915 ‚
1309 1867 1517 1904 adhibeba-

848 1934 906 1966 tur
936 1924 1191 1979 βαλανάγρα,
1224 1938 1319 1975 quae
1352 1926 1389 1961 in
1417 1924 1517 1961 idem

848 1987 1013 2023 foramen
1040 1984 1303 2022 demittebatur
1328 1987 1365 2019 et
1383 1993 1518 2018 conve-

849 2043 974 2080 niebat
993 2043 1029 2079 in
1053 2055 1180 2079 cavum
1202 2034 1398 2091 βαλάνου,
1418 2051 1518 2075 eam-

850 2113 923 2148 que
950 2099 1173 2136 attrahebat.
1233 2097 1291 2133 lla
1316 2095 1517 2132 Salmasius

850 2157 1028 2194 Exercitt.
1058 2155 1152 2192 Plin.
1180 2169 1216 2205 p.
1238 2154 1331 2194 650.
1368 2152 1428 2190 Tu
1447 2152 1519 2188 vid.

852 2213 1018 2251 Aeneam
1040 2212 1181 2249 Tacfic.
1211 2213 1260 2251 18
1282 2211 1369 2259 ibiq.
1391 2209 1518 2246 Inter-

850 2276 985 2321 preteS.
1017 2283 1054 2319 p.
1081 2271 1161 2310 178
1206 2267 1319 2305 Orell.
1365 2271 1401 2304 et
1430 2267 1522 2303 ima-

851 2329 974 2376 ginem
1005 2321 1260 2377 βαλανάγρας
1286 2324 1359 2361 illic
1383 2323 1521 2361 exhibi-

850 2389 1007 2421 tam.—
1027 2384 1069 2420 In
1090 2383 1163 2420 fine
1175 2382 1298 2432 recepi
1312 2378 1360 2420 τοὶ
1375 2380 1437 2420 δεῖ
1451 2392 1520 2431 pro

850 2438 898 2480 τά
924 2438 966 2481 δὲ
988 2454 1066 2478 cum
1086 2453 1158 2477 rec.
1184 2441 1243 2477 ed.

1052 2497 1159 2547 Cap.
1191 2495 1320 2534 CLVI.

908 2551 1273 2606 ἐπιστρεφόμενος]
1342 2551 1522 2588 Reddunt

850 2612 982 2661 vulgo:
1022 2611 1172 2648 subinde
1199 2626 1233 2647 se
1263 2612 1460 2646 convertens
1487 2610 1519 2641 et

851 2673 943 2706 retro
965 2673 1147 2720 spectans,
1178 2681 1221 2704 ac
1241 2670 1274 2704 si
1294 2679 1413 2702 revera
1435 2666 1520 2699 esset

853 2727 1067 2778 transfuga,
1098 2739 1126 2763 s.
1155 2723 1386 2774 transfugam
1411 2722 1519 2756 sinm-

852 2784 945 2821 lans.
1005 2784 1055 2821 Et
1081 2783 1117 2820 in
1143 2795 1227 2820 eum
1254 2791 1401 2819 sensum
1428 2776 1519 2814 Gal-

1511 675 1592 713 277

1544 1466 1765 1499 Transsngliurn

1520 1501 1630 1535 Zopyri
1669 1501 1708 1529 ad
1737 1501 1797 1529 Ba—

1262 1532 1462 1588 ὁρέοντες
1518 1535 1668 1569 ὺιιυιιῑοε,
