1863 3256
613 191 646 227 Τ
674 190 711 227 Η
741 189 775 227 Α
804 189 836 227 L
866 190 881 227 1
912 189 956 228 A.
1018 190 1080 231 111.
1398 202 1479 239 133

1538 305 1603 332 Indi
1629 306 1739 334 l’adaei
1769 307 1810 334 vi-

1536 344 1610 365 vunt
1672 341 1812 367 carnibus

1539 373 1653 399 onidis:
1670 379 1812 407 aegrotos

1539 409 1567 429 et
1579 414 1665 431 senen
1682 412 1812 434 mactant

1534 442 1563 462 et
1581 439 1753 472 epulantur.

1534 474 1614 515 243

206 313 312 345 σωσι
341 302 414 345 καὶ
441 298 631 350 κόψωσι,
681 297 730 341 τό
762 298 967 341 ἐνθεῦτεν
997 302 1177 354 φορμοῦ
1209 301 1374 353 τρόπον
1406 322 1477 348 κα-

83 376 150 421 99
207 371 506 425 ταπλέξαντες,
537 369 596 419 ὥς
625 370 808 425 θώρηκα
837 369 1102 414 ἐνδυνὲουσι.
1149 371 1298 414 ’Ἀλλοι
1320 374 1364 414 δὲ
1394 379 1482 416 τῶν

204 443 350 487 Ἰνδῶν
388 440 498 494 πρὸς
538 439 605 497 ἠῶ
648 441 866 493 οἰκέοντες
904 440 1094 495 τούτων,
1152 442 1343 497 νομάδες
1380 445 1474 494 εἶσὶ,

203 517 345 569 κρεῶν
408 511 575 556 ἐδεσταὶ
643 511 773 568 ὠμῶν
785 529 794 537 ·

146 681 311 721 contalae
341 681 499 720 carmine
526 680 651 717 Indico
680 685 810 732 patet3

144 752 239 789 quae
259 740 388 776 eadem
409 739 477 775 sub
498 737 575 774 sole
595 738 729 775 siccare
749 751 810 775 so-

142 796 278 842 lebant,
296 796 504 832 humiditati
526 800 565 831 ut
586 795 808 832 resisterent.

145 851 296 900 [„C0nf.
310 852 519 889 Philostrat.
540 852 586 887 de
600 851 684 888 Vita
698 850 809 902 Apol-

141 909 230 946 lonii
253 908 323 955 III,
351 912 414 950 16.
444 907 568 944 Liber.
598 907 719 957 legum
744 921 809 944 au-

141 969 240 1003 ctore
258 965 371 1002 Menu
396 979 423 1001 s.
446 964 561 1001 Manu
586 978 664 1014 cap.
686 965 731 1001 VI
754 979 806 1002 vs.

141 1025 180 1064 6.
232 1023 391 1059 Carmen
426 1021 589 1058 Indicum
621 1022 807 1069 Ramaya-

140 1092 189 1116 na
208 1078 297 1116 lib.l
318 1078 468 1129 Stroph.
484 1080 538 1119 30
560 1083 595 1114 et
614 1079 805 1128 Kosegar-

141 1136 215 1173 teni
237 1136 371 1172 Annot.
396 1137 432 1171 in
458 1136 613 1171 version.
642 1149 803 1184 german.

140 1192 284 1229 fabulae
317 1192 480 1228 scenicae
510 1190 628 1229 Nalae
662 1191 804 1238 (Nali)

137 1261 222 1298 pag.
245 1250 326 1289 288
350 1250 434 1297 sq.“
469 1246 551 1297 Cn]
603 1249 679 1285 Sed
706 1251 802 1298 apud

137 1306 299 1341 Ctesiam
317 1304 338 1342 l.
351 1304 372 1341 l.
395 1299 534 1351 ξύλινα
553 1301 687 1354 ἱμάτια
705 1305 802 1342 haud

136 1362 211 1398 scio
248 1374 295 1398 an
341 1362 519 1399 eiusmodi
563 1362 802 1411 intelligenda

137 1419 210 1454 sint
226 1419 457 1464 vestimenta,
472 1417 592 1467 qualia
609 1432 721 1469 supra
739 1418 802 1465 ΙΙΙ,

136 1473 191 1515 47
220 1475 435 1512 Herodotus
452 1476 675 1512 indicaverat
700 1475 802 1528 εἴρια

136 1527 218 1570 α’πό
244 1528 383 1578 ξύλου,
415 1532 437 1568 i.
467 1545 499 1569 e.
532 1545 575 1569 ex
607 1536 743 1569 cotoneo
771 1546 799 1570 s.

135 1591 298 1639 ἔθεε-ωηο
334 1588 590 1640 (Βαιιῐιιιιόἰίε)
624 1592 799 1627 confecta,

136 1645 218 1681 vid.
243 1650 335 1683 nott.
358 1647 404 1682 ad
426 1648 526 1682 Ctes.
549 1660 635 1697 pag.
659 1648 740 1687 326
764 1652 800 1684 et

135 1702 183 1739 ad
203 1702 347 1738 Herod.
371 1702 433 1749 III,
455 1701 520 1741 47.

192 1761 356 1809 φορμοῦ
371 1757 521 1809 τρόπον
535 1758 800 1805 καταπλέξαν-

132 1814 217 1864 τες]
247 1817 270 1851 i.
293 1829 323 1852 e.
356 1817 467 1852 corbis
493 1816 542 1852 ml
576 1818 692 1852 instar
717 1830 800 1866 per-

133 1875 299 1909 texentes.
376 1873 616 1910 Locutionem
650 1875 798 1923 repetiit

130 1929 289 1967 Pausan.
307 1929 404 1973 VIII,
423 1932 476 1969 22
496 1928 531 1980 ἓ.
546 1929 584 1976 4,
615 1931 674 1967 ubi
701 1932 796 1967 cons.

131 1986 297 2023 Siebelis.
318 1985 451 2023 Glossa
464 1987 675 2023 Herodotea
695 1988 743 2023 ad
761 1987 797 2023 h.

130 2041 153 2078 l.
175 2037 347 2094 φορμός·
369 2041 522 2094 πλέγμα
544 2042 597 2090 ὥς
610 2039 794 2093 κόφινος.

129 2120 187 2126 —-
206 2100 265 2136 Ad
284 2101 437 2137 formam
456 2099 687 2139 ἐνδυνέουσι
699 2102 794 2138 conf.

130 2155 262 2193 Matth.
286 2157 351 2194 Gr.
376 2157 442 2194 Gr.
462 2170 548 2208 pag.
568 2157 662 2199 448.

329 2247 360 2284 C
372 2260 438 2298 ap.
462 2248 596 2286 XCIX.

185 2325 394 2366 καλέονται
427 2324 469 2366 δὲ
504 2327 702 2378 Παδαῖοι]
734 2328 792 2366 Dc

127 2383 285 2421 Padaeis
308 2385 532 2434 interpretes
555 2384 706 2422 laudant
727 2385 796 2422 Ti-

128 2440 214 2477 buu.
237 2441 300 2488 IV,
322 2444 357 2480 1.
379 2439 481 2487 144,
512 2445 549 2478 et
576 2442 696 2479 Nicol.
717 2442 795 2479 Da-

129 2509 285 2534 masccn.
314 2511 373 2548 ap.
406 2499 513 2535 Stob.
547 2512 583 2548 p.
606 2499 705 2545 105,
725 2500 791 2539 31.

128 2551 160 2588 E
179 2553 354 2602 Reliquiis
373 2555 511 2592 Histor.
531 2556 685 2593 univers.
706 2568 790 2606 pag.

132 2608 211 2648 144
239 2611 294 2650 ed.
332 2612 445 2649 Orelli
482 2614 526 2649 cf.
563 2613 721 2650 eundem
753 2613 789 2648 in

129 2665 379 2714 Supplement.
413 2668 564 2706 Notarr.
600 2670 637 2706 in
670 2669 787 2706 Nicol.

129 2719 300 2760 Damaso.
323 2737 409 2774 pag.
428 2728 483 2766 70
501 2739 555 2775 sq.
583 2726 788 2763 Larcherus

127 2789 207 2814 cum
232 2778 384 2818 Rennei.
407 2781 428 2818 I.
449 2782 472 2819 l.
497 2795 581 2832 pag.
601 2783 683 2823 519
711 2781 786 2819 Ρα-

127 2833 231 2871 ‹laeos
255 2839 293 2873 et
314 2837 519 2886 Gangarios
537 2853 605 2891 pro
629 2853 703 2878 una
723 2853 788 2878 ea-

878 513 1106 557 καλέονται
1163 514 1210 557 ὁὲ
1272 516 1477 558 Παδαῖοι.

868 682 1026 732 demque
1044 687 1154 731 gente
1174 682 1296 730 habet,
1316 696 1411 733 quae
1432 688 1534 721 utra-

867 752 938 787 que
971 752 992 775 a
1022 740 1156 787 Gange
1181 741 1310 787 ssuxio,
1342 741 1403 789 qui
1435 742 1530 778 idem

868 795 996 832 Padus
1016 809 1044 832 s.
1067 795 1202 832 I'mlda
1230 798 1264 832 iu
1296 798 1532 834 sanseridana

865 852 989 902 lingua
1013 853 1237 903 appelletur,
1268 867 1400 891 nomen
1427 867 1533 892 acce-

865 911 981 959 perit3
1000 910 1049 946 ita
1070 915 1108 946 ut
1124 910 1353 947 I'adaeorum
1371 923 1462 960 gens
1483 912 1530 948 ad

866 968 1036 1016 Gangem
1060 966 1211 1015 eiusque
1237 968 1334 1004 ostia
1363 970 1409 1003 sit
1440 968 1531 1005 rele-

865 1024 1000 1072 ganda.
1033 1024 1172 1059 Contra
1200 1024 1234 1059 in
1257 1025 1445 1060 montibus
1472 1037 1531 1061 se-

864 1079 1168 1130 ptentrionalibus
1191 1080 1284 1117 hanc
1306 1085 1453 1128 gentem
1477 1082 1531 1119 se-

864 1150 940 1173 ram
954 1136 1121 1173 'I'artaris
1136 1138 1396 1173 conterminam
1417 1151 1530 1186 quae-

862 1195 1014 1229 rendam
1027 1206 1106 1229 esse
1117 1199 1239 1229 censet
1251 1193 1417 1230 Vincent.
1429 1196 1528 1243 apud

862 1249 1018 1287 Reunel.
1038 1249 1058 1285 I.
1082 1249 1104 1285 l.
1130 1262 1216 1299 pag.
1239 1251 1332 1289 720.
1365 1250 1525 1287 Heeren.

861 1306 971 1343 Ideen
995 1306 1021 1352 I,
1051 1308 1069 1345 1
1105 1319 1191 1355 pag.
1215 1305 1309 1345 364.
1352 1305 1528 1354 Padaeos,

861 1364 924 1412 qui
942 1364 988 1399 ab
1010 1364 1150 1399 oriente
1171 1363 1340 1399 Indorum
1358 1363 1526 1412 ichthyo-

858 1420 1061 1468 phagorum
1070 1448 1079 1465 ,
1100 1432 1127 1455 s.
1139 1420 1185 1456 ab
1198 1420 1337 1457 oriente
1349 1420 1524 1458 ostiorum

859 1476 940 1513 Iudi
969 1477 1068 1513 fluvii
1101 1477 1206 1513 Sedes
1235 1476 1449 1524 habuerint,
1488 1477 1526 1514 in

860 1538 958 1570 terra
998 1533 1125 1570 Statuit
1163 1532 1397 1570 collocandos
1430 1546 1525 1580 esse,

857 1603 952 1639 quae
972 1603 1067 1626 nunc
1087 1595 1236 1627 vocatur
1258 1590 1434 1637 Guzeret,
1465 1591 1526 1627 ubi

855 1648 985 1684 fluvius
1009 1646 1184 1693 Faddar,
1215 1647 1263 1683 ad
1294 1648 1394 1684 cuius
1423 1647 1521 1697 ripas

856 1717 946 1752 gens
988 1703 1114 1753 palans
1155 1716 1290 1740 nomen
1332 1704 1521 1741 invenerit.

855 1760 936 1797 Nec
949 1760 1059 1809 longe
1079 1761 1162 1797 hinc
1181 1761 1312 1797 abesse
1329 1763 1436 1797 notat
1454 1761 1520 1798 de·

857 1822 953 1853 serta
972 1817 1092 1867 ampla
1118 1816 1300 1864 sabulosa,
1330 1830 1447 1866 usque
1471 1818 1520 1853 ad

853 1879 986 1910 terram
1008 1873 1151 1911 Multan
1171 1879 1358 1924 porrecta,
1380 1874 1418 1910 in
1438 1874 1520 1923 qui-

853 1931 921 1967 bus
947 1935 985 1968 et
1004 1932 1155 1980 antiquo
1175 1935 1212 1967 et
1233 1931 1434 1967 recentiore
1454 1942 1519 1967 ae·-

854 2000 899 2023 vo
913 1992 1041 2035 gentes
1050 1987 1206 2024 maxime
1225 1987 1334 2024 rudes
1357 2000 1398 2024 ac
1419 1987 1520 2024 ferae

854 2044 1073 2081 domicilium
1120 2044 1332 2090 habuerint,
1393 2042 1518 2092 quales

851 2101 989 2138 Noster
1015 2100 1238 2139 Calatiarum
1265 2114 1292 2138 s.
1328 2100 1519 2137 catantia-

853 2171 930 2194 rum
953 2158 1100 2195 nomine
1122 2169 1231 2207 supra
1252 2157 1316 2205 ΙΙΙ,
1341 2158 1409 2203 38,
1436 2155 1518 2206 (nbi

852 2215 925 2251 vid.
951 2213 1062 2265 nott.)
1084 2213 1262 2250 indicarit.
1323 2214 1392 2250 Cui
1414 2213 1517 2249 obIo—

853 2273 976 2320 quitur
1002 2271 1222 2309 Maltebrun.
1247 2269 1415 2307 Nouvell.
1438 2268 1517 2307 An-

851 2328 935 2365 naII.
957 2329 989 2365 II
1016 2342 1052 2379 p.
1080 2328 1173 2368 326.
1199 2328 1304 2375 329,
1334 2341 1416 2364 cum
1446 2327 1519 2363 Pa-

852 2386 1028 2422 daeorum
1050 2385 1156 2422 sedes
1182 2384 1220 2420 in
1245 2385 1431 2422 montibus
1454 2397 1516 2420 su-

851 2442 1005 2493 perioris
1026 2447 1146 2478 terrae
1162 2439 1303 2477 Paniab
1327 2441 1514 2478 meridiem

849 2512 975 2536 versus
1002 2512 1024 2536 a
1053 2503 1151 2536 terra
1179 2496 1374 2535 Kaschmir
1403 2510 1516 2547 quae-

849 2557 985 2594 rendae
997 2558 1089 2602 sint3
1113 2559 1307 2604 utramque
1326 2567 1411 2592 vero
1425 2566 1515 2603 gen-

847 2617 921 2650 tem
951 2613 1182 2650 Padaeorum
1212 2617 1249 2649 et
1277 2612 1515 2655 Calatiarum,

847 2683 940 2719 quos
962 2670 1108 2707 ultimos
1129 2670 1176 2706 ad
1196 2669 1372 2706 orientem
1398 2668 1515 2704 Hero-

846 2727 954 2763 dotus
971 2728 1080 2773 norit,
1098 2739 1173 2764 non
1194 2730 1268 2762 tam
1286 2726 1434 2761 Indicae
1462 2722 1515 2757 vi-

845 2784 923 2821 deri
954 2783 1028 2821 vult
1052 2785 1198 2835 stirpis,
1231 2794 1338 2831 quam
1368 2778 1512 2828 Scythi-

844 2852 920 2878 cae.
