1863 3256
168 292 251 331 6⁴2
650 288 1187 328 EXCURSUSl

171 394 245 440 οὖν
279 399 489 440 αἰνίττεται
511 403 580 441 τοῦ
611 399 746 452 φωτός
775 397 877 439 εἶναι
907 396 950 438 τὸ
971 396 1111 445 σκότος
1142 393 1410 450 πρεσβύτερον
1426 395 1484 448 *),
1529 396 1596 437 καὶ
1634 395 1678 438 τό

171 464 378 519 μηνοειδὲς
400 470 472 518 τῆς
493 464 663 519 σελήνης
683 468 896 518 κατηγορεῖ
913 468 1043 516 σχῆμα
1061 464 1234 504 συνιέντι
1255 464 1373 517 μέρος
1395 461 1512 513 ἄλλο,
1541 481 1576 504 κ.
1593 480 1625 504 τ-
1646 468 1677 504 λ.

173 558 228 563 ’-
247 537 428 573 Revertor
456 535 503 572 ad
534 535 775 573 Herodotum.
834 534 955 577 Quum
981 534 1009 570 is
1041 533 1078 570 in
1105 534 1227 571 fronte
1253 532 1383 583 Apidis
1411 533 1508 571 locet
1535 529 1680 572 λευκόν

172 598 441 655 τετράγωνον,
483 614 602 650 neque
640 614 726 638 vero
762 604 923 638 veterum
956 601 1174 651 scriptorum
1209 601 1399 650 quisquam
1439 614 1518 639 eam
1554 605 1680 638 notam

171 674 369 720 agnoscat:
408 668 563 718 amplexi
584 671 669 704 sunt
687 680 814 705 omnes
836 668 912 704 sere
934 668 1150 718 interpretes
1173 669 1415 706 coniecturam
1432 668 1534 717 Cayli
1556 668 1681 706 Corni-

170 738 216 775 tis
248 737 285 774 in
308 735 457 774 Recueil
480 734 514 770 d‘
534 733 684 782 Antiqq.
706 733 815 771 Tom.
840 735 853 771 l
877 749 911 785 p.
932 733 984 776 43
1007 731 1147 773 λευκόν
1172 751 1209 774 τι
1229 735 1435 788 τρίγωνον.
1492 735 1590 773 Nam
1616 735 1680 772 tri-

170 805 342 852 angulum
366 802 556 849 assignant
573 800 683 851 Apidi
708 806 746 839 et
766 803 961 853 scriptores
981 806 1017 840 et
1036 808 1269 842 monumenta
1284 802 1364 850 **)‚
1395 807 1432 841 et
1450 802 1605 852 vulgaris
1624 807 1680 840 est

170 871 332 908 confusio
364 869 533 905 utriusvis
562 868 726 906 vocabuli
748 868 837 917 ***).
895 870 1156 908 Verumtamen
1177 870 1286 907 laudo
1311 871 1544 909 vehementer
1563 871 1680 907 conti-

170 937 326 976 nentiam
347 935 702 984 Schweighaeuseri,
727 936 788 985 qni
810 937 846 973 in
866 936 1071 974 huiusmodi
1092 937 1171 975 loco
1192 939 1446 976 constituendo
1462 938 1548 974 nihil
1567 951 1678 974 nova-

170 1004 270 1041 verit.
315 1001 544 1044 Quadratum
566 1004 662 1040 enim
682 1004 757 1041 sive
778 998 1049 1055 τετράγωνον,
1078 1006 1236 1055 pertinet
1256 1005 1304 1041 ad
1326 1003 1555 1042 Mercurium.
1599 1004 1679 1042 Hu-

169 1072 225 1107 ius
246 1074 366 1108 autem
384 1070 443 1107 dei
466 1083 561 1120 quae
581 1074 705 1122 partes
725 1071 798 1108 sint
820 1071 856 1108 in
876 1072 1044 1110 universa
1062 1072 1208 1109 fortuna
1228 1072 1334 1109 Isidis
1356 1076 1394 1110 et
1414 1072 1590 1117 Osiridis,
1620 1070 1679 1108 vel

168 1149 260 1176 unus
282 1135 494 1175 Plutarchus
515 1137 648 1174 docere
669 1139 830 1187 quemvis
851 1143 985 1189 potest.
1044 1138 1172 1184 Quid?
1210 1141 1289 1190 ipsa
1309 1139 1532 1178 consecratio
1549 1137 1678 1190 Apidis

166 1204 209 1242 fit
231 1200 330 1243 κατα
354 1200 428 1255 τήν
450 1199 660 1256 ’ν’φήγησιν
687 1207 775 1245 τοῦ
799 1204 979 1258 Ἑρμοῦ
1008 1203 1081 1257 την
1103 1203 1402 1259 πρεσβυτάτην,
1437 1209 1478 1244 ut
1498 1209 1555 1244 est
1578 1205 1678 1256 apud

169 1272 358 1310 Aelianum
380 1271 402 1309 l.
421 1272 442 1308 l.
453 1300 466 1317 ,
495 1272 558 1320 qui
577 1272 674 1310 idem
692 1274 848 1324 scriptor
866 1274 1028 1324 singulas
1049 1276 1085 1311 in
1107 1288 1259 1325 corpore
1275 1274 1403 1325 Apidis
1426 1278 1532 1311 notas
1553 1274 1602 1311 ad
1621 1286 1680 1311 ar-

169 1351 260 1376 cana
285 1337 551 1389 Aegyptiorum
580 1341 746 1388 symbola
773 1342 992 1391 pertinuisse
1017 1347 1165 1380 mouet:
1206 1338 1300 1381 ὅτου
1325 1338 1368 1380 δὲ
1395 1343 1477 1380 ταῖν
1504 1336 1678 1393 ἀστέρων

170 1403 335 1444 ἕκαστον
365 1409 531 1456 σημεῖον
562 1403 628 1445 δια
658 1404 922 1458 συμβόλων
961 1409 1247 1448 αἰνίττεται
1277 1406 1369 1460 τήν
1399 1405 1576 1459 φύσιν,
1604 1407 1679 1447 Αἰ-

168 1467 329 1525 γύπτιοι
350 1474 614 1524 τεκμηριῶσαι
638 1474 781 1515 ἱκανοί.
841 1475 962 1526 Atque
980 1478 1027 1515 de
1044 1478 1305 1524 Quaternione,
1345 1480 1386 1513 ut
1403 1476 1587 1515 Hermetis
1607 1489 1677 1513 nu-

169 1552 290 1588 mero,
328 1539 427 1577 haud
454 1540 571 1590 pauca
602 1543 832 1592 praecipiunt
862 1545 1055 1594 scriptores
1087 1549 1224 1583 veteres
1239 1542 1350 1592 ****).
1409 1544 1438 1580 E
1465 1544 1598 1593 quibus
1621 1543 1676 1580 10.

167 1604 296 1655 Lydus
315 1603 378 1652 (de
396 1619 529 1645 menss.
545 1621 582 1658 p.
601 1610 675 1657 21)
692 1609 762 1647 ita:
801 1606 877 1660 τὴν
907 1608 949 1650 δὲ
978 1607 1166 1663 τετάρτην
1194 1609 1349 1662 η’μέραν
1370 1610 1579 1662 Στίλβοντι
1600 1608 1679 1663 (ἑνὶ

167 1674 250 1711 τῶν
277 1674 490 1723 πλανητῶν
516 1670 605 1714 κατ’
622 1675 871 1728 Αἰγυπτίους
904 1674 1008 1717 οἱῗτω
1035 1679 1286 1734 καλουμένῳ)
1318 1675 1532 1726 ἀνέθεντο,
1573 1675 1617 1725 ὃς
1637 1677 1677 1726 ἐξ

168 1739 257 1780 ἴσου
280 1737 375 1780 ποτὲ
394 1738 467 1791 μὲν
485 1740 689 1796 ὖγραίνει,
717 1741 812 1783 ποτὲ
840 1742 883 1784 δὲ
907 1746 1103 1798 ξηραίνει,
1131 1743 1480 1798 πνευματούμενος
1505 1743 1586 1785 ὑπὸ
1605 1747 1678 1797 τῆς

167 1806 257 1861 περὶ
278 1804 348 1848 τόν
366 1804 483 1859 ἥλιον
503 1807 758 1862 ὀξυκινησίας
771 1821 780 1832 ·
822 1805 900 1864 Ἑρ
913 1828 940 1863 μ
953 1815 1008 1852 οὗ
1032 1811 1075 1853 δὲ
1094 1811 1431 1866 τοῦτον”Έλληνες
1452 1810 1556 1854 εἶναι
1575 1809 1678 1867 βού-

212 1964 248 2008 ⁸)
271 1964 450 1998 Tenebras
483 1966 564 1998 ante
598 1963 706 1998 lucem
737 1969 940 2010 noctemque
972 1970 1110 2001 matrem
1136 1979 1247 2002 rerum
1272 1967 1414 2002 omnium
1438 1978 1481 2001 ex
1504 1966 1678 2012 Aegyptia

258 2021 414 2056 doctrina
439 2021 555 2066 prodit
578 2020 679 2054 etiam
706 2021 754 2054 lo.
775 2022 894 2065 Lydus
918 2024 961 2058 de
985 2036 1108 2060 menss.
1134 2024 1207 2058 loco
1232 2025 1400 2058 luculento
1425 2036 1457 2070 p.
1477 2024 1533 2059 13.
1570 2023 1678 2058 Addit

823 2078 961 2088 .....

214 2146 265 2190 ”*)
293 2146 394 2190 Vid.‚
425 2149 465 2181 ut
488 2145 551 2179 hoc
576 2150 673 2187 utar,
709 2147 852 2192 Caylum
877 2147 943 2181 l.1.
977 2148 1059 2193 ibiq.
1090 2150 1160 2183 tab.
1192 2151 1251 2191 12,
1283 2162 1371 2195 quae
1399 2149 1606 2194 triangulum
1639 2149 1675 2183 in

257 2202 372 2236 fronte
400 2201 519 2247 Apidis
552 2203 743 2238 luculenter
778 2204 927 2239 exhibet.
976 2206 1074 2240 Adde
1107 2206 1257 2250 Zoegam
1289 2207 1332 2240 de
1357 2206 1457 2240 Obel.
1492 2218 1571 2251 pag.
1595 2205 1676 2242 448.

258 2259 350 2292 Alias
372 2260 492 2304 Apidis
517 2264 614 2293 notas
638 2271 657 2293 e
690 2261 798 2294 numis
820 2268 981 2296 memorat
1008 2263 1177 2296 Raschius
1198 2263 1232 2296 in
1257 2263 1384 2297 Lexico
1410 2263 1461 2297 rei
1486 2275 1572 2297 num.
1599 2264 1675 2299 Vol.

258 2314 273 2347 I
300 2327 332 2360 p·
355 2318 435 2353 930.
484 2317 595 2351 Etiam
622 2329 774 2361 gemmae
797 2317 1029 2360 adhibendae3
1078 2320 1112 2352 in
1138 2319 1262 2363 quibus
1287 2321 1446 2365 egregias
1473 2321 1576 2354 habet
1600 2332 1673 2354 mu-

258 2382 349 2405 seum
380 2373 553 2413 Stoschii‚
586 2385 672 2407 nunc
696 2375 882 2409 Borussiae
905 2376 1020 2420 Regis,
1074 2376 1172 2417 Vid.‚
1196 2382 1235 2410 ut
1259 2378 1324 2411 hoc
1348 2383 1444 2418 utar,
1479 2377 1607 2411 selecta
1630 2389 1671 2411 ex

257 2438 315 2468 eo,
349 2439 438 2471 quae
462 2429 737 2473 Schlichtegroll.
762 2432 873 2466 edidit
897 2432 912 2465 I
937 2445 988 2466 nr.
1015 2435 1047 2467 4.
1081 2433 1114 2467 11
1140 2434 1210 2468 tab.
1239 2435 1279 2468 13
1302 2444 1354 2469 nr.
1381 2434 1444 2474 71,
1480 2433 1537 2467 ubi
1560 2434 1672 2469 lunula

254 2494 358 2528 super
380 2484 481 2517 dorso
507 2485 639 2529 Apidis.

207 2552 275 2594 ··⁸)
299 2551 379 2593 Sic,
411 2555 448 2584 ut
473 2552 537 2585 hoc
561 2557 661 2593 utar,
693 2553 727 2587 in
755 2555 956 2590 Nicomachi
982 2556 1143 2591 institutt.
1168 2557 1266 2592 arith.
1291 2557 1324 2590 Π
1348 2568 1424 2601 cap.
1449 2559 1471 2593 9
1494 2558 1671 2603 τρίγωνος

253 2620 315 2652 pro
338 2606 563 2652 τετράγωνος
589 2610 692 2643 habet
717 2611 801 2644 Cod.
827 2613 937 2646 Paris.

210 2665 297 2706 ’·”’)
322 2664 492 2698 Plutarch.
509 2665 652 2705 Quaest.
671 2668 827 2712 Sympos
854 2669 904 2702 IX
929 2681 962 2714 p.
988 2670 1053 2704 738
1080 2669 1121 2702 Ε.
1146 2680 1180 2713 p.
1205 2669 1292 2703 1050
1316 2669 1557 2714 wyttenbach.
1583 2671 1669 2707 Pro—

255 2720 326 2752 clus
351 2721 385 2754 in
410 2721 553 2756 Hesiodi
568 2717 668 2766 ’Έργ.
691 2723 735 2757 ad
760 2736 810 2760 vs.
834 2727 902 2760 770
927 2737 1006 2769 pag.
1036 2728 1100 2760 169
1136 2725 1189 2759 ed.
1225 2726 1327 2761 Antv.
1362 2728 1423 2771 (ex
1448 2728 1671 2771 Pliiloclior03

252 2777 322 2811 vid.
356 2778 453 2811 huius
477 2779 631 2822 fragmm.
656 2791 734 2824 pag.
758 2783 803 2817 92
827 2801 871 2806 —
895 2783 939 2817 94
960 2783 1012 2815 ed.
1037 2781 1201 2825 Siebelis)
1235 2788 1270 2816 et
1293 2796 1381 2829 quae
1405 2785 1473 2820 alia
1495 2786 1669 2820 Meursius

251 2834 391 2878 collegit
413 2835 457 2868 de
481 2834 608 2868 Denar.
635 2835 780 2880 Pythag.
806 2848 886 2882 pag.
914 2839 1011 2873 1362.
1061 2840 1193 2880 Quibus
1218 2840 1306 2875 adde
1331 2842 1380 2877 lo.
1406 2843 1570 2877 Laurent.
1595 2843 1666 2886 Ly-

251 2888 327 2923 dum
352 2891 395 2924 de
420 2902 542 2925 menss.
568 2892 696 2927 Romm.
722 2905 801 2939 pag.
824 2896 867 2930 21
895 2895 989 2938 (coll.
1016 2908 1094 2941 pag.
1120 2898 1177 2931 87.
1200 2899 1275 2942 99).
