1863 3256
394 119 478 158 470
794 115 1262 156 HERODOTI

64 232 286 301 κῗξὲοῗιῑὲῑιὲῐο
304 232 341 294 212
401 229 490 269 τῶν
519 226 602 270 δύο
640 226 807 282 μερέων
842 225 1122 280 κατηκόντων
1152 225 1195 275 ἐς
1231 222 1484 275 θάλασσαν,
1524 238 1662 280 παντη

64 300 238 361 130000υο
253 308 342 361 mma?
401 300 500 342 ἴσον
528 296 578 342 τό
607 314 651 340 τε
692 297 736 348 ἐς
771 297 851 351 τήν
890 294 1127 349 μεσόγαιαν
1157 295 1319 349 φέρον,
1369 294 1440 336 καὶ
1466 293 1516 337 τὰ
1545 295 1663 349 παρὰ

372 369 485 425 Ξτὴν
520 368 759 412 θάλασσαν.
825 364 912 408 duro
953 363 1036 419 γὰρ
1066 364 1238 418 Ἴστρου
1278 363 1347 407 ἐπὶ
1386 365 1668 418 Βορυσθένεα

65 373 128 394 [eff
115 376 167 394 rna
171 376 222 394 (30
234 377 241 394 :
261 373 342 395 Utra-

87 409 124 427 ue
151 401 194 427 ἱίῑι
188 402 267 429 neria
291 401 342 428 XX

400 438 506 482 δέκα
545 436 741 494 ἡμερέων
780 433 904 486 ὁδός·
955 433 1041 479 ἀπὸ
1072 434 1374 491 Βορυσθένεός
1408 433 1451 477 τ’
1491 435 1559 480 ἐπὶ
1588 437 1667 493 τήν

88 436 114 462 ἰ
99 443 143 461 ’τι
145 443 200 468 ι,ιιι
237 435 344 462 stadiis

66 469 97 495 ἰιι
119 468 163 494 sin
148 476 207 503 nug
191 469 238 495 ιιιιΙ
222 477 255 495 ns
280 468 344 496 dies

67 502 247 542 computatis
291 502 344 531 du—

67 536 160 564 cenis.

342 628 484 665 prorsus
519 611 680 662 aequalis
719 615 793 659 est,
837 615 909 648 tum
951 624 1004 658 ea,

347 670 419 721 quei
446 671 485 706 in
512 669 767 705 mediterranea
789 669 1005 718 porrigitur,

347 732 420 763 tum
437 725 573 773 altera,
612 738 701 775 quae
718 725 906 762 secundum
927 737 1005 761 ma-

346 796 382 819 re
398 783 611 831 porrigitur.
661 781 890 825 Quadratam
910 782 1005 818 enim

346 851 426 876 cum
455 839 523 875 sibi
546 837 685 876 Noster
712 841 834 874 terrae
860 836 1006 886 Scythi-

348 907 413 932 cae
450 894 613 932 finxisset
642 895 816 940 formam,
857 892 1007 942 singulis

346 954 506 1001 quatuor
525 951 689 1002 partibus
714 962 741 986 s.
763 950 936 987 lateribus
958 950 1009 985 si-

349 1008 388 1044 bi
416 1008 564 1057 paribus
593 1006 821 1055 longitudine
851 1010 1010 1055 quatuor

350 1063 448 1102 mille
477 1064 701 1109 stadiorum,
749 1063 816 1100 hoc
841 1063 894 1099 ita
919 1062 1009 1099 effe-

351 1124 448 1158 ctum
458 1133 538 1158 esse
548 1121 765 1171 putabat‚ut
775 1118 1010 1156 occidentalis

350 1177 454 1214 huius
472 1177 642 1227 quadrati
660 1189 745 1227 pars
762 1176 1010 1213 contineretur

351 1232 465 1281 Istro,
491 1246 601 1283 quem
619 1246 641 1270 a
661 1234 912 1283 septentrione
931 1244 1008 1268 me-

351 1291 483 1327 ridiem
516 1302 643 1327 versus
678 1288 860 1326 labentem
896 1292 935 1326 et
971 1288 1010 1324 in

350 1346 509 1384 Pontum
534 1348 747 1383 influentem
767 1344 906 1382 Noster
928 1344 1009 1394 opi-

351 1407 458 1441 natus
487 1407 566 1440 erat
600 1403 724 1449 (conf.
747 1401 801 1448 ll,
846 1399 899 1440 34
920 1401 1007 1449 ibiq.

350 1463 442 1496 nott.
464 1463 501 1496 et
516 1457 735 1495 Dahlmann.
758 1457 897 1495 Herod.
922 1469 1008 1507 pag.

351 1517 418 1556 87.
447 1515 544 1563 88);
587 1515 642 1551 cui
672 1515 768 1563 parti
796 1512 1011 1550 occidentali

352 1585 374 1609 e
401 1575 524 1608 mente
551 1570 735 1607 Herodoti
768 1582 916 1620 prorsus
956 1581 1014 1605 re-

342 1628 517 1678 spondet
534 1626 718 1676 planeque
737 1639 804 1676 par
826 1630 884 1663 est
899 1627 1015 1662 orien-

356 1684 462 1730 talis,
488 1683 597 1734 palus
609 1681 793 1720 Maeotica
812 1683 858 1719 ab
870 1683 1015 1719 ‘oriente

356 1741 574 1790 quadratum
583 1739 692 1776 hocce
701 1739 897 1777 includens.
909 1738 1017 1782 Quae

358 1798 452 1834 enim
466 1808 592 1835 revera
602 1797 782 1833 orientem
794 1808 920 1833 versus
932 1799 1016 1832 ten-

357 1853 476 1901 ditur,
520 1865 602 1890 eam
625 1853 912 1903 septentrionem
934 1864 1016 1888 ver-

355 1922 416 1946 sus
453 1914 640 1947 extensam
684 1909 840 1959 putabat
877 1908 1017 1946 Noster

355 1968 483 2016 (quem
520 1967 567 2004 de
598 1965 704 2002 huius
748 1966 846 2002 sinus
876 1965 1016 2002 ambitu

356 2036 431 2060 non
459 2027 559 2060 recte
586 2022 756 2059 edoctum
775 2022 886 2059 fuisse
908 2033 1017 2071 supra

357 2080 429 2116 iam
449 2079 694 2125 monuimus);
723 2079 776 2114 ita
795 2083 837 2115 ut
854 2078 1016 2115 orienta-

357 2136 391 2172 le
425 2135 598 2184 Scythiae
635 2134 729 2171 latus
764 2134 922 2172 Maeotis
961 2135 1017 2171 in-

355 2191 519 2229 cluderet
547 2204 620 2228 una
653 2204 733 2228 cum
763 2191 908 2237 Tanai,
953 2190 1016 2240 qui

355 2249 393 2284 in
414 2248 491 2284 eius
511 2260 690 2285 recessum
703 2261 731 2284 s.
748 2247 921 2296 angulum
941 2259 1017 2284 ma-

357 2304 451 2341 xime
483 2303 694 2341 orientalem
725 2316 765 2341 se
794 2305 1016 2350 infunderet,

357 2360 555 2397 terminans
591 2360 637 2396 ab
665 2361 808 2397 oriente
840 2360 1016 2409 reliquam

357 2415 530 2466 Scythiae
553 2420 692 2465 partem
721 2429 836 2464 usque
857 2417 904 2453 ad
926 2417 1016 2452 fines

358 2471 674 2522 septentrionales.
741 2472 868 2509 Tertia
913 2477 1018 2521 parte

359 2542 477 2578 eaque
496 2527 723 2566 meridionali
750 2528 899 2576 Scythia
921 2528 1018 2564 Pon-

359 2591 398 2622 to
449 2585 590 2622 Euxino
649 2585 865 2622 terminatur
885 2613 897 2631 ,
971 2585 1017 2621 ab

361 2642 454 2678 Istro
505 2642 552 2678 ad
595 2641 866 2688 Borysthenem
904 2653 1018 2689 usque

360 2703 531 2749 porrecta
561 2701 718 2747 quatuor
753 2697 848 2735 mille
882 2697 1019 2734 stadio-

361 2767 441 2792 rum
457 2755 602 2806 spati0·‚
632 2766 654 2792 a
676 2754 925 2806 septentrione
941 2754 1018 2805 pari

1064 612 1182 663 spatio
1207 613 1394 662 Scythiam
1429 611 1619 650 includunt
1656 625 1722 652 eae

1064 674 1216 718 gentes,
1258 682 1347 718 quas
1369 669 1513 718 Scythis
1531 671 1721 718 contiguas

1064 725 1101 761 in
1132 725 1217 762 locis
1248 726 1523 763 mediterraneis
1555 727 1601 762 ab
1630 727 1722 763 lstro

1065 784 1181 830 usque
1218 783 1268 818 ad
1303 782 1448 818 Tanain
1489 782 1600 832 paulo
1635 787 1723 820 ante

1065 836 1157 885 (lv,
1189 833 1289 889 100)
1319 844 1560 875 recensuerat.
1621 839 1724 876 Haec

1064 894 1094 929 si
1114 898 1328 940 teneantur,
1358 894 1611 931 Herodoteam
1630 895 1722 944 Scy-

1064 949 1177 987 thiam
1208 949 1404 987 Valachiae
1438 962 1481 987 ac
1513 949 1725 988 Moldaviae

1065 1006 1269 1057 provincias
1315 1017 1386 1043 una
1437 1018 1516 1043 cum
1561 1007 1725 1056 partibus

1067 1063 1286 1112 quibusdam
1306 1062 1466 1100 Galitiae
1485 1075 1527 1099 ac
1549 1063 1725 1100 Poloniae

1066 1120 1227 1169 itemque
1275 1119 1433 1156 Russiae
1482 1120 1726 1156 meridionalis

1066 1180 1218 1223 tractus,
1243 1175 1477 1224 Volhyniam,
1507 1175 1726 1223 Ukraniam,

1065 1244 1175 1282 quam
1202 1237 1353 1278 vocant,
1397 1231 1468 1269 alia
1500 1232 1726 1282 complexam

1067 1302 1147 1326 esse
1166 1293 1283 1339 patet.
1315 1288 1494 1326 Accurate
1515 1289 1561 1326 de
1579 1289 1632 1325 his
1652 1290 1727 1327 dis-

1065 1345 1207 1395 putavit
1228 1344 1407 1382 Niebuhr.
1438 1345 1558 1382 Verm.
1581 1345 1726 1383 Schrist.

1066 1402 1083 1438 1
1109 1415 1144 1452 p.
1165 1401 1246 1441 355
1269 1414 1373 1450 seqq.
1401 1401 1480 1437 coll.
1507 1401 1587 1442 156
1606 1414 1726 1451 seqq,

1065 1458 1227 1506 itemque
1247 1457 1415 1494 Viilcker.
1440 1458 1462 1493 l.
1485 1456 1507 1493 l.
1538 1470 1622 1508 pag.
1646 1460 1727 1499 172

1067 1526 1195 1562 seqq.,
1235 1514 1297 1561 qui
1320 1512 1588 1562 elegantissima
1605 1513 1728 1550 tabula

1069 1570 1211 1607 adiecta
1246 1569 1336 1606 haee
1366 1570 1495 1607 eximie
1529 1569 1730 1608 illustrasse

1069 1626 1255 1677 putandus
1275 1630 1343 1663 es.t
1392 1625 1488 1663 Add.
1513 1625 1669 1664 Rennel.
1691 1640 1727 1677 p.

1072 1684 1167 1724 403.
1188 1681 1282 1723 405
1302 1681 1384 1723 413
1406 1695 1484 1732 seq.
1543 1683 1732 1720 Mannert.

1072 1739 1123 1776 IV
1150 1753 1186 1789 p.
1213 1740 1279 1780 69.
1323 1738 1482 1776 Heeiffen
1506 1739 1674 1786 ldeenl,
1703 1742 1730 1780 2

1072 1809 1108 1847 p.
1129 1797 1234 1842 268,
1278 1795 1340 1844 qui
1368 1795 1476 1845 paulo
1506 1795 1610 1833 aliter
1640 1795 1730 1833 haec

1073 1851 1281 1898 constituit,
1330 1855 1369 1888 ut
1404 1851 1576 1900 Scythiae
1613 1853 1732 1889 forma

1073 1909 1160 1946 inde
1187 1909 1320 1945 evadat
1352 1909 1532 1957 quadrata
1567 1909 1729 1958 quidem,

1074 1966 1139 2002 sed
1179 1977 1252 2001 non
1281 1977 1430 2015 prorsus
1467 1965 1536 2001 sibi
1569 1964 1731 2014 aequalis

1073 2021 1315 2070 omnibusque
1327 2021 1545 2058 conveniens
1555 2021 1731 2072 partibus.

1130 2073 1212 2116 οἷπό
1244 2074 1319 2129 γιὶρ
1340 2074 1493 2129 Ἴστρου
1521 2076 1586 2116 ἐπὶ
1604 2080 1732 2128 Βορυ-

1074 2133 1222 2173 σθένεα
1261 2132 1354 2173 δέκα
1392 2132 1574 2185 ’ἡμερέων
1620 2130 1730 2184 ὁδός]

1074 2192 1179 2229 Citat
1210 2190 1380 2228 Eustath.
1409 2191 1457 2227 ad
1487 2190 1639 2238 Dionys.
1662 2190 1734 2228 Pe-

1073 2248 1164 2296 rieg.
1187 2250 1281 2289 311.
1321 2247 1360 2283 ln
1380 2248 1583 2283 universum
1609 2253 1731 2284 autem

1073 2304 1296 2350 tenendum,
1337 2303 1569 2340 Herodotum
1601 2302 1658 2340 hie
1689 2315 1732 2340 eo

1073 2372 1265 2397 mensurae
1312 2372 1448 2408 genere
1495 2359 1568 2405 uti,
1632 2359 1733 2408 quod

1076 2430 1185 2465 quam
1215 2415 1466 2465 imperfectum
1500 2415 1546 2451 sit
1568 2416 1734 2453 minime-

1074 2486 1147 2522 que
1165 2478 1369 2509 accuratum
1389 2472 1458 2507 iam
1478 2484 1587 2522 supra
1607 2473 1655 2509 ad
1670 2472 1735 2519 lv,

1075 2529 1128 2569 86
1141 2528 1355 2565 monuimus.
1377 2529 1436 2564 Cf.
1450 2528 1580 2566 Ukert.
1593 2530 1732 2578 Geogr.

1075 2584 1103 2631 l,
1123 2587 1149 2624 2
1175 2598 1210 2634 p.
1237 2585 1303 2624 58.
1351 2584 1432 2622 Nec
1451 2585 1531 2634 ipse
1558 2585 1624 2622 sibi
1648 2598 1735 2622 con-

1075 2647 1176 2677 stans
1199 2641 1397 2690 reperitur,
1435 2645 1477 2677 ut
1502 2643 1565 2691 qui
1594 2641 1648 2688 V,
1680 2643 1734 2683 53

1075 2701 1207 2734 centum
1229 2699 1492 2747 quinquaginta
1514 2699 1634 2735 stadia
1661 2711 1733 2734 uno

1076 2755 1136 2792 die
1154 2755 1280 2792 confici
1301 2755 1455 2802 scribat,
1485 2754 1554 2793 hoc
1571 2754 1650 2793 loco
1667 2754 1735 2792 du-
