1863 3256
494 237 590 275 AD
649 235 1090 275 HERODOT.
1150 238 1220 285 IV,
1281 243 1344 283 18.
1596 244 1680 284 063

158 350 225 388 iles
246 354 283 388 et
304 350 327 388 l.
348 363 463 388 cours.
484 372 540 379 —-
559 349 699 388 Achille
720 349 988 399 (Petersbourg
1017 349 1146 397 1827)
1180 363 1216 399 p.
1247 353 1324 392 127
1346 353 1426 390 coll.
1444 353 1528 395 257
1543 359 1581 393 et
1598 355 1680 392 Rit-

158 422 225 456 ter.
245 417 416 456 Vorhalle
434 431 518 469 pag.
544 419 634 460 175.
695 418 914 456 Tzschucke
934 418 983 455 ad
1004 417 1091 456 Mel.
1112 417 1165 464 ll,
1198 419 1220 457 1
1243 422 1335 454 nott.
1355 432 1480 469 exegg.
1502 435 1588 472 pag.
1612 426 1678 464 29.

158 486 211 526 33
235 497 313 535 seq.
349 485 432 522 Vol.
451 487 500 524 lll
535 486 577 524 P.
599 487 631 523 ll
661 487 708 524 de
735 487 942 523 nominibus
975 490 1011 524 et
1037 486 1136 522 urbis
1163 488 1199 522 et
1230 485 1350 533 gentis
1376 487 1479 535 plura
1506 491 1674 528 afferens.

157 552 243 602 Ipsa
262 554 373 600 urbs,
403 555 504 591 cuius
526 555 768 592 meminerunt
787 554 923 590 Strabo
944 554 1010 591 VII
1039 567 1075 604 p.
1095 555 1177 593 306
1207 565 1236 589 s·
1257 551 1340 592 470
1358 552 1400 588 Α.
1425 554 1503 590 coll.
1524 556 1571 591 lV
1590 570 1676 607 pag,

161 622 241 661 180
271 634 300 658 s.
332 634 422 672 pag.
454 624 536 663 272
556 620 600 658 A.
630 621 712 658 coll.
746 621 832 658 XlV
859 635 946 671 pag.
979 624 1060 663 666
1089 634 1117 658 s,
1151 622 1233 662 982
1254 620 1297 657 Β.
1357 619 1496 657 Plinius
1520 622 1590 668 lV,
1624 626 1677 665 12

160 686 271 740 (26),
300 689 372 726 Dio
397 689 648 737 Chrysostom.
675 687 757 739 (qui
780 702 891 726 unum
913 691 947 726 in
974 690 1064 726 urbe
1083 689 1151 726 hac
1174 701 1310 726 annum
1336 693 1580 725 commoratus
1603 695 1677 739 est)

156 757 194 794 in
216 761 307 794 orat.
330 757 548 805 Borysthen.
570 768 656 807 pag.
678 755 761 796 436
781 756 829 795 T.
848 758 881 794 11
909 772 964 796 nr.
987 758 1145 795 XXXVI
1165 770 1253 807 pag.
1269 754 1323 798 74
1343 768 1446 806 seqq.
1468 757 1525 793 ed.
1540 756 1680 806 Reisk„

156 837 253 862 nunc
271 825 435 871 demum,
467 824 529 861 ubi
549 823 628 861 loco
650 825 730 875 ipso
756 826 854 863 urbis
878 830 1026 877 reperto
1039 856 1052 873 ,
1089 825 1284 875 multisque
1303 825 1352 862 ibi
1371 825 1489 862 numis
1510 826 1678 875 adeoque

156 893 456 945 inscriptionibus
483 892 729 943 compluribus
759 895 933 943 detectis,
973 895 1176 931 accuratius
1205 894 1310 931 nobis
1339 894 1567 932 innotescere
1594 907 1679 931 coe-

156 962 224 1012 pit.
285 961 347 999 Tu
372 961 445 998 vid.
472 960 635 1011 inprimis
664 961 792 999 librum
818 975 928 1013 supra
958 961 1167 1000 laudatum:
1207 962 1324 999 Choix
1343 962 1379 999 d.
1401 962 1564 1000 Medaill.
1583 963 1680 999 anti-

157 1043 249 1079 ques
271 1028 513 1079 d'Olbiopolis
535 1043 584 1066 ou
604 1028 730 1077 Olbia,
751 1030 884 1067 faisant
902 1030 1022 1081 partie
1044 1031 1092 1068 du
1122 1030 1268 1067 cabinet
1288 1031 1338 1067 du
1358 1029 1547 1068 conseiller
1569 1030 1681 1068 d’etat

158 1099 206 1136 de
225 1097 467 1146 Blaramberg
486 1097 608 1145 (Paris
631 1100 740 1139 1822
767 1098 849 1146 8.),
879 1111 951 1136 nna
971 1111 1050 1135 cum
1073 1098 1245 1136 Creuzeri
1266 1110 1421 1135 censura
1443 1098 1547 1135 huius
1568 1097 1679 1135 libelli

158 1166 196 1204 in
217 1165 360 1204 Annall.
383 1165 707 1215 HeidelbergenSS.
735 1168 844 1208 1822
864 1179 952 1217 pag.
979 1166 1085 1208 1234
1107 1179 1212 1216 seqq·
1271 1166 1356 1210 QUO
1387 1165 1424 1202 3¹¹
1451 1165 1541 1203 libro
1572 1178 1679 1203 accu-

156 1234 269 1272 ratius
289 1234 337 1272 de
356 1236 436 1285 ipsa
455 1235 564 1272 Olbia
587 1235 737 1284 eiusque
764 1235 837 1272 situ
859 1236 1002 1285 agitur,
1041 1235 1184 1272 adiecta
1207 1247 1356 1284 quoque
1377 1232 1504 1271 tabula
1524 1233 1600 1271 aeri
1623 1233 1682 1270 in-

157 1302 231 1340 cisa
259 1303 307 1340 ad
334 1303 434 1341 urbis
465 1303 622 1352 inclytae
652 1303 763 1340 situm
795 1302 923 1340 mellus
954 1303 1260 1352 cognoscendum.
1319 1300 1455 1352 Neque
1483 1301 1602 1349 enim,
1639 1304 1681 1338 ut

156 1370 241 1408 olim
258 1370 381 1421 plures
403 1371 570 1409 arbitrati
590 1375 698 1417 sunt,
728 1375 833 1408 vetus
855 1370 963 1407 Olbia
986 1384 1029 1408 eo
1057 1372 1135 1409 fere
1161 1371 1241 1407 loco
1265 1371 1334 1408 sita
1354 1371 1445 1417 fuit,
1487 1383 1559 1420 quo
1582 1382 1680 1407 nunc

156 1439 249 1476 iacet
267 1439 456 1477 Oczakow
477 1439 599 1489 (quod
625 1440 743 1489 ipsum
772 1439 961 1477 meridiem
987 1452 1113 1476 versus
1143 1439 1284 1488 aliquot
1312 1438 1477 1476 milliaria
1505 1451 1527 1475 a
1555 1442 1678 1476 vetere

157 1506 267 1545 Olbia
289 1508 446 1557 distat),
478 1521 600 1558 neque
621 1521 687 1556 eo,
718 1521 791 1558 quo
814 1521 910 1545 nunc
928 1507 1111 1545 invenitur
1131 1508 1320 1554 Cherson,
1350 1508 1417 1545 sed
1441 1511 1584 1545 centum
1601 1507 1679 1544 fere

156 1575 322 1612 milliaria
340 1575 495 1613 Russica
518 1575 648 1625 (vulgo
668 1580 844 1613 vocantur
860 1576 1023 1623 Werst),
1066 1587 1163 1624 quae
1182 1576 1307 1624 viginti
1329 1576 1491 1625 quinque
1515 1575 1680 1613 milliaria

157 1643 297 1681 Gallica
317 1643 469 1693 (Lieues
497 1643 608 1693 vulgo
627 1645 771 1691 dicunt)
792 1647 965 1693 aequant,
996 1644 1042 1681 ab
1063 1644 1152 1681 urbe
1170 1656 1265 1680 nunc
1283 1643 1516 1681 celeberrima
1532 1641 1677 1681 Odessa

156 1712 298 1749 distans
324 1713 372 1749 ad
396 1713 560 1750 dextram
580 1713 748 1763 Hypanis
770 1714 891 1762 (Bug)
913 1713 1027 1764 ripam
1049 1712 1148 1750 iuxta
1167 1712 1284 1749 vicum
1304 1710 1467 1763 Ilz'nsky,
1506 1724 1569 1749 sex
1596 1716 1678 1749 tan-

153 1783 230 1817 tum
251 1779 412 1818 milliaria
429 1780 584 1819 Russica
605 1786 746 1819 remota
766 1782 811 1818 ab
833 1795 877 1819 eo
893 1781 995 1827 loco,
1024 1781 1085 1818 ubi
1106 1782 1275 1832 Hypanis
1295 1786 1405 1831 atque
1424 1780 1675 1829 Borysthenes

156 1861 272 1899 aquas
292 1850 450 1899 iungunt
473 1850 634 1899 indeque
654 1851 763 1888 etiam
786 1863 860 1887 non
890 1849 1018 1900 procul
1043 1850 1089 1887 ab
1120 1863 1163 1887 eo
1186 1851 1286 1897 loco,
1328 1863 1402 1899 quo
1422 1848 1554 1886 Olbiae
1580 1849 1677 1885 anti-

155 1930 268 1967 quum
295 1918 410 1956 fuisse
438 1922 585 1969 portum
614 1931 642 1955 s.
670 1917 1003 1969 Borystlaem'tarum
1025 1920 1213 1969 emporium
1230 1918 1470 1969 probabiliter
1489 1917 1678 1954 constitui-

156 1998 236 2023 mus
256 1986 294 2023 in
312 1991 387 2024 not.
409 1988 458 2025 ad
478 1986 548 2035 lV,
582 1989 645 2028 17.
705 1988 814 2025 Conf.
833 1987 951 2024 Choix
971 1990 1039 2024 etc.
1059 2000 1146 2038 pag.
1172 1990 1235 2028 11.
1295 1987 1353 2024 Ob
1375 1985 1529 2023 tumulos
1554 1984 1678 2035 sepul-

156 2055 271 2092 crales
293 2068 337 2093 eo
354 2055 456 2105 loco,
486 2057 523 2093 in
543 2069 616 2106 quo
640 2060 821 2095 exstructa
841 2057 909 2093 fuit
929 2056 1056 2103 Olbia,
1086 2056 1298 2106 conspicuos
1313 2085 1323 2103 ‚
1353 2068 1449 2092 nunc
1469 2054 1518 2091 illi
1543 2067 1678 2092 nomen

158 2122 357 2171 Stomogvl,
398 2125 421 2162 i.
453 2138 485 2162 e.
513 2129 647 2162 centum
679 2125 819 2164 tumuli.
885 2123 1052 2161 Pertinet
1085 2122 1144 2161 ille
1175 2124 1225 2161 ad
1253 2124 1506 2174 possessiones
1539 2123 1679 2160 comitis

155 2192 656 2231 Kuschelew-Besborodko
675 2223 686 2241 ‚
717 2193 905 2246 multaque
924 2192 1149 2241 antiquitatis
1173 2192 1333 2229 continet
1353 2192 1506 2239 indicia,
1536 2193 1679 2230 aedium

156 2261 313 2308 rudera,
354 2274 578 2299 camerarum
613 2262 814 2298 dirutarum
844 2260 1040 2309 reliquias,
1077 2259 1186 2297 colles
1216 2274 1236 2297 e
1262 2264 1362 2298 terra
1383 2260 1564 2308 sublatos,
1599 2259 1679 2297 alia.

154 2327 301 2366 Monuit
319 2329 366 2367 de
386 2330 457 2366 situ
480 2329 580 2366 urbis
603 2334 751 2380 praeter
770 2329 852 2366 libri
873 2328 1010 2365 laudati
1031 2333 1215 2366 auctorem
1236 2328 1387 2367 Riihler.
1407 2328 1586 2366 Me'moire
1610 2333 1678 2366 etc.

155 2410 194 2447 p.
216 2399 296 2439 126
319 2410 425 2447 seqq.
447 2397 524 2434 coll.
552 2400 642 2438 120.
701 2397 752 2435 Et
772 2397 929 2436 conferri
951 2411 1032 2435 cum
1054 2397 1110 2434 his
1129 2401 1307 2448 possunt,
1337 2410 1432 2447 quae
1449 2397 1681 2448 protulerunt

155 2463 341 2503 Mannert.
365 2466 418 2502 IV
439 2479 527 2517 pag.
551 2467 617 2507 82.
674 2467 871 2504 Reichard.
889 2467 926 2503 in
944 2465 1088 2503 Hertha
1114 2467 1223 2507 1828
1244 2466 1259 2503 I
1280 2479 1366 2516 pag.
1392 2468 1458 2507 46.

270 2532 354 2570 Hoc
380 2535 493 2584 igitur
521 2534 600 2572 loco
633 2534 755 2585 prisco
788 2535 986 2572 admodum
1017 2547 1108 2573 aevo
1139 2535 1210 2572 iam
1231 2534 1373 2572 colonia
1399 2535 1509 2572 fuisse
1536 2534 1679 2571 videtur

155 2598 538 2651 Thraco-phrygica‚
571 2603 721 2641 Graecis
743 2603 911 2640 admixtis
930 2607 967 2641 et
986 2602 1118 2654 duplici
1139 2602 1265 2639 Olbiae
1286 2603 1335 2648 (i.
1359 2616 1391 2641 e.
1415 2602 1561 2649 divitis,
1593 2602 1675 2638 bea-

157 2670 239 2714 tae)
261 2670 298 2705 et
319 2666 452 2707 Sabiae
473 2672 522 2719 (a
543 2670 662 2720 Sabo,
693 2672 755 2722 qui
776 2675 832 2710 est
851 2672 1049 2718 Bacchus>
1070 2672 1218 2710 nomine
1239 2670 1424 2719 insignita.
1481 2670 1539 2707 Cf.
1561 2670 1675 2707 Creu·

248 2813 382 2854 benda,
418 2813 516 2847 cuius
544 2818 660 2850 terrae
688 2827 791 2850 voces
821 2816 954 2850 omnino
972 2813 1102 2848 Graeci
1122 2812 1202 2857 quid
1226 2812 1379 2857 spirent;
1414 2812 1504 2856 quod
1526 2812 1635 2857 ipsum
1656 2827 1674 2848 e

248 2871 411 2905 communi
445 2870 622 2917 utriusque
649 2873 796 2908 nationis
819 2873 929 2918 stirpe
958 2870 1120 2916 explicari
1149 2881 1251 2914 posse
1273 2870 1481 2914 suspicatur.
