1863 3256
486 172 1046 214 MELPOMENE.

156 302 246 338 τες,
290 287 473 342 οἴκησαν
511 286 558 329 ἐν
594 288 707 327 τοῖσι
739 284 1015 326 Βουδίνοισι-

14 362 111 410 109
157 359 236 413 μὲν
265 361 491 414 Σκυθικῇ,
523 355 576 399 τὰ
607 355 652 398 δὲ
676 355 904 410 Ἑλληνικῇ
932 352 1151 409 χρέωνται.

1104 173 1117 211 1
1126 173 1170 212 V.
1339 181 1421 220 481

1066 283 1140 325 καὶ
1167 282 1340 338 γλώσσῃ
1370 286 1424 327 τὰ

1213 356 1425 397 Βουδῖνοι

161 431 207 472 δὲ
237 430 292 472 ου’
321 433 373 485 τῇ
406 427 515 484 αὐτῇ
543 426 715 482 γλώσσῃ
734 425 944 481 χρέωνται
973 425 1047 467 καὶ
1064 425 1275 467 Γελωνοί·
1317 422 1473 467 ἄλλ’70

132 498 269 543 Ξούὀὲ
301 502 444 542 δίαιτα
474 498 499 554 ἡ
535 495 656 552 αὐτή.

715 499 759 539 οἱ
787 495 866 550 μὲν
896 494 978 550 γάρ
1013 497 1242 546 Βουδῖνοι,
1282 495 1424 546 ἐόντες

162 569 450 624 αὐτόχθονες,
492 568 680 622 νομάδες
708 567 751 609 τὲ
783 567 885 616 εἰσι,
927 567 1000 608 καὶ
1031 567 1425 622 φθειροτραγέουσι

162 644 320 696 μοῦνοι
357 644 446 682 τῶν
485 638 644 694 ταύτῃ·

101 785 344 830 abhorreant,
390 795 497 821 nemo
532 795 607 820 non
648 782 760 820 videt.

101 842 298 879 Mannerto
331 840 378 876 lll
413 853 450 890 p.
481 837 531 878 14
570 839 761 889 probabile

99 898 266 944 videtur,
297 897 459 933 Graecos
489 896 760 944 antiquissimos

100 953 240 990 accolas
263 966 348 991 orae
365 953 471 989 Ponti
490 954 761 1005 septentriona-

99 1010 142 1046 lis
171 1011 350 1047 communi
378 1010 586 1046 Gelmzorum
614 1010 760 1046 nomine

99 1071 329 1116 nuncupatos
366 1067 478 1104 fuisse
508 1070 544 1103 et
573 1079 657 1112 eos,
698 1066 759 1114 qui

100 1123 150 1160 ad
181 1123 327 1160 Tanain
356 1123 573 1166 habitarint,
611 1122 759 1159 multum

101 1180 250 1216 differre
286 1180 331 1216 ab
371 1180 440 1226 iis,
489 1179 551 1227 qui
589 1179 636 1215 ab
680 1178 760 1214 lstri

101 1237 205 1272 ostiis
225 1236 273 1272 ad
296 1236 469 1272 interiora
482 1235 559 1271 loca
573 1235 758 1282 immigra-

100 1293 182 1328 rint.
214 1291 270 1327 Ex
288 1291 437 1340 Ephoro
455 1292 634 1339 Scymnus
645 1291 758 1327 Chius

98 1349 267 1397 fragmm.
300 1360 350 1384 vs.
386 1347 464 1389 124
495 1347 657 1385 Gelonos
687 1359 760 1383 una

99 1418 181 1441 cum
202 1404 424 1441 sauromatis
446 1407 558 1453 atque
577 1404 760 1453 Agathyr-

99 1461 147 1497 sis
161 1465 338 1507 recenset,
355 1460 450 1497 haud
462 1460 586 1511 procul
598 1474 619 1497 a
634 1462 761 1498 Maeo-

99 1518 177 1554 tide
197 1517 354 1567 palude3
384 1518 429 1554 ab
451 1517 527 1553 aliis
546 1517 582 1553 in
604 1518 760 1555 Thracia

100 1573 323 1610 collocantur
358 1578 422 1610 aut
448 1574 594 1623 Scythis
632 1586 760 1610 accen-

101 1634 250 1677 sentur,
277 1643 310 1666 v.
345 1643 374 1667 c.
401 1630 527 1678 virgil.
547 1631 686 1679 Georg.
714 1631 759 1676 ll,

102 1687 194 1728 115.
219 1686 282 1733 IlI,
305 1684 398 1727 461.
430 1686 520 1724 Aen.
546 1687 643 1733 Vin,
665 1687 758 1728 725.

98 1743 231 1780 Horat.
272 1743 344 1779 Od.
384 1743 455 1789 111,
502 1741 550 1789 4,
599 1743 666 1784 35.
704 1763 760 1772 —-

99 1800 207 1844 Quae
246 1804 467 1849 sequuntur:
517 1798 559 1838 ἐκ
593 1802 676 1838 τῶν
718 1797 760 1838 δὲ

99 1857 174 1902 (sic
195 1856 289 1892 enim
311 1869 389 1893 cum
410 1860 561 1902 recentt.
587 1858 672 1894 dedi
692 1870 759 1906 pro

99 1912 144 1952 ἐκ
180 1909 222 1950 δὲ
253 1914 352 1960 τῶν)
393 1912 594 1963 ἐμπορίων
621 1913 759 1961 ἐξανα-

101 1964 273 2016 στάντες,
294 1968 460 2019 οἴκησαν
482 1969 522 2008 ἐν
543 1973 644 2009 τοῖσι
659 1973 758 2008 Bov-

100 2026 269 2071 δίνοισι,
310 2027 431 2075 attigit
460 2027 556 2063 idem
585 2028 758 2077 Koppen.

98 2082 122 2123 1.
142 2082 163 2119 1.
183 2096 219 2131 p.
245 2082 296 2123 14
316 2096 392 2131 seq.
415 2083 533 2119 minus
555 2083 758 2134 probabilia

98 2139 145 2176 ab
179 2139 372 2175 Herodoto
416 2140 542 2176 referri
580 2144 757 2178 statuens.

98 2195 158 2233 De
177 2207 250 2244 quo
271 2208 366 2232 nunc
387 2197 590 2245 disquirere
610 2210 683 2234 non
696 2209 759 2233 va-

99 2256 177 2297 cat3
207 2253 243 2288 iu
263 2252 444 2289 Herodoti
465 2253 596 2299 verbis,
624 2254 653 2289 si
671 2254 758 2301 quid

97 2309 226 2352 video,
253 2309 566 2357 acquiescendum.
587 2330 642 2337 --
671 2309 759 2346 Mox

96 2362 330 2415 Ἑλληνικήν
405 2366 491 2402 dicit
563 2368 759 2417 γλῶσσαν,

100 2433 208 2470 quarn
228 2422 298 2468 lv,
330 2423 382 2461 78
409 2423 551 2459 dixerat
578 2419 757 2461 Ἑλλάδα.

307 2479 418 2528 Cap.
453 2479 550 2515 ClX.

157 2533 347 2572 Βουδῖνοι
377 2532 420 2573 δὲ
450 2559 501 2563 —
533 2533 599 2574 καὶ
627 2538 759 2577 setene

101 2588 191 2639 νοὶ]
230 2589 372 2627 Delevit
404 2591 492 2629 haec
520 2593 629 2630 verba
653 2593 758 2631 Reiz.

101 2659 145 2684 ex
166 2646 382 2683 auctoritate
401 2648 481 2685 cod.
498 2648 696 2695 Sancrosti,
718 2662 762 2687 ex

101 2716 175 2752 quo
226 2703 355 2739 eodem
398 2709 483 2752 post
521 2705 631 2742 verba
673 2701 761 2744 ἀλλ’

103 2754 198 2798 ου’δὲ
243 2759 374 2796 δίαιτα
412 2757 440 2809 ἦ
475 2755 576 2810 αὕτη
606 2763 761 2812 recepit:

102 2814 181 2855 ἐστὶ
212 2817 421 2853 salmoim
453 2814 519 2854 καὶ
552 2817 762 2857 Βουδίνοι-

156 2872 367 2910 Hssnonor.
399 2871 445 2908 ll.

695 636 888 679 Γελωνοὶ
925 636 991 688 ὁὲ,
1033 640 1112 693 γῆς
1147 654 1192 681 τε
1234 636 1425 694 ἐργάται,

820 792 880 829 εις
920 793 1015 830 quae
1043 781 1126 832 ipsa
1152 795 1173 819 a
1205 784 1351 834 reliquis
1380 785 1479 823 libris

819 838 982 887 scriptis,
1014 852 1106 887 quos
1132 842 1302 888 equidem
1322 856 1401 879 cum
1422 856 1481 880 re-

818 898 927 931 centt.
967 896 1050 931 edd.
1089 901 1232 933 secutus
1268 911 1368 944 sum,
1411 900 1479 936 ab·

819 950 1095 989 511111.Ρι·οκαὶ
1111 955 1130 989 Ι
1135 953 1294 1001 ελωιοὶ,
1306 957 1337 991 Υ
1340 956 1416 992 alcl
1422 968 1479 993 en.

817 1012 1004 1051 monento,
1023 1009 1131 1045 etiam
1152 1011 1260 1047 scribi
1277 1012 1413 1061 poterit
1429 1014 1480 1066 τῇ

818 1063 886 1102 καὶ
908 1067 945 1101 1
941 1063 1100 1111 ελωνοὶ,
1132 1068 1253 1114 quod,
1285 1072 1324 1104 ut
1344 1069 1390 1105 ab
1409 1082 1477 1105 usu

816 1121 998 1158 Herodoti
1026 1134 1100 1157 non
1135 1122 1290 1159 alienum
1320 1130 1397 1171 est,
1429 1126 1479 1162 ita

817 1178 928 1213 etiam
970 1177 1067 1213 haud
1108 1181 1363 1218 necessarium.
1417 1181 1477 1218 Cf.

816 1233 950 1268 Struve
974 1233 996 1269 l.
1027 1232 1048 1269 l.
1072 1234 1190 1282 Ipag.
1215 1237 1270 1276 24
1293 1259 1342 1264 —
1364 1240 1418 1277 27
1442 1241 1480 1275 et

815 1289 959 1326 Herod.
980 1288 1052 1333 IV,
1086 1290 1179 1330 155

873 1345 1142 1409 φθειοοτοαγέ
1146 1349 1479 1398 ουσιμοῦνοιτῶν

816 1397 965 1455 ταύτῃ]
996 1402 1169 1441 Valcken.
1200 1405 1336 1441 mavult
1360 1410 1480 1455 φθει-

817 1473 978 1510 por-onya
965 1457 1074 1497 ζουσι
1122 1464 1157 1496 et
1193 1462 1292 1510 apud
1334 1461 1478 1501 Arrian.

816 1515 947 1565 Peripl.
976 1513 1012 1566 ᾗ.
1037 1518 1086 1557 18
1109 1515 1155 1554 s.
1179 1517 1226 1553 lll
1249 1532 1282 1567 p.
1307 1521 1358 1558 73
1381 1519 1479 1557 Gail.

817 1569 1060 1623 (Ηοόὸοτος
1095 1571 1198 1625 λέγει
1224 1570 1390 1621 τούτους
1427 1572 1478 1614 εἷ-

817 1643 884 1667 ται
913 1625 1007 1674 τούς
1034 1629 1479 1682 φθειοοτρωκτὲοντας)

818 1684 1216 1737 φθειροτρηγέοντας.
1244 1688 1478 1726 &anerei-,in

817 1743 1041 1782 Commentt.
1065 1744 1188 1780 societ.
1209 1744 1312 1780 Gott.
1332 1745 1418 1782 XlV
1440 1759 1477 1796 p.

817 1801 869 1839 33
904 1799 1086 1847 restingere
1116 1799 1251 1850 placuit
1280 1805 1479 1852 θηροτρα-

816 1853 950 1906 γέουσι
1009 1857 1085 1893 sive
1132 1857 1476 1909 θειροτραγέουσιε

817 1925 955 1949 carnem
967 1912 1130 1962 ferinam
1147 1913 1266 1951 edunt.
1297 1914 1343 1951 At
1357 1917 1478 1953 Φθει-

816 1965 1022 2022 ροφάγους
1048 1971 1203 2007 Caucasi
1234 1971 1269 2007 in
1294 1972 1477 2008 montibus

815 2031 1075 2064 commemorat
1099 2027 1233 2069 Strabo
1251 2027 1301 2064 XI
1332 2042 1368 2077 p.
1394 2028 1478 2070 492

814 2083 857 2119 B.
878 2096 905 2119 s.
934 2082 1016 2123 754
1041 2087 1077 2120 et
1104 2097 1139 2133 p.
1157 2085 1240 2124 499
1267 2098 1295 2121 s·
1317 2087 1398 2125 763
1421 2084 1475 2134 A„

817 2139 1102 2189 Pletleiroplzagos
1147 2141 1242 2177 inter
1290 2141 1477 2190 Scythicas

816 2201 945 2244 gentes
968 2197 1148 2246 Pompon.
1172 2196 1259 2233 Mel.
1287 2197 1322 2244 1,
1356 2199 1405 2238 19
1435 2209 1479 2235 ac

817 2253 955 2290 Plinius
990 2253 1039 2289 H.
1070 2253 1119 2290 N.
1149 2253 1219 2299 Vl,
1261 2252 1286 2292 4
1325 2254 1479 2305 ipseque

815 2309 955 2347 Noster
973 2309 1044 2356 lV,
1078 2310 1156 2350 168
1189 2310 1226 2346 in
1248 2308 1368 2358 Libya
1400 2324 1480 2347 mu-

815 2365 933 2414 lieres,
953 2379 1046 2415 quae
1065 2366 1252 2416 pediculos
1270 2368 1477 2414 mordeant,

815 2427 1018 2468 memorat3
1077 2423 1140 2459 ubi
1181 2422 1384 2460 Lareherus
1432 2424 1479 2461 de

815 2484 926 2528 gente
945 2478 1091 2517 Africae
1110 2480 1320 2517 recentioris
1333 2507 1345 2526 ,
1368 2493 1479 2529 quam

815 2536 1075 2573 Hottentotten
1094 2540 1243 2582 vocant,
1274 2537 1403 2573 similia
1421 2549 1479 2573 re-

815 2593 886 2630 fert
912 2606 933 2630 e
961 2593 1200 2630 recentiorum
1222 2594 1477 2642 peregrinato-

818 2662 895 2686 rum
916 2650 1136 2686 testimonio.
1168 2648 1300 2697 Neque
1321 2661 1406 2685 vero
1430 2648 1478 2684 (le

814 2705 991 2756 pediculis
1029 2706 1085 2742 hic
1120 2705 1354 2752 cogitandum
1384 2716 1477 2749 esse,

818 2763 886 2800 sed
926 2763 973 2800 de
1005 2763 1081 2812 pini
1114 2761 1289 2797 fructibus
1323 2773 1349 2796 S.
1378 2760 1476 2796 conis

819 2815 915 2870 (nos
972 2829 1140 2855 vocamus
1199 2813 1477 2866 Taum-amhn),

1148 2874 1197 2911 31
