1863 3256
111 595 236 629 Minyae
263 594 317 621 alii
340 602 358 621 a

95 628 201 655 'I'bera
211 627 308 654 coloni
324 627 374 654 de-

113 662 281 694 ducuntur,
302 660 355 687 alii

96 695 256 730 Triphylia
289 702 378 720 occu-

97 734 167 764 pata
192 736 242 754 nex
268 736 284 752 o

99 763 139 791 ibi
157 761 285 789 condunt

419 205 502 245 532

824 201 1290 242 HERODOTI

426 314 668 365 Φοινίκων,
699 313 771 356 καὶ
802 311 855 367 δή
887 312 960 353 καὶ
989 315 1077 353 τῶν
1107 311 1279 353 ἑωυτοῦ
1310 308 1553 364 συγγενέων
1576 312 1692 364 Μεμ.
1705 317 1748 350 55

424 385 627 439 βλίαρον·
660 381 785 426 οὗτοι
815 380 1019 433 ἐνέμοντο
1049 380 1128 435 τὴν
1159 381 1401 436 Καλλίστην
1429 379 1694 434 καλεομένην

427 455 494 498 ἐπὶ
524 454 699 511 γενεάς,
730 452 834 506 πρὶν
863 449 891 505 ἢ
924 448 1075 506 Θήραν
1103 450 1247 493 ἐλθεῖν
1277 450 1324 493 ἐκ
1358 451 1693 504 Λακεδαίμονος,

270 529 370 575 148
428 525 542 569 ὀκτώ
574 525 761 579 ἀνδρῶν.
819 521 912 564 Ἐπὶ
942 521 1125 572 τούτους
1151 519 1205 576 δή
1238 514 1300 563 ὧν
1330 518 1354 563 ὁ
1390 519 1557 576 Θήρας,
1587 519 1696 563 λαόν

435 596 543 651 ἔχων
572 593 657 636 ἀπὸ
693 597 783 636 τῶν
821 591 1020 648 φυλέων,
1058 592 1246 642 ἔστελλε,
1290 590 1567 648 συνοικήσων
1601 589 1697 634 τού-

436 676 570 716 τοισι,
622 663 697 706 καὶ
743 662 947 718 οὐδαμῶς
987 661 1140 714 ἐξελῶν
1179 660 1364 715 αὐτοὺς,
1412 660 1521 706 ἀλλὰ
1560 662 1754 716 κάρταδο

287 727 377 789 {wida
404 732 747 791 Ξοίκηϊεύμενος.
793 732 910 778 Ἐπεί
938 749 981 776 τε
1014 733 1060 775 δὲ
1089 733 1162 776 καὶ
1195 734 1239 775 οἱ
1268 733 1442 776 Μινύαι
1471 734 1698 789 ἐκδράντες

429 804 477 848 ἐκ
517 807 593 859 τῆς
633 803 785 860 ἑρκτῆς
822 806 967 858 ἵζοντο
1005 803 1047 853 ἐς
1082 803 1131 846 τὸ
1167 803 1409 860 Τηΰγετον,
1448 809 1537 848 τῶν
1566 809 1700 848 Λακε·

431 876 675 931 δαιμονίων
712 875 1048 931 βουλευομένων
1079 873 1214 929 σφέας
1241 871 1504 926 ἀπολλύναι,
1543 890 1697 930 παραι-

430 946 568 990 τέεται
599 945 622 989 ὁ
656 945 802 1001 Θήρας
831 944 944 996 ὅκως
973 944 1076 1001 μήτε
1106 944 1245 1000 φόνος
1271 944 1464 1000 γένηται,
1494 944 1627 997 αὐτός
1655 962 1699 989 τε

403 1014 665 1060 3ὖπεδέκετό
707 1028 843 1073 σφεας
879 1016 1039 1068 ἐξάξειν
1074 1015 1122 1059 ἐκ
1159 1020 1235 1071 τῆς
1261 1014 1415 1072 χώρης.
1473 1028 1697 1074 συγχωρη-
1711 1022 1754 1058 65

433 1191 498 1233 ἐπὶ
517 1188 655 1245 γενεὰς
669 1186 836 1231 -ὄκτώ
858 1185 1036 1243 ἄνδρων]

381 1249 512 1289 Novem
532 1250 682 1300 proprie
703 1261 785 1286 esse
803 1244 941 1300 γενεὰς
959 1260 1037 1285 mo-

381 1308 460 1345 nuit
493 1306 535 1343 C.
565 1306 612 1343 O.
644 1305 786 1343 Mulier.
815 1305 1035 1342 Orchomen.

381 1376 467 1415 pag.
485 1364 567 1403 325
591 1361 669 1399 colie
690 1362 795 1408 468,
835 1361 897 1398 ubi
927 1365 1034 1398 stem·

381 1433 440 1458 ma
460 1419 579 1468 gentis
602 1418 812 1463 exhibetur,
843 1430 951 1467 quam
968 1429 1035 1454 nos

383 1476 610 1514 exhibuimus
649 1474 696 1510 ad
727 1473 800 1521 III,
838 1475 931 1515 147.
990 1472 1043 1510 Ac

383 1532 532 1570 Therae
558 1530 649 1567 filius
677 1530 888 1580 perhibetur
907 1529 1043 1578 Oeoiy-

384 1600 469 1633 cus,
504 1599 620 1637 nepos
649 1585 819 1634 Aegeus,
856 1587 953 1623 unde
971 1585 1044 1622 Ae-

332 1663 335 1666 ·
383 1645 516 1693 gidae‚
570 1655 723 1692 quorum
761 1648 913 1680 stemma
946 1642 1043 1679 idem

383 1700 526 1737 M'uiler.
562 1698 793 1749 persequitur
830 1711 916 1749 pag.
948 1696 1042 1738 469.

384 1757 460 1800 Qui
491 1756 592 1805 quod
619 1767 763 1792 omnem
788 1755 883 1793 hanc
903 1768 1042 1805 suppu-

383 1813 562 1850 tationem
583 1811 711 1848 falsam
739 1812 853 1849 videri
880 1824 1043 1862 pronun-

384 1870 453 1906 tiat
466 1898 476 1914 ‚
507 1880 618 1918 supra
639 1868 709 1904 iam
730 1868 819 1905 iilud
842 1869 1045 1917 attigimus,

385 1926 432 1963 de
461 1924 636 1962 Larcheri
674 1937 822 1974 quoque
858 1926 1044 1962 sententia

385 1986 600 2027 monentes,
638 1993 711 2029 quo
732 1986 839 2031 pacto
860 1980 933 2018 scil.
960 1985 1043 2018 octo

384 2038 454 2075 hae
512 2035 643 2089 γενεαὶ
699 2037 814 2088 accipi
872 2037 1043 2075 debeant.

384 2093 557 2142 Namque
577 2107 665 2131 voce
687 2090 802 2145 γενεὰ
827 2094 884 2131 vix
905 2098 1045 2131 certum

385 2151 572 2199 quendam
622 2162 798 2187 annorum
856 2163 1044 2188 numerum

383 2212 554 2244 accurate
572 2207 722 2243 indicari
744 2207 944 2244 existimem
964 2219 1043 2244 cum

385 2263 463 2299 viro
506 2264 616 2299 docto
654 2261 734 2311 Ley
769 2264 806 2300 in
835 2263 1044 2301 comment.

386 2318 443 2355 De
476 2319 613 2355 condit.
639 2322 676 2356 et
705 2320 767 2356 fat.
787 2319 946 2370 Aegypt.
976 2320 1044 2356 sub

388 2373 507 2410 Perss.
533 2387 619 2424 pag.
644 2378 722 2421 70,
768 2377 932 2424 quamvis
958 2389 1045 2426 sup-

388 2431 614 2480 putationem
647 2433 832 2480 quandam
866 2433 947 2482 ipse
967 2432 1046 2469 No-

388 2490 462 2523 ster
481 2487 647 2522 indicarit
670 2487 721 2530 11,
757 2486 857 2535 142,
891 2489 952 2525 ubi
972 2488 1043 2525 vid.

388 2545 478 2579 nott.
514 2541 666 2579 Homeri
687 2543 783 2579 enim
805 2545 880 2581 sere
901 2545 948 2580 ad
968 2557 1044 2580 mo·

388 2598 475 2634 dum
498 2597 634 2635 Noster
659 2611 717 2635 res
741 2604 867 2646 gestas
889 2600 937 2636 ad
959 2612 1045 2650 pro-

387 2655 531 2703 geniem
557 2654 834 2691 cIarissimorum
856 2656 1042 2692 homiuum

383 2711 636 2747 accommodat
674 2723 873 2760 eorumque
908 2725 1042 2749 secun-

382 2766 467 2804 dum
492 2767 627 2816 stirpes
647 2767 722 2804 sive
745 2765 882 2820 ysvsa'g
902 2781 959 2805 res
976 2782 1041 2817 ge-

380 2827 455 2859 stas
492 2828 690 2874 supputat,
742 2825 914 2874 temporis
952 2837 1037 2875 spa-

1092 1189 1181 1227 tium
1212 1190 1249 1227 in
1275 1190 1480 1228 universum
1515 1193 1657 1228 tantum
1685 1189 1754 1227 hoc

1093 1247 1204 1284 modo
1224 1247 1399 1285 indicans.

1251 1336 1282 1373 C
1295 1349 1316 1373 a
1327 1350 1364 1388 p.
1397 1337 1593 1376 CXLVIII.

1151 1412 1248 1454 λαόν
1263 1414 1360 1465 ἔχων
1384 1411 1462 1456 α’πό
1477 1419 1558 1456 τῶν
1576 1415 1750 1468 φυλέων]

1099 1472 1122 1508 i.
1142 1485 1172 1509 e.
1204 1472 1465 1509 multitudinem
1489 1487 1601 1511 secum
1628 1474 1755 1511 ducens

1101 1542 1117 1564 e
1145 1541 1284 1564 numero
1315 1531 1461 1576 civium,
1511 1531 1573 1580 qui
1601 1532 1650 1567 ad
1678 1535 1754 1568 tres

1099 1584 1178 1621 illas
1220 1585 1486 1635 Spartanorum
1523 1587 1756 1637 pertinebant

1099 1641 1239 1687 tribus,
1267 1641 1434 1686 electam
1465 1655 1538 1692 quo
1560 1644 1653 1693 ipso,
1675 1643 1756 1694 opi-

1101 1710 1189 1744 nor,
1219 1698 1419 1745 indicatur,
1458 1712 1545 1747 eos,
1583 1712 1674 1748 quos
1698 1712 1757 1737 se-

1098 1767 1179 1791 cum
1201 1754 1303 1792 duxit
1323 1754 1359 1792 T
1362 1755 1467 1793 heras
1498 1756 1535 1792 in
1563 1755 1756 1803 coloniam,

1100 1823 1138 1848 re
1170 1823 1255 1847 vera
1290 1812 1410 1862 stirpis
1438 1812 1645 1862 Spartanae
1680 1813 1757 1850 sive

1098 1867 1256 1905 Doricae
1302 1869 1426 1906 fuisse.
1512 1868 1571 1906 Ad
1607 1869 1757 1906 verbum

1101 1922 1250 1962 ἔστελλε
1274 1926 1369 1961 conf.
1389 1928 1484 1962 nott.
1505 1925 1554 1962 ad
1578 1925 1642 1971 IV,
1663 1924 1754 1966 147.

1101 1980 1212 2025 Quod
1237 1982 1409 2018 continuo
1426 1982 1592 2031 sequitur
1621 1994 1757 2021 συνοι-

1100 2031 1238 2084 κήσων
1274 2037 1317 2085 (i.
1343 2050 1374 2074 e.
1399 2042 1440 2074 ut
1473 2051 1549 2075 una
1578 2051 1652 2075 cum
1680 2038 1756 2076 illis

1100 2093 1318 2143 habitaret),
1360 2095 1507 2132 minime
1541 2096 1757 2133 mutandum

1101 2150 1137 2186 in
1170 2151 1430 2198 συνοικίσων,
1476 2151 1576 2200 quod
1609 2152 1756 2202 quidam

1102 2206 1259 2244 afferunt
1284 2207 1376 2244 libri.
1424 2207 1482 2244 Ad
1503 2208 1654 2244 formam
1678 2208 1756 2255 ἐξε-

1101 2264 1183 2301 λῶν
1216 2265 1309 2301 conf.
1345 2264 1477 2301 Matth.
1506 2264 1571 2300 Gr.
1609 2264 1673 2300 Gr.
1717 2262 1754 2314 ἓ.

1106 2321 1206 2365 181,
1241 2323 1285 2366 2,
1305 2332 1337 2357 a.
1361 2332 1445 2370 pag.
1469 2321 1551 2360 323
1572 2321 1673 2357 etad
1698 2320 1756 2358 οἰ-

1101 2372 1349 2425 κηϊεῦμενος,
1378 2377 1477 2424 quod
1495 2376 1611 2425 ipsum
1631 2389 1756 2414 omnes

1103 2432 1171 2469 hoc
1199 2432 1277 2468 loeo
1310 2432 1389 2469 iibri
1426 2431 1549 2481 scripti
1588 2432 1758 2479 afferunt,

1102 2492 1196 2524 nott.
1219 2489 1266 2524 ad
1286 2488 1348 2535 III,
1371 2491 1406 2528 3.
1428 2510 1483 2515 —
1515 2488 1553 2525 In
1574 2501 1677 2539 seqq.
1697 2502 1756 2528 re-

1102 2545 1194 2580 tinui
1224 2542 1549 2594 βουλευομένων,
1600 2549 1758 2595 optimo-

1100 2613 1177 2636 rum
1226 2600 1397 2637 Iibrorum
1438 2615 1481 2639 ex
1520 2603 1759 2648 auetoritate3

1099 2656 1160 2692 alii
1190 2656 1456 2705 βουλομένων.
1515 2657 1573 2694 Ad
1617 2673 1757 2709 παραι-

1099 2710 1222 2751 τέεται
1256 2715 1349 2752 conf.
1381 2719 1475 2750 nott.
1506 2714 1553 2750 ad
1577 2714 1648 2761 IV,
1678 2714 1758 2755 146

1098 2773 1137 2806 et
1170 2770 1217 2805 ad
1251 2769 1399 2810 ἔπλωσε
1428 2770 1560 2807 Matth.
1595 2772 1660 2808 Gr.
1689 2771 1756 2808 Gr.

1095 2837 1182 2874 pag.
1206 2824 1300 2866 485.
