1863 3256
461 140 1010 181 MELPOMENE
1081 142 1141 180 IV.

1357 149 1441 189 387

165 251 348 309 μεγάθεϊ
387 252 545 308 σμικρή
585 252 741 302 ἐοῦσα,
781 254 912 309 κιρνᾷ
951 249 1030 294 τόν
1054 249 1268 303 ”Τπανιν,
1312 252 1441 297 ἐόντα
1499 272 1582 310 305

136 324 370 380 4ποταμὸν
403 324 449 367 ἐν
480 322 664 379 ὀλίγοισι
695 323 843 378 μέγαν.

904 322 993 365 ἔστι
1022 321 1068 365 δὲ
1099 319 1125 378 ἡ
1156 322 1297 378 κρήνη
1329 322 1440 379 αὕτη
1453 332 1497 364 66

165 396 212 438 ἐν
251 394 425 449 οὔροισι
458 394 600 452 χώρης
638 399 714 450 τῆς
755 410 799 437 τε
843 392 1078 449 ἀροτήρων
1107 394 1328 437 Σκυθέων
1366 396 1441 438 καὶ

160 464 436 518 Ἀλαζώνων·
491 466 663 521 οὔνομα
695 467 740 509 δὲ
768 470 823 522 τῇ
852 463 1019 521 κρήνῃ,
1063 464 1159 516 καὶ,
1201 464 1309 510 ὅθεν
1339 467 1438 522 ῥέει,

164 539 226 594 τῷ
255 533 402 594 χώρῳ,
435 537 656 579 Σκυθιστὶ
684 536 784 592 μὲν,

135 605 384 663 5Ἑλλήνων
420 612 650 663 γλῶσσαν,
691 605 795 662 Ἱραὶ
835 606 949 650 ὁδοί.

812 535 1093 592 Ἐξαμπαῖος·
1144 536 1255 581 κατὰ
1286 537 1333 582 δὲ
1364 537 1499 595 τὴν70

1019 605 1262 664 συνάγουσι
1303 609 1351 653 δὲ
1387 609 1440 653 τὰ

160 676 350 733 τέρματα
380 677 405 721 ὅ
434 694 478 721 τε
506 676 651 735 Τύρης
674 678 747 721 καὶ
778 676 802 722 ὁ
821 677 1007 728 ’Ύπανις
1037 679 1147 721 κατὰ
1173 677 1438 734 Ἀλάζωνας·

103 863 183 900 nios
201 875 228 899 s.
247 863 343 913 Bugi
366 864 502 914 ripam,
534 865 608 913 qua
630 864 665 900 in
684 876 766 901 eum

103 919 268 957 Selnitza
298 921 428 957 influit.
481 920 552 957 lllic
581 921 675 957 enirn
700 920 767 956 mi-

103 976 235 1014 neralis
259 977 353 1014 fons.
400 976 489 1014 Mox
513 982 634 1014 tamen
656 977 768 1013 subii-

103 1034 172 1079 cit,
212 1033 393 1071 Herodoti
415 1035 551 1074 fontem
582 1034 689 1070 situm
716 1034 767 1070 vi-

102 1090 180 1127 deri
210 1102 232 1126 a
261 1091 510 1140 septentrione
539 1091 656 1138 Bugi3
699 1090 768 1127 etsi

102 1146 150 1184 de
172 1146 278 1183 huius
299 1147 398 1183 fluvii
419 1147 683 1192 amaritudine,
707 1159 768 1182 cu-

101 1203 157 1240 ius
181 1203 295 1252 ipsius
323 1216 431 1239 causa
459 1204 505 1239 sit
534 1205 634 1250 fons,
680 1202 767 1238 nihil

101 1259 305 1309 quidquam
333 1272 430 1296 nunc
458 1260 633 1296 traditum
659 1271 767 1308 repe-

99 1317 224 1353 riatur.
288 1316 466 1354 Ponticae
509 1329 597 1354 orae
630 1316 766 1362 fontes,

100 1385 175 1409 non
214 1373 283 1409 nisi
318 1372 432 1410 laticis
473 1386 592 1423 paene
635 1373 765 1410 marini

100 1434 278 1466 memorat
297 1429 406 1468 Ovid.
440 1429 496 1466 Ex
517 1429 624 1466 Pont.
642 1430 706 1477 ΙΙΙ,
727 1431 764 1474 1,

103 1487 167 1526 17.
196 1485 341 1523 Addam
360 1486 414 1523 his
424 1486 599 1524 Koehleri
617 1492 764 1524 senten-

99 1543 319 1590 tiam(Mem.
337 1556 397 1579 sur
407 1543 439 1580 la
451 1556 582 1581 course
592 1548 660 1581 cet.
675 1556 763 1580 con-

101 1612 191 1636 sacr.
211 1600 233 1635 a
254 1599 556 1650 Achill.p.126),
580 1601 642 1649 qui
658 1601 764 1637 sabu-

100 1656 170 1693 lam
209 1656 255 1694 de
283 1656 496 1707 Exampaeo
533 1658 637 1695 fonte
678 1656 764 1695 inde

99 1717 226 1751 censet
246 1719 363 1750 ortam
387 1726 491 1760 esse,
522 1715 621 1762 quod
644 1726 764 1763 aquae

99 1770 220 1819 stagni
239 1769 488 1818 Borysthenici
509 1770 708 1820 aliquando
727 1771 764 1807 in

98 1827 216 1877 ipsum
239 1826 387 1863 fluvium
408 1832 599 1865 ventorum
622 1828 657 1864 vi
684 1828 764 1865 fue-

97 1884 169 1920 rint
201 1883 381 1930 reiectae,
430 1897 541 1934 quum
583 1896 679 1934 quae
715 1884 763 1922 de

97 1939 209 1977 hocce
245 1945 440 1977 narrentur
478 1941 583 1978 fonte
622 1954 761 1988 amaro,

97 1996 282 2034 Herodoti
311 2001 434 2036 aetate
466 1998 496 2034 si
523 2010 610 2035 vera
650 1997 762 2036 fuisse

96 2066 297 2104 ponamus,
327 2067 424 2091 nunc
442 2055 589 2092 minime
613 2055 663 2093 ita
680 2068 762 2093 sese

98 2109 271 2148 habeant.
329 2110 452 2160 Atque
489 2123 512 2148 a
549 2112 762 2149 recentioris

97 2167 230 2205 aetatis
281 2168 561 2217 peregrinatore
607 2168 760 2206 relatum

96 2223 242 2272 inveni,
270 2224 422 2262 fluvium
444 2225 621 2275 Hypanin
645 2238 762 2276 prope

99 2281 244 2329 urbem,
274 2293 372 2331 quae
394 2295 490 2320 nune
514 2287 666 2319 vocatur
691 2281 762 2320 Ni-

97 2334 260 2388 kohzjef,
306 2339 473 2388 quamvis
524 2339 763 2390 septuaginta

98 2394 258 2443 quinque
294 2396 372 2433 sere
401 2396 557 2433 Russica
598 2396 763 2433 milliaria

99 2451 256 2494 (vocant
275 2451 432 2500 Werst)
465 2465 487 2489 a
522 2454 611 2489 mari
642 2465 762 2490 remo-

99 2510 199 2553 tum,
250 2507 382 2545 salsam
421 2514 544 2546 tamen
583 2510 761 2560 praebere

99 2574 246 2611 aquam.
277 2565 334 2601 Cf.
350 2565 530 2603 Sommer.
549 2565 585 2603 T
588 2566 759 2604 aschenb.

99 2632 164 2655 zur
198 2619 374 2659 Verbreit.
426 2635 554 2671 geogr.
592 2623 758 2661 Kenntn.

104 2677 213 2717 1832
233 2689 318 2726 pag.
346 2679 438 2719 129.
500 2680 602 2717 ldem
623 2693 667 2717 ex
687 2681 759 2718 alio

101 2733 219 2769 diario
254 2733 402 2770 allatum
440 2736 593 2784 posthac
629 2737 706 2774 vidi
738 2750 760 2775 a

101 2788 137 2826 T
139 2789 309 2827 zschuck.
331 2791 354 2827 l.
376 2788 398 2826 l.
418 2803 504 2841 pag.
517 2793 585 2838 38,
609 2794 761 2831 fluvium

825 862 1036 900 milliaribus
1050 863 1267 912 quibusdam
1280 869 1496 915 ante,quam

826 924 991 957 excurrat
1027 920 1063 956 in
1097 920 1278 968 Pontum,
1331 934 1494 959 amarum

826 989 998 1027 saporem
1037 977 1211 1023 traxisse,
1265 991 1373 1027 quem
1405 980 1494 1016 mari

826 1033 1002 1070 tribuunt.
1055 1032 1095 1069 ln
1117 1046 1190 1082 quo
1210 1035 1339 1071 eodem
1361 1037 1494 1084 prinei-

826 1090 882 1139 pis
898 1089 1259 1138 wurtembergensis
1276 1091 1393 1127 diario
1415 1106 1493 1129 me-

824 1150 988 1182 moratur
1007 1145 1104 1182 lacus
1124 1148 1242 1182 salsus
1256 1176 1267 1193 ,
1300 1160 1368 1197 per
1384 1161 1494 1197 quem

824 1202 862 1238 in
898 1214 997 1238 mare
1028 1203 1120 1238 fluat
1145 1202 1310 1251 Telz'gol,
1350 1205 1419 1241 nisi
1445 1205 1495 1242 sit

824 1259 929 1295 huius
951 1262 1067 1295 mater
1089 1260 1223 1308 (fons).
1254 1259 1310 1298 Ac
1332 1261 1494 1310 denique

823 1316 956 1353 Ritter.
981 1315 1169 1362 (Vorhalle
1190 1329 1274 1366 pag.
1299 1316 1401 1368 345)
1425 1331 1493 1354 no-

823 1385 908 1410 men
945 1373 1058 1408 sontis
1087 1372 1296 1423 Exampaei
1326 1374 1490 1424 suspica-

823 1434 881 1466 tur
911 1440 992 1466 esse
1012 1428 1252 1479 Hexc-npfad,
1290 1431 1491 1481 Asenpfad,

820 1486 933 1535 idque
950 1487 1076 1524 referri
1102 1488 1150 1523 ad
1178 1488 1366 1536 antiquam
1395 1487 1491 1526 viam

821 1555 982 1589 sacram,
1022 1544 1095 1592 qua
1115 1544 1357 1581 Buddhistiea
1385 1558 1491 1584 sacra

821 1600 1049 1637 occidentem
1089 1613 1217 1637 versus
1249 1602 1381 1638 suerint
1416 1606 1491 1640 tra-

822 1657 944 1694 ducta.

878 1768 920 1808 ἐν
943 1763 1108 1819 ὀλίγοισι
1131 1766 1270 1820 μέγαν]
1312 1770 1334 1805 i.
1357 1782 1389 1806 e.
1409 1770 1490 1819 flu-

821 1828 915 1864 vium
932 1827 1184 1863 interminor-es
1196 1838 1365 1874 magnum
1379 1824 1490 1876 (Scy-

819 1884 919 1921 thiae
948 1896 996 1920 sc.
1026 1884 1121 1920 inter
1149 1884 1281 1920 fluvios
1312 1882 1487 1932 reliquos,

819 1953 901 1978 eum
933 1941 1028 1977 Istro
1055 1937 1330 1990 comparatos),
1367 1946 1408 1976 ut
1430 1953 1487 1978 re-

819 2002 899 2044 ete,
930 1997 1011 2034 mea
1032 1997 1179 2046 quidem
1201 1997 1403 2043 sententia,
1431 1997 1487 2033 in-

818 2058 1043 2105 terpretatur
1072 2053 1274 2102 Schweigh.
1323 2053 1415 2090 Alii:
1446 2055 1485 2090 in

812 2113 940 2163 paucis
955 2123 1141 2159 magnum,
1166 2111 1232 2148 i.e.
1252 2110 1356 2158 louge
1376 2112 1486 2147 omni-

818 2181 878 2205 um
896 2169 1099 2205 maximum.
1140 2167 1200 2204 De
1220 2180 1294 2216 quo
1312 2168 1409 2204 conf.
1432 2167 1486 2204 al-

818 2225 893 2263 lata
915 2225 961 2262 ab
973 2223 1254 2262 Hemsterhusio
1275 2224 1322 2261 ad
1332 2223 1486 2261 Lucian.

820 2283 836 2319 l
856 2296 893 2333 p.
920 2283 1001 2322 172
1025 2281 1084 2318 ed.
1097 2280 1246 2331 Bipont.
1277 2280 1359 2318 Nec
1379 2280 1488 2318 aliter

819 2338 1009 2377 Letronne
1021 2338 1149 2375 Journ.
1169 2338 1204 2374 d.
1218 2337 1360 2375 Savans
1377 2339 1484 2378 1817

819 2408 905 2447 pag.
926 2396 1000 2437 98:
1039 2396 1134 2432 inter
1158 2407 1293 2444 paucos
1313 2405 1485 2443 magnum

820 2454 843 2490 i.
865 2466 898 2491 e.
921 2452 1027 2489 d’une
1046 2451 1234 2501 grandem
1247 2464 1319 2502 peu
1337 2463 1485 2489 commu-

818 2524 872 2548 ne.
897 2531 954 2536 —
985 2508 1076 2546 Mox
1110 2508 1208 2546 edidi
1239 2507 1282 2547 ἐν
1313 2505 1473 2557 οὔροισι

818 2567 881 2604 ubi
901 2565 996 2604 male
1014 2565 1097 2602 olim
1117 2564 1158 2604 ἐν
1182 2560 1350 2616 οῧροισι.
1385 2565 1485 2601 Tan-

818 2625 875 2673 git
903 2623 995 2660 haec
1011 2622 1180 2660 Eustath.
1206 2623 1254 2659 ad
1270 2622 1421 2659 Homer.
1445 2633 1484 2670 p.

821 2680 914 2727 149,
939 2679 989 2720 15
1013 2682 1158 2725 s.112,
1177 2678 1242 2718 51.
1257 2678 1376 2715 ——De
1391 2676 1482 2726 Scy-

819 2738 891 2774 this
919 2737 1092 2786 agricolis
1124 2740 1236 2783 atque
1263 2733 1482 2771 Alazonz'bus

819 2794 914 2831 conf.
938 2797 1031 2830 nott.
1054 2793 1102 2830 ad
1122 2790 1185 2836 1V,
1210 2793 1278 2830 17.

1116 2846 1170 2886 25
1187 2844 1206 2864 *
