1863 3256
423 148 987 192 MELPOMENE.
1046 151 1108 189 IV.

1316 158 1399 198 413

136 260 370 321 ἀποκτείνῃ
387 262 607 320 βασιλεύς,
639 261 809 305 τούτων
826 258 931 304 οὐδὲ
948 258 1053 311 τούς
1074 261 1233 311 παῖδας
1254 262 1401 315 λείπει,

136 334 246 378 ἀλλὰ
288 335 429 378 πάντα
464 332 517 377 τὰ
554 334 707 386 ἔρσενα
745 334 922 384 κτείνει,
967 329 1021 374 τὰ
1058 331 1103 374 δὲ
1142 330 1283 386 θήλεα
1321 332 1404 375 οὐκ

0 385 74 454 ἢτο

132 477 238 527 τούς
279 476 333 519 ἂν
371 475 618 518 ποιέωνται.

133 405 307 449 ἀδικέει.
366 405 527 458 μΌρκια
565 404 610 448 δὲ
647 408 877 448 ποιεῦνται
914 402 1095 446 Σκύθαι
1134 397 1237 456 ὦδε,
1288 402 1401 457 πρὸς

678 476 720 526 ἐς
755 475 911 518 κύλικα
947 474 1137 530 μεγάλην
1166 476 1461 531 κεραμίνην85

136 545 260 590 οἶνον
294 546 534 601 ἐγχέαντες,
573 544 679 600 αἷμα
719 547 1016 601 συμμίσγουσι
1054 550 1143 588 τῶν
1181 545 1233 588 τὰ
1271 545 1402 599 ὅρκια

133 616 437 671 ταμνομένων,
468 615 680 667 τύψαντες
703 614 853 660 ὀπέατι
870 615 897 672 ἢ
915 616 1192 671 ἐπιταμόντες
1215 618 1405 673 μαχαίρῃ

133 685 322 740 σμικρόν
359 690 440 731 τοῦ
478 685 696 743 σώματος·
753 688 825 731 καὶ
855 688 998 731 ἔπειτα
1030 686 1337 743 ἀποβάψαντες
1367 688 1409 738 ἐς
1466 692 1549 732 313

131 756 211 812 τὴν
233 756 388 802 κύλικα
409 757 640 810 ἀκινάκεα,
671 759 743 802 καὶ
763 758 958 812 ὀϊστούς,
988 760 1061 803 καὶ
1092 758 1299 815 σάγαριν,
1329 758 1404 802 καὶ

103 834 124 867 2
136 825 356 872 ἀκόντιον.

415 830 546 873 ἐπεάν
587 830 633 874 δὲ
670 834 808 873 ταῦτα
843 829 1079 885 ποιήσωσι,
1118 829 1461 885 κατεύχονται90

130 899 292 952 πολλοὶ,
321 900 394 945 καὶ
420 901 563 944 ἔπειτα
593 899 857 945 ἀποπίνουσι
887 900 1013 946 αὐτοί
1041 918 1084 945 τε
1116 904 1159 945 οἱ
1176 901 1224 944 τὸ
1249 900 1404 955 ὅρκιον

132 970 409 1026 ποιεύμενοι,
440 974 516 1017 καὶ
539 978 628 1017 τῶν
657 973 879 1028 ἑπομένων
909 974 954 1016 οἷ
981 973 1184 1016 πλείστου
1215 971 1344 1025 ἄξιοι.

251 1045 399 1099 Ταφαὶ
433 1045 496 1089 -δὲ
545 1049 635 1089 τῶν
683 1045 899 1101 βασιλέων
945 1043 992 1087 ἐν
1041 1044 1246 1100 Γέῤῥοισι
1298 1044 1398 1096 εἰσὶ,

272 1213 303 1251 C
319 1227 387 1264 ap.
416 1213 535 1253 LXX.

131 1265 332 1318 τύψαντες
361 1266 496 1310 ὄπέατι
518 1293 568 1300 ——-
605 1266 739 1321 στόμα-

75 1324 165 1375 τος]
197 1327 305 1364 Conf.
336 1327 476 1365 Herod.
498 1327 536 1375 Ι,
568 1328 643 1374 74,
678 1328 739 1364 ubi

75 1383 175 1432 quod
196 1379 269 1433 τήν
292 1381 528 1435 ὄμοχροιΐην
541 1384 626 1421 dicit
640 1396 738 1420 sum-

75 1451 173 1476 mam
213 1440 304 1477 cutis
340 1442 591 1491 superficiem,
638 1440 672 1478 h.
713 1440 736 1479 l.

76 1492 247 1546 σμικρόν
258 1498 333 1535 τοῦ
347 1495 540 1548 σώματος.
563 1497 616 1534 Ac
629 1509 737 1547 prae-

76 1555 133 1589 ter
165 1552 318 1590 Lucian.
355 1554 393 1591 in
435 1554 569 1591 Toxar.
608 1556 661 1594 37
700 1557 738 1592 et

77 1606 210 1646 Athen.
232 1610 265 1645 11
291 1623 327 1659 p.
348 1609 401 1651 45
424 1610 466 1648 F.
495 1611 564 1647 huc
592 1610 740 1661 potissi-

78 1678 177 1705 mum
196 1667 358 1715 pertinet
377 1666 477 1704 Mela
499 1667 551 1714 ΙΙ,
578 1669 615 1714 1,
635 1669 737 1708 120:

78 1721 166 1771 „Ne
190 1722 340 1760 foedera
371 1724 519 1773 quidem
550 1724 739 1761 incruenta

79 1781 183 1824 sunt3
197 1780 359 1816 sauciant
370 1794 410 1819 se
422 1780 483 1829 qui
497 1781 739 1830 paciscuntur,

79 1839 362 1885 exemptumque
411 1838 625 1886 sanguinem
677 1837 740 1874 ubi

76 1892 336 1943 permiscuere,
367 1893 576 1942 degustant.
609 1893 650 1929 Id
673 1906 742 1943 pu-

77 1952 157 1985 tant
184 1961 376 1986 mansurae
403 1951 488 1987 fidei
510 1951 643 2000 pignus
663 1963 742 1987 cer-

76 2005 292 2041 tissimum.“
353 2005 427 2043 Ubi
457 2006 503 2043 ls.
531 2007 637 2044 voss.
673 2019 742 2042 no-

78 2065 193 2098 strum
215 2061 334 2099 attulit
356 2062 494 2110 locum,
525 2063 562 2100 iu
582 2076 654 2112 quo
674 2075 741 2112 pro

76 2115 220 2156 ’ὑπέατι
250 2118 343 2156 bene
365 2121 572 2156 emendavit
592 2115 741 2167 ὅπέατι,

79 2174 181 2223 quod
222 2174 501 2213 Hemsterhusio
543 2176 740 2227 probatum

77 2231 126 2268 ad
163 2230 300 2269 Polluc.
335 2232 391 2279 X,
443 2232 520 2273 141
567 2245 662 2270 nunc
704 2233 741 2270 in

78 2289 179 2323 textu
215 2292 347 2325 exstat.
395 2289 587 2338 Significat
622 2285 742 2335 ὄπεας

81 2343 239 2380 subulam
260 2348 297 2381 et
315 2345 411 2382 inter
423 2341 672 2395 σκυτοτόμων
688 2347 742 2382 in-

82 2402 279 2437 strumenta
322 2413 343 2437 a
384 2401 536 2440 Polluce
576 2403 743 2440 refertur.

83 2454 157 2497 Qui
183 2456 278 2493 idem
299 2457 426 2494 Pollux
448 2459 501 2505 X,
536 2461 613 2499 191
637 2459 744 2496 affort

81 2511 299 2561 κεραμίνην
333 2510 486 2552 κύλικα.
526 2515 742 2563 Lamherus,

82 2567 142 2615 qui
172 2566 348 2605 Dodwelli
379 2569 504 2608 laudat
532 2571 741 2609 Dissertatt.

84 2623 284 2671 Cypriann.
308 2624 392 2662 Xlll
414 2625 450 2677 ἓ.
467 2629 517 2667 18
543 2641 630 2678 pag.
653 2629 745 2676 130,

83 2678 197 2715 simile
253 2680 343 2727 quid
392 2684 565 2722 accidisse
618 2684 743 2722 scribit

83 2734 244 2772 Henrico
256 2736 303 2771 lll
322 2737 358 2772 in
368 2736 556 2777 Poloniam
566 2741 742 2787 intrante3

85 2791 132 2829 de
163 2804 236 2843 quo
263 2791 408 2831 Daniel.
429 2794 528 2834 Hist.
558 2797 606 2835 de
623 2795 742 2834 Fran-

797 1226 838 1251 ce
875 1212 911 1249 X
950 1224 1038 1262 pag.
1083 1211 1177 1253 532.
1246 1212 1372 1251 Plures
1414 1213 1462 1251 de

796 1270 865 1307 hoc
903 1269 975 1305 ritu
1014 1269 1076 1317 qui
1109 1273 1285 1317 egerunt,
1327 1271 1461 1307 excitat

797 1325 1004 1363 Tzschuck.
1028 1326 1076 1361 ad
1088 1326 1267 1375 Pompon.
1289 1326 1376 1363 Mel.
1397 1326 1419 1363 l.
1439 1325 1462 1363 l.

795 1386 886 1420 nott.
907 1394 1034 1430 exegg.
1055 1394 1090 1431 p.
1106 1383 1158 1423 56
1181 1382 1262 1419 Vol.
1282 1383 1333 1419 lll
1354 1382 1396 1419 P.
1416 1383 1461 1419 ll.

793 1459 849 1466 —-
877 1438 936 1476 De
961 1438 1071 1474 medii
1097 1438 1197 1475 verbi
1217 1452 1284 1475 usu
1302 1440 1339 1476 in
1358 1438 1458 1476 locu-

793 1495 953 1532 tionibus
965 1490 1080 1545 ὅρκια
1089 1493 1318 1544 τέμνεσθαι,
1333 1499 1458 1534 ποιεῖ-

795 1556 894 1590 σθαι
931 1551 1083 1601 (foedus
1113 1553 1252 1599 icere),
1292 1552 1370 1589 aliis
1399 1553 1459 1589 vix

794 1621 945 1646 monere
964 1621 1068 1658 opus.
1101 1608 1160 1645 Cf.
1180 1609 1243 1655 lv,
1271 1612 1365 1650 201.
1395 1609 1458 1655 lX,

795 1668 863 1706 26.
889 1685 945 1692 —-
983 1664 1042 1701 Ad
1072 1661 1331 1715 κατεύχονται
1362 1666 1458 1703 conf.

796 1725 890 1761 nott.
922 1720 970 1759 ad
999 1721 1038 1767 1,
1073 1723 1152 1762 132
1180 1722 1333 1771 c011.11‚
1363 1720 1428 1763 40.

1020 1777 1129 1828 Cap.
1162 1777 1297 1815 LXXI.

860 1831 993 1883 Ταφαὶ
1019 1831 1062 1872 δὲ
1089 1836 1168 1873 τῶν
1192 1832 1386 1885 βασιλέων
1417 1832 1462 1874 ἒν

800 1889 989 1942 Γέρῥοισι
1020 1890 1110 1940 εἰσί]
1153 1890 1348 1943 βασιλέων
1377 1904 1459 1929 cum

799 1948 916 1985 Gaisf.
938 1951 975 1984 et
993 1947 1126 1984 Matth.
1149 1950 1275 1999 scripsi
1298 1962 1365 1999 pro
1388 1949 1460 1999 βα-

800 2000 961 2054 σιλήων.
991 2004 1078 2040 Mos
1097 2005 1255 2042 tumulos
1278 2005 1336 2043 vel
1353 2018 1462 2056 prae-

799 2062 958 2110 grandes
971 2060 1162 2098 attollendi
1180 2075 1289 2112 super
1298 2066 1462 2100 mortuo-

797 2130 900 2164 rum,
939 2130 1067 2166 regum
1096 2120 1311 2169 praecipue,
1352 2119 1464 2156 cada-

798 2187 884 2211 vera
911 2187 986 2211 non
1026 2173 1143 2211 solum
1178 2175 1276 2224 apud
1307 2175 1462 2224 Scythas

799 2231 936 2279 viguit,
974 2234 1016 2267 ut
1039 2230 1071 2266 h.
1095 2230 1117 2270 l.
1152 2235 1310 2269 testatur
1337 2232 1462 2269 Hero-

800 2288 929 2335 dotus,
968 2300 1090 2324 verum
1114 2288 1221 2325 ctiam
1244 2289 1342 2338 apud
1373 2287 1461 2325 alias

799 2344 970 2394 Europae
1004 2343 1156 2381 borealis
1197 2349 1328 2393 gentes
1366 2345 1464 2381 obti-

799 2401 890 2438 nuit.
926 2399 984 2437 De
1007 2413 1080 2448 quo
1095 2430 1105 2449 ‚
1135 2407 1261 2437 nostro
1284 2403 1364 2438 loco
1388 2413 1463 2438 non

799 2457 1082 2509 praetermisSO,
1127 2456 1256 2505 Zoega
1282 2457 1341 2495 De
1362 2457 1464 2494 Obe-

800 2515 896 2551 liscc.
914 2526 1001 2563 pag.
1022 2515 1116 2559 338,
1146 2526 1168 2550 a
1188 2513 1254 2551 Cr.
1274 2514 1461 2552 excitatus.

799 2571 883 2608 Hoc
913 2575 1035 2607 autem
1072 2571 1153 2606 loco
1191 2583 1265 2607 non
1306 2570 1462 2607 alienum

801 2629 869 2666 erit
897 2626 1078 2675 sigillatim
1104 2628 1285 2675 quaedam
1313 2637 1462 2662 monere

800 2685 847 2722 de
890 2682 1040 2719 tumulis
1079 2683 1145 2718 illis
1189 2681 1460 2732 sepulcralibuS,

800 2741 863 2790 qui
881 2739 984 2775 multi
1004 2751 1153 2775 numero
1166 2766 1176 2784 ,
1206 2750 1280 2774 non
1298 2738 1333 2772 in
1353 2736 1461 2773 Sibe-

797 2798 851 2835 ria
867 2799 1021 2843 tautum,
1046 2807 1169 2833 verum
1189 2795 1296 2832 etiam
1311 2792 1457 2832 inRus-

1476 404 1563 432 meua
1588 407 1719 437 foederis

1477 440 1617 469 lericndi.

1458 1047 1573 1082 Regum
1603 1047 1736 1082 sepultu-

1457 1091 1510 1110 ra:
1531 1081 1659 1110 inferiae
1669 1090 1737 1109 cru-
