1863 3256
86 361 175 389 pars,
206 362 284 389 quae
302 355 361 381 No-

86 387 201 414 madum
220 393 282 420 est,
309 389 360 415 de-

85 429 189 455 pressa
206 426 236 447 et
253 429 344 448 arcuo

83 462 135 480 aa:
157 462 243 488 quam
256 457 344 481 Arate

85 495 131 513 res
147 488 263 520 colunt,
276 496 357 514 mon-

82 523 164 552 tana,
182 526 211 547 et
227 521 310 548 silvis
322 529 356 548 ac

96 555 154 579 oris
198 554 356 588 frequens:

81 595 193 620 genera
226 587 357 616 serarum

81 620 161 655 apud
178 622 330 652 Aroteres.

419 252 504 291 618

813 251 1278 292 HERODOTI

438 360 460 376 u
526 357 535 371 ἱ
573 358 585 373 ⁷
689 361 706 387 E
738 360 745 372 ἱ
822 363 840 371 .-
1043 360 1053 373 1
1248 359 1258 372 r
1453 360 1461 372 ἱ
1524 358 1536 376 ²
1570 360 1582 376 ν

417 374 460 402 οι
487 373 540 401 τοι
567 361 752 410 επιδεςια
779 376 867 403 των
894 364 1117 413 κεφαλεων
1145 370 1362 414 κομοωσι,
1412 376 1464 403 τοι
1493 362 1517 404 δ
1565 375 1661 404 επα-
1675 367 1717 402 85

348 436 359 474 ἶ
385 428 588 483 2ριστερὰ
615 432 828 483 κείρουσι·
860 430 909 471 τὸ
935 430 981 472 δὲ
1011 433 1132 485 σῶμα
1160 432 1353 485 χρίονται
1379 432 1525 489 μίλτῳ.
1555 431 1664 487 φασὶ

413 499 458 543 δὲ
489 495 612 543 οὗτοι
642 498 751 542 εἶναι
778 502 865 540 τῶν
893 499 939 542 ἐκ
965 501 1121 554 Τροίης
1150 499 1338 554 ἀνδρῶν.
1393 499 1449 542 ‘H
1472 502 1518 544 δὲ
1546 501 1662 558 χώρη

412 568 520 625 αὕτη
556 586 598 612 τε
637 569 710 611 καὶ
747 567 772 624 ἡ
808 569 936 625 λοιπὴ
971 573 1047 625 τῆς
1077 569 1240 626 Λιβύης
1277 569 1303 625 ἡ
1333 570 1440 625 πρὸς
1469 571 1663 628 ἑσπέρην,

409 643 555 697 πολλῷ
582 640 900 696 θηριωδεστέρη
931 655 975 683 τε
1011 641 1083 683 καὶ
1120 639 1330 696 δασυτέρη
1359 641 1446 683 ἐστὶ
1473 646 1549 697 τῆς
1576 647 1718 685 τών9ο

380 710 622 764 3νομοίδων
651 709 801 766 χώρης.
858 709 884 767 ἡ
922 710 1000 765 μὲν
1035 711 1118 766 γὰρ
1158 710 1210 766 δή
1249 710 1358 763 πρὸς
1385 709 1464 766 τὴν
1491 711 1558 768 ἠοῖ
1587 716 1661 769 τῆς

410 778 598 834 Λιβύης,
636 780 715 835 τὴν
745 783 788 824 οἱ
824 780 1011 836 νομάδες
1039 781 1242 836 νέμουσι,
1288 781 1377 824 ἔστι
1407 783 1587 838 ταπεινή
1615 798 1661 826 τε

409 850 483 893 καὶ
511 850 771 907 ψαμμώδης,
799 853 921 907 μέχρι
949 856 1030 895 τοῦ
1064 854 1282 905 Τρίτωνος
1311 857 1532 907 ποταμοῦ·
1561 852 1589 909 ἦ
1613 853 1658 896 δὲ

410 916 494 962 ἀπὸ
533 918 694 963 τούτου
735 922 783 964 τὸ
824 922 935 976 πρὸς
975 922 1179 977 ἑσπέρης,
1229 920 1256 977 ἡ
1298 926 1386 964 τῶν
1425 921 1665 977 ἀροτήρων,

379 986 562 1045 4ὀρεινή
589 1005 633 1033 τε
660 988 799 1048 κάρτα
826 993 898 1036 καὶ
928 993 1060 1037 δασέα
1088 992 1162 1036 καὶ
1189 991 1424 1048 θηριώδης.
1472 993 1546 1036 καὶ
1574 991 1714 1048 γὰρ95

349 1134 420 1172 huc
438 1140 604 1187 spectent
623 1130 814 1185 Μάχλυες
831 1135 891 1181 lV,
914 1138 1004 1177 180.

353 1194 445 1232 178.
502 1193 607 1236 Quae
641 1205 725 1230 vero
754 1192 823 1230 hoc
853 1191 933 1229 loco
957 1193 1004 1230 de

349 1247 542 1298 Maxyibus
573 1252 784 1295 narrantur,
831 1260 874 1286 ea
904 1248 1004 1286 Hee-

350 1304 451 1341 renio
471 1305 524 1342 ld.
542 1305 597 1353 11,
631 1307 648 1344 1
676 1318 713 1355 p.
733 1306 810 1351 36,
846 1305 1002 1355 prodere

345 1360 516 1398 videntur
533 1365 692 1410 gentem,
721 1373 814 1408 quae
835 1374 854 1398 e
876 1372 1002 1397 noma-

348 1416 435 1453 dum
461 1418 534 1453 vita
564 1418 676 1454 modo
698 1416 746 1452 ad
766 1421 866 1453 certa
885 1416 1003 1452 domi-

304 1492 307 1495 -
346 1471 427 1508 cilia
458 1476 495 1509 et
524 1472 777 1521 agriculturam
804 1473 1001 1519 transierit,

344 1527 458 1576 idque
484 1529 600 1578 ipsum
625 1541 645 1566 e
666 1528 777 1578 priori
793 1528 865 1564 vita
885 1527 1002 1565 adhuc

344 1584 552 1630 retinuerit,
593 1585 692 1633 quod
715 1584 840 1633 capitis
861 1588 1002 1634 partem

346 1639 528 1676 sinistram
547 1641 754 1686 tondentes,
773 1644 905 1676 rectam
918 1652 1004 1689 par-

345 1698 419 1732 tem
437 1696 537 1732 alant
558 1696 742 1744 minioque
762 1696 904 1744 tingant
921 1709 1001 1732 cor-

345 1763 460 1801 pora,
503 1751 623 1800 qualia
647 1752 840 1789 etiamnum
864 1753 939 1789 fere
965 1752 1003 1789 iu

346 1806 412 1843 illis
459 1808 668 1856 regionibus
708 1809 806 1858 apud
853 1811 1002 1856 gentem

346 1862 489 1900 Tnarik
500 1864 739 1910 inveniantur,
757 1876 876 1912 neque
886 1865 1003 1901 omni-

347 1931 395 1955 no
422 1919 468 1955 ab
498 1920 568 1956 isto
597 1922 791 1957 nomadum
814 1933 915 1957 more
936 1921 1002 1957 ab·

345 1974 543 2023 horreant,
583 1988 654 2025 quo
680 1981 808 2025 gentes
837 1975 1002 2025 singulae

342 2031 443 2067 varia
463 2033 590 2082 capitis
611 2036 758 2069 tonsura
776 2033 1002 2081 distinguan-

345 2090 417 2124 tur.
469 2087 574 2131 Quae
602 2101 684 2125 mox
711 2088 925 2125 Herodotus
953 2089 1000 2126 de

343 2143 493 2191 regione
512 2144 619 2194 sylvis
641 2145 797 2193 serisque
810 2145 999 2181 abundan-

343 2202 380 2235 te
411 2200 556 2247 scribit,
606 2212 650 2238 ea
682 2201 729 2237 ad
763 2200 881 2248 sylvas
915 2201 1000 2238 seris

343 2254 502 2304 repletas
529 2269 646 2306 prope
672 2257 784 2302 viam,
828 2268 922 2305 quae
953 2257 999 2293 ab

343 2311 435 2347 urbe
455 2311 655 2348 Tunisiana
676 2313 723 2349 ad
743 2312 910 2362 Tripolin
931 2313 1010 2349 du-‘

342 2370 421 2411 cat,
451 2368 563 2404 refert
585 2368 743 2405 Heeren.
768 2369 823 2405 Id.
843 2368 889 2415 Il,
920 2371 939 2408 1
962 2382 999 2418 p.

343 2422 418 2467 38,
468 2425 708 2460 recentiorum
749 2425 1000 2473 peregrinato-

342 2489 420 2512 rum
434 2478 590 2515 afferens
608 2481 814 2516 testimonia
827 2481 1000 2528 Maxyes-

341 2544 415 2580 que
451 2534 595 2570 subiicit
629 2539 663 2571 et
691 2535 852 2572 Zaueces
879 2541 997 2573 extre-

340 2600 418 2624 mas
447 2588 558 2626 fuisse
586 2591 634 2626 ad
659 2591 842 2627 meridiem
869 2596 995 2638 gentes

341 2643 488 2681 ditionis
509 2645 859 2693 Carthaginiensium
872 2674 883 2691 ‚
903 2659 995 2693 quos

339 2699 439 2749 ipsos
469 2701 684 2737 narrationis
722 2706 887 2738 auctores
917 2701 997 2738 No-

341 2759 418 2792 ster
438 2757 523 2793 citat
546 2756 608 2803 lv,
633 2755 721 2796 195.
771 2757 994 2800 Quibuscum

340 2812 436 2847 cons.
456 2812 725 2849 Schlichthorst.
748 2812 770 2848 l.
792 2812 812 2849 l.
845 2825 880 2862 p.
903 2813 993 2853 164.

343 2889 397 2894 —--
428 2868 498 2905 Pro
527 2864 575 2907 tn?
610 2864 784 2915 ἐπιδεξιιὶ
812 2874 849 2906 ct
878 2865 925 2907 τεὶ
955 2864 994 2908 ὸ’

1060 1129 1292 1186 ἐπαριστερᾶ
1322 1135 1418 1172 haud
1449 1136 1522 1173 scio
1551 1147 1597 1174 an
1626 1135 1714 1172 scri-

1060 1191 1218 1228 bendum
1234 1187 1282 1229 τὰ
1307 1189 1372 1230 ἐπὶ
1395 1188 1502 1238 δεξιοὶ
1527 1196 1566 1229 et
1593 1188 1641 1230 τὰ
1673 1187 1715 1230 δ’

1058 1241 1127 1285 ἐπ’
1162 1242 1369 1301 α’ριστεράς
1415 1249 1510 1286 conf.
1546 1252 1637 1286 nott.
1664 1248 1713 1285 ad

1058 1303 1128 1349 IV,
1162 1303 1253 1344 157.

1114 1358 1213 1408 φασὶ
1259 1356 1302 1398 δὲ
1343 1352 1453 1398 οὗτοι
1495 1355 1597 1398 εἶναι
1631 1361 1713 1398 τῶν

1058 1412 1101 1453 ἔκ
1147 1414 1290 1465 Τροίης
1336 1410 1519 1465 ἀνδρῶν]
1578 1415 1713 1464 Attigit

1058 1470 1178 1508 Raoul
1189 1493 1205 1497 -
1215 1471 1395 1508 Rochette
1407 1472 1504 1508 Hist.
1517 1473 1563 1510 de
1578 1471 1713 1510 l'etabl.

1059 1526 1094 1562 d.
1115 1526 1180 1563 col.
1203 1527 1269 1565 Gr.
1320 1527 1416 1565 Add.
1439 1528 1490 1564 IV
1512 1541 1596 1577 pag.
1615 1529 1711 1574 398,

1057 1594 1131 1630 quo
1153 1583 1262 1619 etiam
1288 1584 1401 1620 utitur
1427 1583 1470 1620 C.
1496 1584 1541 1622 Ο.
1566 1583 1712 1621 Mulier.

1058 1637 1274 1676 Orchomen.
1295 1652 1332 1689 p.
1357 1639 1438 1680 356
1457 1643 1534 1677 not.
1560 1652 1712 1677 monens

1058 1694 1210 1742 Maxyes
1253 1707 1328 1731 non
1373 1695 1479 1732 aliter
1529 1696 1712 1746 perhiberi

1058 1750 1239 1788 Troianos
1255 1755 1365 1800 atque
1379 1751 1624 1789 Antenoridas
1636 1753 1712 1800 Cy-

1058 1818 1175 1843 reneS.
1226 1806 1397 1856 Namque
1437 1807 1550 1846 Troia
1594 1809 1714 1846 excisa

1058 1861 1278 1900 Antenorem
1334 1875 1415 1900 cum
1469 1864 1714 1901 Troianorum

1058 1931 1166 1955 manu
1185 1920 1232 1956 ad
1243 1919 1398 1968 Libyam
1413 1920 1596 1970 appulisse
1615 1922 1713 1958 fama

1056 1975 1219 2021 ferebat,
1274 1976 1321 2012 de
1360 1988 1432 2025 qua
1470 1978 1563 2013 conf.
1603 1976 1712 2014 Pind.

1057 2031 1165 2079 Pyth.
1184 2031 1229 2078 V,
1249 2033 1339 2072 110.
1392 2031 1453 2068 Tu
1479 2034 1574 2069 cons.
1603 2033 1712 2069 etiam

1056 2086 1224 2124 Valcker.
1252 2087 1368 2135 Myth.
1391 2088 1528 2135 Geogr.
1549 2089 1565 2124 I
1584 2102 1620 2138 p.
1644 2090 1709 2128 37.

1056 2142 1111 2179 Ac
1140 2142 1242 2193 plura
1271 2156 1418 2192 quoque
1453 2144 1559 2181 affert
1587 2145 1711 2180 Casti-

1058 2200 1171 2248 glioni
1191 2198 1213 2235 l.
1233 2198 1255 2236 l.
1277 2212 1362 2249 pag.
1379 2200 1459 2240 280
1476 2200 1554 2237 illos
1576 2199 1710 2248 IlIazr‘g

1056 2268 1086 2291 s.
1106 2254 1263 2305 Massyas
1297 2267 1340 2292 ex
1365 2257 1453 2292 Asia
1481 2256 1518 2294 in
1549 2256 1709 2294 Africam

1057 2312 1205 2349 cessisse
1226 2312 1458 2361 probaturus.

1115 2366 1193 2405 ἔστι
1225 2363 1389 2417 ταπεινή
1423 2381 1464 2406 τε
1499 2365 1566 2404 καὶ
1599 2376 1708 2416 ψαμ-

1056 2418 1215 2474 μώδης]
1260 2423 1455 2461 Verissime
1489 2422 1578 2460 hacc
1613 2423 1707 2460 tradi

1055 2486 1178 2516 monet
1198 2480 1356 2516 Heeren.
1378 2478 1428 2513 ld.
1450 2478 1506 2523 ll,
1536 2481 1553 2518 1
1578 2492 1615 2529 p.
1640 2479 1705 2520 49.

1053 2535 1151 2572 Ram
1191 2547 1213 2571 a
1252 2534 1459 2571 Tritonidis
1501 2534 1582 2571 lacu
1632 2536 1707 2572 sive

1052 2593 1149 2627 amni
1171 2591 1344 2638 Syrtique
1365 2590 1493 2626 minori
1517 2591 1706 2639 regionem

1051 2647 1208 2695 incipere
1236 2645 1438 2682 sabulosam
1468 2658 1509 2683 ac
1534 2646 1706 2694 sterilem,

1051 2714 1215 2738 occasum
1260 2714 1382 2738 versus
1432 2702 1586 2739 fertilem
1622 2714 1704 2740 esse

1050 2761 1181 2794 terram
1210 2757 1374 2806 beneque
1397 2758 1585 2806 irriguam,
1607 2771 1704 2806 quae

1052 2815 1098 2850 ad
1135 2814 1487 2863 Carthaginiensium
1526 2815 1701 2851 ditionem

1051 2870 1275 2919 pertinuerit.
