1863 3256
17 263 27 293 ⁴!

482 90 1048 130 MELPOMENE.
1110 92 1171 130 lV.

1381 100 1464 138 295

193 200 413 245 δυνεύειν·
472 201 550 256 τὴν
580 199 627 243 δὲ
656 203 745 243 τῶν
774 199 1015 256 βασιλέων,
1046 199 1336 256 διαμάχεσθαι
1365 206 1464 260 περὶ

167 277 273 329 4τῆς
302 272 445 329 χώρης
473 276 584 314 τοῖσι
614 270 798 314 ἐπιοῦσι.

860 269 1007 314 οὔκων
1037 270 1090 326 δὴ
1123 270 1291 315 ἐθέλειν
1320 276 1462 318 πείθε-

190 349 297 388 σθαι
327 342 427 387 οὔτε
457 346 568 385 τοῖσι
599 343 826 397 βασιλεῦσι
856 340 934 385 τόν
963 343 1130 398 δῆμον,
1158 340 1258 387 οὔτε
1289 348 1353 403 τῳ·
1384 345 1463 400 δή·

159 423 259 471 5μῳ
299 413 403 464 τούς
446 413 664 469 βασιλέας.
724 411 831 463 τούς
878 412 958 468 μὲν
1006 410 1060 469 δὴ
1106 411 1464 459 ἀπαλλάσσεσθαι

187 482 480 542 βουλεύεσθαι
510 482 716 540 ἀμαχητὶ,
755 484 833 540 τὴν
862 483 1011 541 χώρην
1039 484 1320 539 παραδόντας
1349 491 1464 529 τοῖσι

186 556 378 599 ἐπιοῦσι·
433 559 546 597 τοῖσι
587 554 632 598 δὲ
669 558 894 611 βασιλεῦσι
936 555 1061 607 δόξαι
1103 556 1150 599 ἐν
1192 560 1246 613 τῇ
1284 556 1515 600 ἑωυτῶν85

184 626 362 670 κέεσθαι
393 622 726 677 ἀποθανόντας,
770 627 877 682 μηδὲ
919 626 1191 682 συμφεύγειν
1221 632 1282 685 τῷ
1314 626 1455 684 δήμῳ·

184 696 503 753 λογισαμένους
539 694 622 739 ὅσα
658 713 702 741 τε
752 696 902 754 ἀγαθὰ
941 698 1214 752 πεπόνθασι,
1260 699 1334 743 καὶ
1376 698 1459 743 ὅσα

185 766 433 824 φεύγοντας
469 768 517 810 ἐκ
546 771 622 823 τῆς
651 771 859 824 πατρίδος
888 768 1002 813 κακὰ
1036 769 1216 822 ἐπίδοξα
1244 775 1458 826 καταλαμ-

154 838 327 896 δβάνει.
387 837 447 890 ὦς
484 839 530 882 δὲ
570 838 690 892 δόξαι
729 853 809 897 σφι
848 845 1004 892 ταῦτα,
1059 841 1344 893 διαστάντας,
1385 841 1458 885 καὶ
1517 852 1599 892 286

183 909 376 967 ἀριθμόν
401 913 526 961 ἴσους
555 911 838 967 γενομένους,
869 912 1085 969 μάχεσθαι
1101 911 1214 967 πρὸς
1232 911 1514 969 ἄλλήλους·90

181 983 256 1025 καὶ
292 982 399 1033 τούς
434 983 536 1038 μὲν,
590 981 901 1035 ἀποθανόντας
937 984 1106 1036 πάντας
1139 982 1220 1028 ὑπ’
1263 983 1455 1035 ἑωυτῶν,

179 1053 324 1106 θάψαι
370 1052 449 1097 τόν
488 1055 629 1110 δῆμον
665 1058 755 1097 τῶν
791 1057 1051 1111 Κιμμερίων
1093 1056 1214 1110 παρὰ
1253 1054 1455 1111 ποταμὸν

151 1124 356 1182 7Τύρην·
392 1126 468 1168 καί
497 1136 646 1181 σφεων
676 1125 738 1169 ἔτι
765 1124 899 1182 δῆλός
929 1126 1017 1170 ἐστι
1038 1126 1062 1170 ὁ
1085 1126 1241 1183 τάφος.
1283 1124 1454 1178 θάψαν-

122 1284 270 1322 prorsus
303 1283 567 1321 supervacuam
600 1284 682 1309 esse
715 1275 789 1308 sta-

122 1329 192 1365 tuit
239 1326 456 1365 Larcherus.
524 1326 605 1365 Nec
663 1331 788 1366 tamen

122 1384 354 1422 sollicitanda
437 1384 564 1421 vocula
642 1385 789 1423 videtur

121 1441 493 1490 Schweighaeusero,
541 1454 621 1478 cum
653 1441 788 1493 ellipti-

122 1511 202 1536 cam
225 1497 286 1535 illa
314 1497 495 1548 compleat
517 1498 712 1535 dictionem
735 1499 786 1536 sic

123 1555 415 1606 expediendam,
458 1560 497 1591 ut
532 1555 786 1604 subintelliga-

123 1616 183 1649 tur
200 1607 363 1663 πρῆγμά
382 1611 460 1650 ἐστι
481 1625 535 1648 res
553 1612 707 1660 indiget,
730 1625 784 1648 res

116 1668 301 1720 postulat,
332 1672 372 1705 ut
394 1669 457 1705 lwc
470 1669 560 1719 fiat.
606 1668 784 1706 Valckeu.

121 1725 350 1763 coniecerat:
405 1723 506 1776 μηδὲ
552 1721 654 1776 πρός
692 1728 784 1764 πολ-

120 1779 217 1829 λοὺς
234 1777 354 1822 ου’ὁὲν
374 1781 466 1821 δέον
492 1780 682 1833 μένοντας
702 1797 784 1821 mv*

122 1834 307 1879 δυνεύειν
328 1840 398 1876 hoc
416 1852 551 1876 sensu:
601 1842 684 1887 „ita
713 1852 784 1876 rem

121 1909 192 1933 esse
233 1900 494 1947 comparatam,
542 1900 583 1932 ut
619 1899 783 1947 optimum

119 1953 300 1990 videretur
318 1947 479 1990 excedere
495 1955 650 2002 regione,
674 1966 784 2004 neque

119 2011 293 2048 manendo
321 2014 427 2060 atque
454 2011 626 2048 adversus
650 2012 783 2048 exerci-

120 2071 195 2105 tum
221 2080 442 2105 numerosum
466 2068 667 2119 pugnando
694 2067 781 2118 fru-

120 2128 198 2162 stra
232 2138 268 2162 se
297 2125 442 2162 obiicere
473 2124 682 2176 periculo.“
739 2125 782 2162 ln

121 2194 226 2231 seqq.
258 2182 477 2234 βασιλῆας,
529 2182 631 2231 quod
661 2182 781 2219 Gaisf.

120 2238 341 2288 reliquerat,
378 2253 459 2277 cum
486 2238 668 2277 Matthiae
702 2251 783 2276 mu-

119 2295 195 2333 tavi
220 2296 258 2333 in
278 2294 460 2348 βασιλέας
488 2296 649 2345 itemque
668 2295 781 2346 βασι-

120 2350 220 2391 λέων
241 2365 309 2403 pro
331 2349 546 2404 βασιλήων.
577 2353 636 2390 Cf.
660 2352 722 2400 lV,
744 2355 782 2394 6.

121 2409 457 2460 Interpunctionem
487 2414 574 2460 post
610 2405 782 2460 ἀμαχητὶ

123 2465 165 2512 (i.
188 2478 221 2504 e.
249 2467 324 2503 sine
346 2480 498 2517 pugna,
541 2469 617 2504 sine
634 2466 783 2517 proelio,

124 2525 163 2558 ut
182 2521 213 2569 Ι,
237 2525 326 2565 174.
358 2524 403 2568 ΙΙ,
426 2526 518 2565 102.
547 2524 688 2572 111,13.
718 2523 782 2570 lv,

126 2579 180 2619 93
209 2581 298 2628 ete.)
326 2580 436 2630 vulgo
466 2581 624 2631 positam
650 2579 781 2629 delevi,

126 2638 274 2673 auctore
291 2636 625 2687 Schweighaeuser.
643 2638 681 2675 in
692 2636 782 2676 Lex.

125 2690 267 2729 Herod.
286 2704 314 2729 s.
330 2705 365 2730 v.

181 2746 249 2786 καὶ
265 2743 338 2787 ὅσα
349 2769 394 2777 -
410 2746 512 2789 κακὰ
532 2748 697 2799 ἐπίδοξα
715 2765 784 2790 κα-

844 1267 1106 1323 ταλαμβάνει]
1147 1273 1170 1309 i.
1194 1285 1227 1310 e.
1256 1274 1339 1321 quot
1366 1270 1515 1308 calami-

846 1332 938 1366 tates
958 1342 1001 1366 ex
1019 1331 1148 1380 patria
1163 1328 1331 1379 profugis
1349 1329 1514 1378 probabi-

845 1386 926 1423 liter
973 1387 1252 1437 supervenirent.
1321 1385 1380 1423 De
1420 1398 1512 1422 voce

843 1441 1028 1491 ἐπίδοξος
1074 1443 1197 1494 plures
1234 1442 1395 1492 Lysiae,
1432 1441 1507 1479 Ae-

843 1501 1002 1548 schinis,
1054 1500 1207 1538 aliorum
1246 1499 1346 1536 locos
1387 1498 1508 1536 attulit

842 1557 1032 1604 Valcken.‚
1056 1569 1166 1606 quem
1186 1558 1257 1593 iam
1278 1556 1506 1593 laudavimus

842 1614 890 1650 ad
911 1614 940 1661 l,
966 1616 1032 1655 89.
1082 1613 1142 1651 De
1169 1613 1280 1651 verbo
1309 1614 1506 1663 καταλαμ-

843 1668 985 1722 βάνειν
1010 1670 1082 1706 vid.
1102 1674 1194 1707 nott.
1216 1671 1262 1707 ad
1282 1669 1345 1716 lll,
1365 1668 1432 1709 42.
1449 1690 1506 1696 —

843 1728 1053 1778 διαστῆναι
1072 1726 1168 1764 valet
1190 1739 1225 1763 se
1251 1725 1436 1771 dirimere,
1467 1727 1505 1761 in

843 1784 1001 1822 diversas
1022 1784 1119 1821 abire
1138 1787 1283 1833 partas,-
1314 1782 1506 1834 praeposi-

842 1842 952 1878 tionis
973 1838 1039 1879 διαὶ
1060 1841 1132 1877 vim
1152 1840 1321 1890 exposuit
1344 1839 1503 1876 Fischer.

840 1899 888 1935 ad
909 1898 1057 1937 Weller.
1081 1897 1146 1943 111,
1172 1899 1196 1937 6
1219 1910 1255 1948 p.
1275 1898 1367 1938 172.

896 2010 966 2049 καί
992 2021 1129 2059 σφεων
1159 2008 1215 2048 ἔτι
1245 2005 1362 2058 δῆλός
1382 2006 1503 2048 ἔστιὸ

837 2064 984 2118 τάφος]
1027 2067 1240 2117 Suspicatur
1264 2066 1504 2103 Valckenaer.

838 2125 923 2162 olim
964 2125 1137 2174 scriptum
1177 2124 1289 2161 fuisse
1332 2124 1391 2177 τῇ
1434 2121 1505 2160 καί

839 2194 976 2231 σφεων
993 2210 1007 2228 ,
1066 2194 1095 2218 s.
1142 2181 1250 2217 etiam
1299 2178 1388 2218 ἵνα
1433 2178 1504 2218 καί

839 2251 975 2287 σφεων
1006 2252 1042 2276 κ.
1070 2252 1102 2275 τ.
1130 2239 1188 2275 λ..·
1230 2250 1301 2287 qua
1320 2239 1426 2286 parte
1446 2249 1503 2273 re-

838 2296 958 2345 gionis
976 2307 1091 2331 eorum
1115 2296 1221 2331 etiam
1243 2293 1363 2331 adhuc
1384 2296 1502 2330 exstat

838 2352 1046 2403 sepulcrum.
1111 2350 1171 2389 De
1199 2350 1372 2402 sepulcris
1404 2351 1501 2387 conf.

838 2413 932 2447 nott.
957 2410 1008 2447 ad
1031 2407 1094 2455 1V,
1119 2411 1186 2449 71.
1244 2406 1380 2457 Neque
1405 2407 1501 2444 enim

838 2466 930 2504 alius
984 2465 1131 2515 generis
1175 2465 1245 2502 hoc
1294 2464 1501 2515 sepulcrum

837 2523 950 2562 fuisse
969 2522 1118 2561 coniicit
1125 2521 1256 2570 Zoega
1264 2520 1324 2559 De
1334 2519 1501 2559 obeliscc.

838 2592 927 2632 pag.
944 2581 1040 2621 338.
1070 2578 1129 2617 De
1152 2577 1255 2629 Tyrd
1276 2578 1386 2615 fluvio
1407 2576 1502 2616 conf.

839 2636 915 2685 lv,
953 2639 1020 2679 51.
1080 2635 1278 2686 Perperam
1317 2633 1502 2672 Herodoti

840 2692 959 2731 locum
988 2692 1171 2731 intellexit
1200 2691 1395 2730 Reichard.
1427 2688 1449 2726 1.
1481 2687 1501 2725 Ι.

840 2763 928 2802 pag.
946 2749 1013 2792 55.
