1863 3256
468 163 1155 206 MELPOMENE.1V.

1369 173 1449 213 467

179 276 394 330 φέροντα,
440 274 520 331 τήν
550 291 594 319 τε
634 275 744 328 πρὸς
781 274 1080 330 μεσαμβρίην,
1120 274 1195 317 καὶ
1228 273 1311 330 τήν
1340 280 1452 331 πρὸς

179 346 257 402 τὴν
285 345 373 403 η’ὦ,
413 346 604 402 κατάπερ
647 350 722 402 τῆς
757 343 949 402 Ἀττικῆς
987 343 1150 401 χώρης·

1202 345 1278 389 καὶ
1308 357 1506 402 παρα-75

176 416 338 473 πλήσια
375 418 513 477 ταύτῃ
550 419 624 463 καὶ
658 419 701 462 οἱ
737 420 906 471 Ταῦροι
940 415 1149 471 νέμονται
1177 419 1252 472 τῆς
1283 421 1450 462 Σκυθι-

176 492 280 545 κῆς,
323 488 384 539 ὥς
414 492 451 532 εἰ
479 495 554 546 τῆς
585 490 774 544 Ἀττικῆς
815 487 922 531 ἄλλο
952 488 1085 539 ἔθνος
1125 488 1199 532 καὶ
1236 486 1295 544 μὴ
1329 486 1453 544 Ἀθη-

174 563 295 601 ναῖοι
323 561 528 614 νεμοίατο
558 561 638 604 τὸν
666 558 834 615 γουνὸν
862 558 943 601 τὸν
967 558 1249 608 Σουνιακόν,
1280 563 1449 615 μᾶλλον
1508 565 1589 603 327

174 629 217 680 ἐς
245 628 324 672 τὸν
351 629 520 675 πόντον
546 631 629 688 τήν
659 630 799 687 ἄκρην
829 628 1063 686 ἀνέχοντα,
1093 630 1171 674 τὸν
1199 628 1289 675 ἀπὸ
1322 634 1454 688 Θορι-

117 774 167 811 cis
194 774 427 824 potissimum
463 784 565 810 suam
595 772 783 810 historiam

117 831 361 882 conscriptam
393 843 474 868 esse
503 829 633 876 vellet3
675 841 782 879 quem

117 888 230 925 etiam
260 888 306 925 ob
327 888 503 938 Iapygiae
535 891 657 924 terrae
680 898 783 923 men-

116 944 254 982 tionem
281 944 370 982 haec
391 945 469 994 ipsa
488 943 525 979 in
544 944 648 981 ltalia
669 943 781 980 literis

116 1001 325 1048 mandasse,
357 1001 457 1038 haud
479 1013 626 1049 prorsus
646 1001 782 1049 impro-

115 1056 247 1094 babilis
274 1062 329 1094 est
351 1057 520 1108 suspicio.
582 1058 641 1097 Cf.
665 1056 781 1094 Dahi-

114 1126 238 1151 mann.
261 1114 442 1152 Herodot.
463 1126 547 1164 pag.
566 1113 632 1154 50.
688 1113 780 1156 Qui-

115 1170 184 1208 bus
242 1170 272 1207 C
282 1184 309 1208 r.
365 1171 455 1207 haec
510 1171 777 1220 adscripserat:

112 1227 253 1274 „Haec
281 1228 445 1276 Magnae
471 1226 649 1263 Graeciae
676 1226 778 1262 inco-

111 1283 225 1320 larum
245 1284 282 1320 in
303 1284 458 1333 gratiam
472 1282 619 1319 Thuriis
639 1282 684 1319 ab
697 1282 778 1320 He-

111 1340 246 1388 rodoto
281 1341 408 1377 addita
449 1344 578 1377 censet
609 1338 776 1376 Mitsord.

111 1396 148 1432 in
169 1396 271 1435 Hist.
293 1397 426 1436 Graec.
458 1396 539 1433 Vol.
572 1396 606 1432 ΙΙ
633 1410 670 1447 p.
692 1396 775 1437 356

112 1465 191 1502 seq.
204 1466 298 1491 vers.
311 1467 454 1492 vernae.
468 1452 776 1491 Eichstaedt.“—-

168 1509 236 1548 καὶ
267 1507 322 1561 μή
352 1506 562 1560 Ἀθηναῖοι
590 1510 776 1560 νεμοίατο

112 1563 179 1605 τόν
223 1564 369 1618 γουνὸν
411 1564 477 1606 τόν
520 1564 774 1616 Σουνιακόν]

113 1623 226 1661 Hisce
271 1625 392 1661 verbis
435 1627 559 1661 statim
604 1625 778 1674 postponi

111 1680 188 1716 vult
216 1680 481 1727 Valckenaer„
532 1693 628 1731 quae
666 1681 777 1731 paulo

112 1737 262 1774 inferius
303 1737 412 1787 vulgo
451 1737 646 1787 leguntur·
705 1734 777 1777 τόν

113 1788 194 1832 ἀπό
228 1795 407 1845 Θορικου
439 1793 550 1847 μέχρι
580 1789 777 1844 Ἀναφλύ-

112 1862 206 1889 στου
226 1846 371 1901 δήμου.
427 1852 504 1889 Sed
527 1865 569 1890 ea
590 1851 671 1901 ipsa
689 1865 777 1902 pro-

110 1908 206 1944 xime
227 1909 550 1946 antecedentibus:
592 1905 663 1947 τὸν
685 1924 776 1960 γου-

110 1960 185 2003 νόν
202 1985 258 1992 -
281 1960 474 2015 α’νέχοντα
505 1966 554 2003 ad
588 1965 776 2003 meliorem

110 2021 315 2060 sententiae
350 2021 629 2072 intelligentiam
666 2023 776 2060 adiici

108 2081 259 2128 putem,
311 2079 460 2117 minime
489 2078 570 2117 loco
599 2092 666 2116 suo
695 2093 776 2116 mo-

108 2136 243 2172 venda.
290 2136 372 2173 Vox
401 2131 549 2187 γουνὸς
580 2149 624 2174 eo
651 2149 773 2184 sensu,

109 2204 184 2241 quo
226 2193 326 2243 apud
354 2192 556 2231 Homerum
590 2193 775 2231 invenitur

109 2248 158 2285 de
187 2248 259 2285 solo
281 2248 423 2299 fertili,
453 2249 655 2300 foecundO,
693 2263 774 2287 cum

108 2304 165 2342 hic
185 2305 351 2345 adhiberi
374 2312 559 2356 nequeat,
601 2308 774 2357 quoniam

107 2360 226 2399 Attica
252 2367 350 2400 terra
371 2365 521 2402 omnino
541 2363 672 2402 sterilis
693 2364 774 2410 fuit,

108 2419 240 2466 anguli
260 2421 448 2458 notionem
461 2421 629 2471 accipere
643 2420 774 2458 volunt

109 2473 280 2513 Valcken.
307 2481 343 2514 et
372 2477 585 2515 Schneider.
619 2478 655 2514 in
679 2477 772 2515 Lex.

112 2531 177 2567 Gr.
200 2531 246 2568 ob
266 2532 510 2582 Hesychium‚
553 2535 615 2584 qui
642 2535 654 2571 Ι
684 2548 772 2584 pag,

110 2589 192 2628 870
210 2590 359 2639 γαῖνος·
377 2586 534 2641 γουνός.
566 2592 772 2640 Schweigh.

110 2644 373 2694 interpretatur
391 2649 633 2696 emznentiam,
660 2649 773 2686 locum

109 2701 265 2748 adetum,
307 2706 347 2738 ut
375 2705 473 2752 apud
493 2705 654 2755 Hesych.
680 2720 771 2756 γου-

111 2772 131 2795 ν
136 2762 238 2805 ιαῐος
253 2754 375 2805 τόπος
387 2760 434 2796 de
453 2759 524 2796 loco
543 2762 695 2807 editwrz',
715 2775 772 2799 zn-

109 2818 186 2852 sta-r
222 2828 317 2865 genu
366 2818 553 2863 emznenti,
612 2818 772 2868 itemque

842 771 940 821 apud
960 769 1122 819 Etymol.
1143 782 1230 822 pag.
1253 773 1350 820 233,
1369 770 1416 813 5.
1445 769 1507 811 λέ-

839 842 949 879 γεται
975 824 1017 865 δὲ
1040 824 1189 879 γουνός
1213 826 1232 868 ὁ
1255 825 1417 879 υψηλός
1442 824 1507 869 τό-

839 899 915 931 πος
951 879 1032 923 α’πό
1071 899 1302 949 μεταφορας
1337 900 1420 924 των
1462 885 1505 926 ἐν

841 937 994 992 στόματι
1012 937 1222 992 γονάτων,
1255 938 1281 980 ἑί
1303 941 1435 994 ἐξέχει.

895 995 962 1037 τὸν
992 995 1141 1049 γουνόν
1175 995 1246 1038 τὸν
1278 996 1504 1039 Σουνιακόν

836 1077 894 1083 —
914 1051 1121 1107 ἀνέχοντα]
1153 1054 1357 1104 „Neglexit
1383 1058 1419 1094 in
1447 1057 1503 1094 his

835 1112 1053 1149 Herodotus
1074 1124 1211 1162 pagum
1230 1113 1503 1162 Azeniensium‚

835 1181 943 1217 quem
977 1180 1059 1205 raro
1097 1169 1281 1206 veteribus
1322 1183 1505 1207 memora-

835 1229 914 1262 tum
947 1225 1097 1261 minoris
1118 1225 1231 1263 fuisse
1253 1231 1398 1264 constat
1419 1240 1502 1264 mo-

834 1281 971 1318 menti:
1003 1281 1073 1318 hoc
1091 1286 1268 1332 excepto,
1303 1282 1342 1320 in
1361 1283 1500 1321 Attices

834 1338 884 1375 ad
910 1337 1029 1375 sinum
1049 1338 1265 1376 Saronicum
1293 1338 1408 1377 latere
1439 1340 1500 1377 ‹le-

834 1407 912 1431 mus
952 1399 1032 1433 erat
1072 1395 1342 1446 Anaphlystm,
1382 1397 1502 1434 Sunio

833 1452 997 1489 vicinus:
1056 1452 1162 1489 Sunii
1210 1454 1504 1503 promontorium

835 1521 930 1546 nave
949 1509 1181 1546 flectentibus
1204 1510 1280 1548 sive
1303 1523 1416 1560 super
1430 1510 1503 1547 Su-

834 1566 932 1602 nium
969 1566 1249 1613 navigantibus,
1301 1566 1347 1604 ab
1386 1566 1501 1604 altero

834 1622 947 1659 latere
974 1622 1113 1672 primus
1135 1623 1353 1661 occurrebat
1379 1624 1428 1660 ad
1454 1624 1504 1660 si-

834 1679 985 1716 nistram
1000 1691 1124 1729 pagus
1148 1678 1331 1717 Thorz'cus.
1383 1679 1504 1724 Quid-

835 1736 926 1785 quid
963 1736 1010 1772 ab
1041 1736 1271 1786 Anaphlysto
1302 1737 1351 1774 ad
1383 1749 1501 1787 usque

835 1792 871 1829 Γ
874 1793 1033 1829 horicum
1053 1796 1231 1831 terrarum
1251 1794 1369 1843 magis
1391 1794 1427 1831 in
1447 1794 1498 1832 al-

833 1854 910 1886 tum
932 1850 1187 1899 prominebat,
1225 1847 1372 1902 γουνὸν
1393 1855 1500 1888 vocat

833 1903 1088 1954 Σουνιακόν,
1130 1908 1281 1956 μᾶλλον
1305 1905 1388 1946 δὲ’
1370 1922 1409 1955 ες
1431 1904 1500 1947 τὸν

833 1959 987 2002 πόντον
1009 1979 1084 2014 την
1106 1960 1237 2015 α’κρην
1256 1959 1483 2015 εἷνέχοντα.“

839 2019 1059 2058 Valcken.
1110 2021 1185 2058 Ubi
1206 2034 1295 2059 sane
1320 2022 1500 2060 accusati-

832 2090 899 2114 vus
920 2093 996 2128 την
1026 2075 1155 2129 α’κρην
1180 2080 1322 2129 pendet
1341 2091 1364 2116 a
1384 2078 1498 2117 verbo

833 2129 1048 2185 οἷνέχοντα,
1090 2135 1148 2172 cui
1178 2136 1406 2173 transitivam
1438 2135 1498 2172 hic

831 2190 972 2229 Noster
992 2192 1119 2230 tribuit
1145 2193 1347 2231 notionem.
1407 2191 1497 2229 Pro-

831 2249 988 2286 minendz'
1023 2249 1177 2286 notione
1212 2249 1311 2287 idem
1346 2249 1498 2287 verbum

833 2305 924 2354 Vll,
951 2308 1030 2347 123
1056 2305 1134 2343 coll,
1155 2306 1220 2352 lV,
1244 2309 1337 2347 177.
1385 2306 1499 2351 Quod

831 2375 917 2399 vero
944 2376 1012 2413 pro
1045 2361 1086 2410 ἐς
1114 2359 1185 2402 τόν
1218 2358 1372 2402 πόντον
1411 2362 1498 2400 olim

832 2420 914 2468 quis
944 2419 1060 2456 voluit
1097 2417 1136 2466 ἐς
1169 2414 1289 2459 νότον
1333 2420 1400 2468 (in
1431 2432 1498 2456 au-

831 2477 983 2525 strum),
1013 2477 1144 2514 merito
1161 2478 1371 2527 repudiavit
1388 2477 1497 2514 Wes-

831 2532 959 2583 seling.
977 2534 1092 2571 citans
1116 2533 1180 2581 lV,
1202 2536 1280 2574 177
1303 2539 1339 2572 et
1358 2533 1404 2579 ΙΙ,
1431 2535 1496 2574 99.

830 2590 912 2628 Nec
934 2591 1051 2640 magis
1081 2603 1173 2640 opus
1204 2604 1272 2640 pro
1298 2587 1363 2629 τὸν
1387 2590 1496 2635 (ante

830 2643 910 2686 οἷπὸ
934 2649 1131 2698 Θορικοῦ)
1157 2647 1337 2695 refingere
1361 2642 1405 2683 τό
1433 2650 1496 2681 aut

830 2706 922 2743 τῶν,
963 2704 1134 2753 Namque
1155 2716 1176 2741 e
1193 2702 1322 2739 Nostri
1340 2702 1495 2751 scripto-

829 2762 877 2798 ris
912 2761 1098 2799 sententia
1130 2759 1328 2797 Suniacum
1370 2759 1496 2806 iugum

828 2819 924 2854 inter
963 2818 1105 2854 Atticae
1144 2827 1260 2864 pagos
1302 2814 1497 2852 Thai-icum

1136 2873 1220 2913 30*
