1863 3256
410 263 1102 303 MELPOMENE.1V.
1306 272 1389 312 577

115 373 239 430 μέχρι
257 378 336 418 τοῦ
353 377 564 432 στόματος
578 377 652 431 τῆς
664 372 855 427 Σύρτιος
870 373 918 416 τό
936 374 1123 428 σίλφιον.
1153 372 1329 428 νόμοισι
1343 379 1388 421 δὲ
1401 386 1445 420 ΞΟ

2 450 69 496 70
120 446 333 503 χρέωνται
362 443 486 492 οὗτοι
515 446 856 502 παραπλησίοισι
883 448 995 487 τοῖσι
1024 442 1221 497 ἑτέροισι.
1269 448 1387 489 Γιλι-
1444 446 1590 511 ζξζῑζζζῑὲιξ
1621 458 1720 511 ξὲζὶῗξ

113 518 320 575 γαμμὲων
370 518 416 562 δὲ
465 519 638 574 ἔχονται
682 517 731 561 τὸ
778 516 889 570 πρὸς
925 513 1106 570 ἑσπέρης
1143 512 1383 571 Ἀσβύσται.
1442 516 1546 542 mum·
1593 503 1602 515 ⁹

115 592 241 634 οὑτοι
276 589 325 633 τὸ
358 588 467 643 ὑπὲρ
499 588 708 645 Κυρήνης
736 588 952 638 οἰκέουσι,
988 586 1057 630 ἐπὶ
1086 584 1317 631 θάλασσαν
1344 588 1390 631 δὲ

115 659 170 704 οὐ
210 658 452 716 κατήκουσι
484 656 844 716 Ἀσβύσται·τό
882 656 966 712 γὰρ
1004 654 1126 710 παρὰ
1156 656 1388 702 θάλασσαν

84 734 366 789 ΞΚυρηναῖοι
392 729 611 786 νέμονται.
657 727 1003 785 τεθριπποβάται
1034 729 1079 772 δὲ
1108 727 1191 774 οὐκ
1219 729 1444 787 ἥκιστα,25

54 927 198 973 Quibus
233 929 363 968 iisdem
383 929 615 968 monentibus
633 928 723 967 haec

54 985 186 1036 planta
234 998 257 1024 a
300 987 515 1024 centurione
561 987 721 1035 quodam

53 1041 175 1091 Anglo
197 1042 331 1092 Smyth
364 1056 461 1080 nunc
492 1043 528 1080 in
549 1041 721 1092 Angliam

52 1097 229 1136 translata
257 1100 471 1150 optimeque
506 1104 652 1136 servata
683 1099 720 1136 in

53 1156 207 1204 regione
240 1155 471 1194 Devonshire
509 1157 638 1202 floret3
677 1159 719 1193 ut

53 1224 145 1249 sane
181 1224 266 1262 spes
303 1212 503 1261 affulgeat,
539 1213 640 1259 fore,
679 1216 719 1250 ut

52 1269 202 1306 tandem
221 1270 424 1307 accuratius
442 1270 490 1306 de
503 1269 571 1305 hac
591 1269 719 1319 planta

53 1325 204 1374 eiusque
228 1331 362 1363 natura
383 1326 613 1363 edoceamur.

110 1379 222 1433 μέχρι
268 1384 345 1420 τοῦ
395 1377 590 1432 στόματος
644 1383 717 1431 τῆς

52 1434 242 1489 Σύρτιος]
286 1437 402 1475 Unam
434 1439 545 1475 modo
575 1438 717 1489 Syrtim

50 1495 245 1533 Herodoto
302 1495 508 1533 innotuisse
560 1508 716 1545 eamque

51 1553 216 1588 minorem
274 1553 488 1602 pronuntiat
535 1552 716 1590 Niebuhr.

51 1607 281 1646 Vermischte
303 1609 452 1645 Schrist.
478 1608 492 1645 1
515 1621 599 1659 pag.
623 1610 714 1649 147.

54 1663 161 1712 148,
197 1664 276 1702 coll.
310 1664 353 1702 L.
384 1665 511 1702 Marco
546 1665 592 1701 ad
624 1665 716 1702 Plin.

51 1720 101 1757 H.
120 1720 170 1758 N.
190 1721 244 1768 V,
271 1719 298 1760 4
323 1735 360 1772 p.
394 1724 486 1762 163.
546 1721 656 1765 Quod
678 1725 717 1758 ut

51 1776 132 1814 aliis
154 1777 337 1815 Herodoti
353 1777 440 1815 locis
462 1777 508 1825 ΙΙ,
531 1780 598 1819 32.
622 1778 715 1819 150,

50 1833 114 1878 lv,
146 1835 225 1874 173
247 1833 372 1872 valere
401 1835 523 1881 dicas3
567 1834 634 1873 hoc
658 1840 716 1873 ta-

49 1903 134 1928 men
155 1890 234 1928 loco
263 1891 294 1927 si
319 1893 484 1928 minorem
511 1890 715 1941 intelligere

48 1945 138 1984 velis
156 1946 314 1996 Syrtim,
351 1952 520 1986 accurata
543 1961 629 1986 orae
647 1949 715 1985 hu-

49 2003 105 2040 ius
153 2003 283 2041 notitia
327 2004 504 2042 Nostrum
554 2006 714 2043 caruisse

50 2062 188 2097 statuas
205 2073 357 2099 necesse
378 2062 457 2099 erit.
489 2062 614 2106 Quare
634 2062 715 2112 ple-

49 2128 184 2165 rosque
211 2117 318 2154 video
346 2119 476 2156 merito
511 2118 569 2156 hic
603 2121 714 2157 maio-

48 2184 120 2210 rem
140 2172 358 2212 intellexisse
380 2174 531 2225 Syrtim.

234 2263 267 2301 C
279 2277 300 2302 a
308 2277 347 2315 p.
379 2263 530 2303 CLXX.

104 2336 343 2393 Ἀσβύσται]
395 2343 438 2381 In
469 2343 538 2382 hoc
564 2357 713 2394 quoque

49 2399 225 2437 vocabulo
246 2400 444 2438 admodum
462 2401 604 2438 variant
624 2403 712 2439 scri-

50 2455 105 2505 pti
120 2455 212 2493 libri.
242 2457 562 2495 Commemoratur
580 2471 672 2507 gens
692 2471 714 2496 a

51 2511 180 2562 Steph.
201 2512 291 2562 Byz.
313 2526 340 2550 s.
363 2527 394 2552 v.
417 2527 502 2564 pag.
528 2517 618 2555 176.
639 2514 715 2563 Ly-

52 2568 176 2618 cophr.
193 2567 388 2608 Alexandr.
417 2571 511 2613 895.
558 2571 714 2621 Dionys.

51 2623 197 2672 Perieg.
217 2627 297 2667 211
317 2627 398 2672 (ubi
411 2629 505 2665 conf.
514 2627 712 2676 Eustath.).

52 2679 148 2718 Plin.
166 2680 215 2717 H.
227 2680 275 2719 N.
288 2683 334 2729 V,
355 2684 393 2724 5.
425 2682 522 2722 Add.
535 2684 713 2723 Schlicht-

52 2736 168 2774 horst.
188 2736 211 2773 l.
232 2736 256 2775 l.
288 2751 326 2788 p.
351 2742 429 2780 129
451 2753 529 2790 seq.
571 2741 715 2791 Thrige

52 2794 76 2830 l.
96 2792 119 2830 l.
144 2805 230 2843 pag.
259 2792 350 2835 148.
409 2796 580 2834 Tenebat
621 2811 714 2863 gens

52 2847 134 2886 loca
169 2849 343 2887 interiora
377 2863 399 2888 a
427 2853 572 2902 Cyrene
599 2855 714 2892 meri-

53 2906 151 2944 diem
170 2918 294 2943 versus
315 2910 352 2944 et
371 2919 393 2944 a
415 2907 644 2958 Giligammis
666 2911 713 2948 ab

109 2962 322 3000 Hnnonom.
362 2964 408 3001 ΙΙ.

780 941 923 967 occasu.
965 928 1046 967 Hoc
1074 930 1168 967 enim
1194 942 1213 967 e
1237 942 1341 979 seqq
1363 943 1444 969 ver-

780 985 835 1023 bis
854 990 980 1036 patet:
1022 979 1136 1025 οὗτοι
1164 1001 1206 1025 το
1234 984 1336 1038 υπὲρ
1360 990 1442 1026 Κυ-

779 1037 908 1093 ρήνης
936 1040 1133 1091 οἰκέουσι,
1185 1043 1247 1080 ubi
1280 1057 1360 1081 cum
1382 1057 1440 1082 re-

778 1103 887 1137 centt.
918 1100 1005 1136 edd.
1035 1100 1280 1137 revocavimus
1303 1115 1345 1140 το
1372 1114 1441 1151 pro

775 1170 848 1194 τοι.
883 1156 924 1192 In
954 1155 1142 1206 plerisque
1160 1157 1268 1194 codd.
1288 1170 1357 1196 nec
1377 1172 1438 1197 τοι

775 1225 844 1250 nec
868 1208 912 1252 τό
928 1213 1121 1252 invenitur.

831 1266 1168 1320 τεθριπποβάται]
1202 1269 1267 1306 i.e.
1290 1270 1441 1318 quadri-

775 1325 830 1374 gis
860 1326 1015 1363 maxime
1053 1330 1203 1363 utuntur
1233 1326 1349 1375 iisque
1379 1338 1438 1364 re-

774 1382 908 1431 gundis
943 1382 1039 1419 inter
1057 1382 1197 1431 Libyae
1221 1387 1351 1430 gentes
1376 1395 1439 1420 ex-

773 1437 918 1476 cellunt.
962 1439 1018 1476 Cf.
1040 1438 1102 1484 lV,
1128 1440 1219 1478 183.
1243 1441 1335 1480 193.
1383 1437 1438 1476 Ac

774 1495 864 1533 satis
894 1499 1039 1533 constat
1056 1494 1254 1545 multisque
1272 1498 1437 1533 veterum

772 1552 988 1602 scriptorum
1010 1551 1190 1603 probatur
1206 1552 1438 1599 testimoniis,

772 1613 934 1646 veterem
958 1610 1129 1657 Cyrenen
1154 1609 1258 1657 equis
1282 1612 1360 1646 tum
1389 1609 1438 1646 ad

773 1664 868 1703 bella
902 1669 981 1702 tum
1009 1666 1057 1702 ad
1084 1665 1284 1702 certamina
1307 1664 1435 1702 ludos-

772 1734 844 1771 que
873 1722 1037 1772 publicos
1076 1721 1249 1758 adhibitis
1281 1722 1436 1759 maxime

771 1778 993 1816 inclaruisse.
1061 1777 1159 1815 Hinc
1205 1778 1438 1828 praedicatur

773 1831 965 1883 εὖιππος,
1004 1829 1241 1885 ἷππόβοτος,
1282 1834 1436 1884 aliisque

772 1892 902 1930 eodem
967 1892 1217 1941 spectantibus
1287 1898 1437 1928 ornatur

772 1948 1074 1998 cognominibus,
1104 1948 1152 1986 de
1175 1948 1305 1997 quibus
1331 1947 1434 1997 plura

770 2005 935 2043 Boeckh.
966 2005 1016 2042 ad
1043 2005 1149 2043 Pind.
1182 2005 1289 2054 Pyth.
1320 2004 1372 2041 lV
1396 2018 1432 2055 p.

771 2064 867 2103 268.
908 2062 1050 2110 Thrige
1068 2061 1090 2099 l.
1114 2061 1136 2098 l.
1164 2075 1202 2112 p.
1223 2064 1318 2103 228.
1348 2063 1429 2102 271

771 2131 875 2169 seqq.
895 2118 976 2156 coll.
994 2119 1179 2156 Mannert.
1198 2119 1244 2165 X,
1265 2121 1291 2158 2
1310 2131 1347 2168 p.
1366 2117 1431 2157 58.

770 2176 870 2220 Quin
902 2176 989 2226 ipsis
1020 2176 1057 2213 in
1084 2175 1202 2212 numis
1233 2175 1432 2223 Cyrenaeis

770 2236 855 2269 sunt
884 2232 1106 2282 quadrigae,
1157 2235 1251 2270 teste
1281 2231 1431 2269 Eckhel.

769 2288 817 2327 D.
834 2287 882 2326 N.
904 2288 1014 2326 Tom.
1036 2288 1088 2325 lv
1105 2301 1142 2338 p.
1166 2290 1247 2329 120
1263 2301 1364 2337 seq.,
1397 2292 1434 2325 et

769 2344 953 2395 hodieque
977 2346 1110 2382 robore
1131 2345 1293 2393 insignes
1315 2357 1431 2393 equos

770 2401 808 2439 in
834 2401 890 2438 his
924 2402 1134 2451 regionibus
1171 2401 1220 2438 ali
1247 2402 1430 2440 docemur.

771 2458 880 2495 Conf.
924 2458 1034 2496 Pach.
1073 2458 1227 2507 Voyage
1265 2458 1358 2495 dans
1396 2457 1431 2495 la

771 2513 947 2552 Marmar.
970 2519 1038 2553 etc.
1062 2527 1148 2566 pag.
1171 2515 1265 2556 241.
1325 2515 1433 2559 Quae

770 2572 832 2620 qui
851 2572 1073 2623 respexerit,
1111 2572 1141 2608 is
1162 2584 1252 2609 sane
1269 2583 1342 2608 non
1366 2571 1432 2607 mi-

769 2628 927 2676 rabitur,
958 2629 1060 2679 quod
1077 2631 1183 2666 tanta
1207 2640 1288 2665 cum
1306 2627 1431 2664 soller-

767 2684 819 2721 tia
866 2684 1008 2723 Noster
1054 2688 1222 2730 enarrat,
1283 2683 1431 2732 quinam

772 2741 867 2779 inter
901 2741 1041 2791 Libyes
1077 2741 1242 2790 Cyrenes
1292 2738 1430 2775 accolas

772 2802 851 2835 arte
872 2799 1034 2848 equestri
1056 2801 1168 2846 atque
1192 2794 1304 2832 curuli
1325 2806 1432 2859 prae-

772 2858 882 2891 stent.
911 2875 967 2881 -
1005 2853 1065 2890 Ad
1101 2852 1318 2888 locutionem
1361 2844 1433 2900 ούχ

771 2906 914 2960 ἣκιστα
935 2905 1035 2948 ἄλλα
1055 2904 1224 3004 μάλιὲτγα
1240 2907 1283 2944 cf.
1306 2905 1353 2952 ΙΙ,
1365 2904 1432 2948 43.
