1863 3256
395 210 480 250 238
792 210 1258 248 IIERODOTI

393 335 502 372 των,
541 317 786 375 οἷνελὲγετο,
833 322 908 364 καί
948 321 991 364 οἱ
1029 323 1172 376 χρῆμα
1211 317 1375 363 πολλόν
1414 334 1454 360 τι
1497 322 1664 374 χρυσοῦ

394 390 643 446 συνελέχθη.
1676 396 1722 430 50

233 468 328 512 131
500 461 549 505 ‘O
575 462 620 504 δὲ
641 461 904 517 Δημοκήδης
934 459 1089 513 οὗτος,
1121 455 1204 504 ὦδε
1234 461 1282 504 ἐκ
1305 459 1539 515 Κρότωνος
1570 459 1666 503 ἁπι-

62 567 91 594 Μ
120 566 336 601 ‹mapussamz
393 533 570 588 γμὲνος,
618 533 888 586 Πολυκράτεϊ
928 532 1126 588 ὡμίλησε.
1184 532 1313 586 πατρὶ
1352 533 1569 586 συνείχετο
1619 532 1666 574 ἐν

63 601 232 667 {ssffifflsslaffi
247 600 338 668 „2²:¹22
396 602 618 656 Κρότωνι,
660 601 798 657 ὀργὴν
826 607 1016 659 χαλεπῷ·
1063 606 1223 646 τοῦτον
1253 602 1342 646 ἐπεί
1371 619 1414 645 τε
1445 602 1527 646 οὐκ
1557 601 1665 646 ἐδύ-

64 669 340 736 ῗῖζ’ἷ’ρ’ἷῖᾏῐὲἶ.ἶῖ,,.ξῗ
371 681 505 717 Ξνατο
544 672 712 728 φέρειν,
760 671 988 717 ἀπολιπών
1028 676 1166 730 οἴχετο
1201 673 1243 725 ἐς
1277 675 1476 728 Αἴγιναν.
1537 690 1665 716 κατα-

64 735 338 804 ῗῑῖἷζζῑ”““““““’“”
398 744 501 795 στάς
546 744 591 786 ὁὲ
635 744 678 794 ἐς
716 743 903 800 ταύτην,
955 750 1016 803 τῷ
1054 744 1210 800 πρώτῳ
1250 743 1333 786 ἔτεϊ
1376 743 1722 799 ὑπερεβάλετοὸἳ

399 815 502 865 τούς
531 812 732 868 πρώτους
763 814 959 871 ἰητρούς,
997 815 1183 872 ἀσκευής
1211 830 1288 868 περ
1321 814 1421 861 ἐών,
1455 815 1527 857 καὶ
1559 814 1667 870 ἔχων

371 885 533 930 Βούδὲν
562 889 650 928 τῶν
682 885 764 928 ὅσα
792 886 890 940 περὶ
920 886 999 942 τήν
1028 886 1179 942 τέχνην
1210 886 1296 928 ἐστὶ
1327 883 1546 941 ἐργαλήϊα.
1594 886 1668 928 καί

400 973 475 1014 μιν
511 956 698 1013 δευτέρῳ
742 955 826 999 ἔτεϊ
866 957 1082 1000 ταλάντου
1112 958 1341 1013 Αἰγινῆται
1379 957 1565 1012 δημοσίῃ
1601 973 1667 1011 μι-

401 1032 634 1072 σθεῦνται·
681 1029 810 1085 τρίτῳ
852 1027 897 1071 δὲ
934 1028 1019 1072 ἔτεϊ
1044 1026 1284 1085 Ἀθηναῖοι,
1325 1026 1479 1071 ἑκατὸν
1507 1027 1667 1082 μνέων·

65 532 237 560 nemocmna
267 536 337 560 ante

344 1213 383 1246 et
406 1207 528 1244 valore
549 1210 690 1244 veteres
717 1206 854 1244 faciunt
879 1219 1007 1244 aureos
1065 1218 1144 1243 esse
1162 1205 1238 1242 iure
1258 1204 1365 1241 nobis
1386 1217 1529 1243 sumere
1545 1219 1655 1256 posse
1672 1207 1727 1243 vi-

345 1265 530 1309 Persieos,
563 1264 639 1300 sive
666 1267 842 1311 stateres,
874 1276 903 1300 s.
931 1263 1009 1300 Da·
1065 1262 1211 1309 demur)
1239 1261 1405 1297 conficiet
1431 1260 1535 1303 1447
1557 1263 1725 1313 imperia-

342 1322 459 1367 ricos,
499 1333 653 1369 quorum
689 1319 806 1357 adhuc
845 1319 1008 1357 nonnulli
1065 1317 1117 1355 les
1141 1314 1340 1370 (Saxonn.)
1372 1321 1407 1355 et
1436 1320 1484 1358 16
1506 1319 1633 1356 Gross.
1658 1320 1728 1356 Sa-

345 1381 559 1427 supersunt,
591 1376 667 1413 auri
701 1377 884 1426 probitate
922 1376 1009 1412 insi-
1065 1387 1187 1421 xonn.‚
1220 1387 1247 1410 s.
1279 1373 1389 1414 2605
1409 1376 1535 1412 floren.
1568 1375 1621 1416 50
1648 1389 1728 1412 cru-

347 1447 450 1483 gnes.
528 1433 584 1470 lta
616 1433 756 1470 Wurm.
791 1433 838 1470 de
866 1432 1005 1483 pondd.
1065 1432 1182 1479 cigg.;
1211 1434 1355 1467 centum
1379 1431 1498 1469 minae
1520 1432 1729 1481 aequabunt

348 1496 417 1528 etc.
440 1494 507 1527 rat.
530 1502 617 1540 pag.
636 1489 702 1529 57.
723 1489 786 1528 58.
1067 1487 1179 1527 2412
1201 1486 1404 1536 imperiales
1438 1490 1486 1527 19
1507 1488 1635 1525 Gross.
1658 1488 1728 1524 Sa-

374 1583 377 1587 ,
524 1546 632 1595 Cap.
664 1544 832 1582 CXXXI.
1067 1557 1178 1581 xonn.
1205 1541 1314 1582 4343
1336 1544 1487 1580 florenn.
1510 1546 1534 1583 3
1556 1545 1729 1594 crucigg.,

407 1599 1010 1653 Πολυκράτεϊῶμίλησε]ΒθΡο-
1068 1605 1106 1638 et
1136 1600 1209 1636 duo
1235 1598 1373 1636 talenta
1398 1601 1507 1641 2895
1536 1601 1679 1651 imperr.
1702 1602 1728 1640 9

347 1659 497 1708 lycrate,
519 1661 660 1709 poetaS,
692 1658 863 1703 artifices,
883 1657 1009 1693 doctos
1068 1657 1195 1693 Gross.
1218 1656 1395 1701 Saxona,
1425 1657 1534 1698 5211
1556 1658 1654 1694 ssorr.
1675 1658 1728 1698 39

347 1717 464 1761 viros,
504 1720 544 1752 ut
580 1727 658 1752 mos
687 1715 753 1751 fuit
787 1714 1010 1750 Graecorum
1067 1713 1227 1761 erucigg.
1268 1712 1322 1748 lta
1342 1712 1526 1749 Wurmius
1549 1714 1595 1751 de
1613 1713 1727 1763 pond.

349 1776 608 1822 tyrannorum,
639 1770 782 1808 colente
815 1775 853 1808 et
883 1770 1009 1806 obser-
1067 1774 1135 1807 rat.
1158 1783 1193 1819 p.
1219 1768 1271 1809 55
1291 1781 1348 1817 sq.
1374 1771 1455 1810 208
1473 1782 1528 1818 sq.
1594 1769 1644 1806 At
1667 1782 1730 1807 ex-

347 1833 480 1874 vante,
510 1829 605 1865 conf.
626 1832 718 1864 nott.
747 1827 794 1864 ad
826 1826 889 1873 Ill,
922 1828 1012 1867 121.
1070 1826 1161 1863 stitit
1183 1824 1382 1871 Valcken„
1412 1826 1473 1874 qui
1498 1830 1539 1862 ut
1559 1824 1730 1875 Polycra-

348 1885 406 1923 De
435 1884 646 1922 Democede
674 1884 718 1921 cf.
747 1884 796 1920 ad
825 1883 898 1929 111,
934 1885 1012 1924 129
1069 1887 1145 1920 tem
1166 1894 1239 1918 non
1264 1882 1414 1918 miratur
1432 1882 1479 1919 de
1503 1882 1597 1919 male
1614 1894 1730 1931 quae-

348 1945 441 1979 nott.
1071 1939 1148 1976 sitis
1183 1937 1277 1974 adeo
1307 1938 1512 1974 munificum
1542 1939 1655 1976 tuisse
1693 1939 1731 1975 in

405 1996 525 2047 πατρὶ
565 1995 762 2046 συνείχετο
801 2017 852 2022 --
888 1989 1013 2046 ὀργήν
1069 1995 1211 2032 medico
1238 1995 1517 2040 remunerando,
1543 1995 1593 2032 ita
1618 1993 1733 2043 Aegi-

348 2052 516 2107 χαλεπῷ]
546 2054 568 2090 i.
593 2066 623 2091 e.
644 2052 892 2104 premebatur,
922 2050 1014 2088 male
1070 2056 1235 2089 netarum
1267 2055 1379 2099 atque
1418 2050 1522 2087 istius
1559 2052 1731 2101 temporis

348 2112 573 2148 tractabatur
606 2122 628 2146 a
662 2113 791 2159 patre,
830 2108 892 2157 qui
923 2109 1014 2144 dura
1071 2108 1343 2145 Atheniensium
1382 2108 1537 2144 maxime
1584 2109 1733 2144 miratur

350 2173 430 2204 erat
447 2167 568 2204 indole
587 2180 615 2204 s.
636 2166 823 2202 iracunda.
870 2164 928 2201 Ad
947 2177 1012 2199 vo-
1070 2169 1211 2202 tantam
1241 2163 1545 2212 munificentiam,
1573 2164 1732 2212 indeque

351 2236 428 2260 cem
479 2219 600 2275 ὀργὴν
651 2222 806 2259 conferri
847 2224 1013 2271 possunt,
1060 2221 1295 2271 suspicatur,
1343 2233 1518 2257 summam
1556 2220 1732 2270 pecuniae

351 2292 446 2328 quae
470 2280 518 2316 ad
540 2280 566 2325 l,
587 2280 640 2319 73
663 2279 927 2328 adscripsimus.
1071 2278 1128 2314 hic
1151 2277 1197 2313 ab
1219 2276 1411 2313 Herodoto
1440 2276 1544 2312 nimis
1573 2275 1729 2326 amplifl-

409 2336 580 2387 δημοσίῃ
603 2334 853 2385 μισθεῦνται]
870 2334 927 2371 De
941 2334 1015 2370 sor·
1071 2339 1188 2371 catam
1206 2333 1327 2378 fuisso,
1339 2333 1522 2381 quoniam,
1543 2333 1626 2368 dum
1641 2344 1730 2382 opes

352 2405 411 2429 ma
437 2392 536 2428 verbi
567 2396 678 2441 μισθ.
709 2392 755 2428 cf.
786 2390 917 2427 Matth.
946 2390 1012 2426 Gr.
1072 2390 1342 2427 Atheniensium
1370 2389 1522 2425 maxime
1545 2390 1732 2435 florerent,

354 2449 420 2484 Gr.
448 2461 533 2498 pag.
558 2450 651 2488 516.
711 2448 768 2484 Ad
801 2459 876 2483 rem
906 2446 1015 2483 Wcs-
1071 2446 1201 2494 legatis
1225 2446 1259 2481 in
1285 2445 1393 2489 diem,
1425 2450 1520 2482 teste
1545 2444 1730 2494 Aristoph.

353 2504 481 2552 seling.
505 2517 525 2541 e
543 2504 726 2540 Strabone
747 2502 795 2539 lV
818 2516 854 2552 p.
876 2504 956 2541 273
984 2515 1012 2538 s.
1071 2502 1226 2538 Acharn.
1259 2502 1312 2540 66
1342 2501 1434 2537 «luae
1461 2502 1570 2537 datae
1599 2501 1733 2538 suerint

358 2563 434 2601 181
457 2561 499 2597 C.
529 2560 610 2607 (ubi
632 2560 713 2596 vide
737 2559 1015 2603 Casaubonum)
1072 2557 1288 2602 drachmae,
1323 2555 1442 2607 (quod
1465 2570 1510 2594 ne
1540 2557 1731 2595 duodecim

354 2621 479 2663 notat,
525 2617 684 2653 medicos
737 2615 821 2651 olim
870 2613 1012 2664 publice
1072 2614 1216 2663 quidem
1231 2614 1510 2661 grossosesficit,
1533 2626 1562 2650 s.
1583 2615 1732 2655 52cru·

355 2674 467 2710 fuisse
486 2673 694 2709 conductos.
727 2672 889 2707 Graecos
909 2683 1013 2707 num·
1071 2672 1238 2718 cigcros)
1303 2675 1341 2707 et
1381 2670 1529 2707 medicis
1566 2670 1624 2706 vix
1661 2669 1734 2706 ulla

355 2742 446 2775 mOS,
459 2731 487 2766 si
507 2730 553 2766 ad
571 2732 730 2765 nostram
753 2732 935 2764 monetam
957 2740 1015 2764 re·
1071 2731 1145 2763 tum
1174 2726 1316 2777 publice
1344 2727 1432 2763 data
1452 2726 1560 2764 suerit
1582 2738 1733 2772 merces,

356 2786 509 2832 vocaris,
530 2798 639 2822 unum
659 2787 831 2822 talentum
845 2784 1014 2829 Atticum,
1073 2783 1150 2820 coll.
1178 2783 1360 2833 Aristoph.
1389 2782 1485 2820 l‘lut.
1517 2784 1612 2824 408.
1683 2781 1733 2818 Et

359 2843 479 2892 (quod
499 2842 556 2880 hie
575 2842 722 2891 quidem
739 2840 1014 2889 intelligendum
1073 2840 1216 2890 quaerit
1255 2839 1352 2877 idem
1387 2839 1589 2886 Valcken.,
1638 2839 1734 2876 unde
