1863 3256
434 146 518 186 484

278 256 375 300 110

117 321 360 348 Sauromatarum

105 356 207 389 origo:
255 356 377 382 Amazo-

834 145 1311 185 HERODOTI

546 256 872 312 Σαυροματέων
897 255 941 297 δὲ
966 254 1064 308 πέρι
1089 249 1172 297 ὦδε
1202 252 1378 308 λέγεται.
1425 254 1526 298 ’Ότε
1542 256 1692 313 Ἕλλη-

433 340 503 376 νες
528 324 727 382 Ἀμαζόσι
756 323 1035 381 ἐμαχέσαντο,
1067 323 1157 374 (τὰς
1175 323 1221 366 δὲ
1238 322 1469 380 Ἀμαζόνας
1487 326 1693 370 καλέουσι

599 479 706 527 Cap.
739 477 817 513 CX.

438 531 750 584 Σαυροματέων]
780 533 838 569 De
868 532 922 568 his
946 533 1037 569 dixi-

381 603 459 628 mus
492 591 539 625 ad
564 590 608 625 lv
624 618 635 634 ‚
664 591 730 628 21.
767 588 826 625 Tu
844 590 937 625 cons.
956 602 1034 625 cum

380 646 602 683 llerodotcis
625 645 771 681 Diodor.
789 644 897 681 Sicul.
918 645 960 690 ll,
981 646 1034 685 43

382 707 418 739 et
455 700 620 737 Eustath.
655 701 703 738 ad
730 700 882 750 Dionys.
912 701 1036 738 Perie-

379 761 453 805 get.
475 757 568 797 653.

436 809 506 858 τας
536 808 578 849 ὁὲ
604 806 823 862 Ἀμαζόνας
855 810 1039 850 καλέουσι,

381 868 421 907 οἵ
448 864 612 905 Σκύθαι
643 863 866 918 Οἰόρπατα]
898 868 1040 904 Articu-

379 925 451 961 lum
479 923 520 962 οἷ
539 937 619 961 cum
643 923 845 972 Schweigh.
867 928 902 961 et
921 924 1038 961 Gaiss.

379 981 525 1017 inserui.
549 977 752 1030 Οἰόρπατα
762 980 928 1017 meliores
940 980 1039 1025 libri3

378 1036 507 1085 reliqui
534 1032 753 1086 Αἰόρπατα.
791 1037 874 1080 Qua
892 1037 929 1073 in
949 1049 1038 1073 voce

379 1094 537 1143 priorem
566 1098 707 1142 partem
745 1092 840 1142 Οἰορ
870 1093 918 1128 ad
936 1091 1039 1128 Lati-

380 1162 509 1186 norum
538 1151 593 1185 vir
614 1149 788 1186 accedere
811 1152 935 1185 monet
957 1148 1039 1185 Rit-

380 1209 450 1242 ter.
477 1204 637 1242 Vorhall.
672 1217 757 1255 pag.
791 1207 872 1245 318
903 1203 960 1241 vel
989 1204 1038 1240 ad

381 1262 664 1298 Sanscridanum
676 1261 786 1308 virola,
807 1260 830 1297 i.
845 1274 875 1298 e.
894 1260 1039 1307 heroem,

381 1319 505 1354 virum.
564 1318 759 1355 wachtero
806 1321 953 1354 auctore
1000 1317 1038 1352 in

382 1374 502 1410 Praef.
519 1373 640 1410 Gloss.
663 1372 700 1423 ἓ.
723 1376 774 1413 12
795 1372 873 1423 Αἴρ
893 1373 1039 1421 Scythis

381 1430 514 1466 dieitur
542 1432 609 1466 vir.
668 1430 725 1467 De
759 1442 831 1478 quo
869 1429 1039 1477 equidem

381 1498 455 1521 non
485 1485 699 1523 discernam.
738 1486 765 1521 I.
788 1486 834 1523 de
854 1485 1040 1521 Hammer.

382 1542 420 1578 in
442 1541 583 1578 Annali.
603 1542 817 1578 Viennenss.
842 1540 892 1577 IX
915 1554 951 1590 p.
973 1542 1040 1586 39,

382 1601 536 1634 notante
559 1596 648 1643 Cin,
684 1597 831 1644 statuit,
867 1597 985 1633 adhuc
1003 1597 1040 1632 in

335 1655 338 1659 “
382 1653 506 1701 lingua
533 1653 724 1690 Tartarica
745 1652 803 1689 Er
835 1653 1040 1701 significare

381 1711 507 1745 vinnm.
540 1706 580 1745 ln
600 1722 703 1758 seqq.
725 1705 891 1748 δύναται
910 1710 1041 1746 eodem

382 1779 504 1812 sensu,
534 1779 607 1814 quo
627 1766 672 1812 ΙΙ,
697 1768 762 1806 30.
799 1764 858 1802 Ad
874 1759 1041 1803 Ἑλλάδα

382 1823 479 1859 conf.
500 1822 563 1867 IV,
589 1823 642 1862 78
666 1827 704 1860 et
724 1822 771 1860 de
793 1822 1043 1858 Thermodonte

381 1883 477 1915 nott.
509 1879 557 1914 ad
577 1877 646 1925 lV,
681 1880 746 1919 86.
783 1878 841 1915 Ad
862 1878 1043 1915 Thermo-

381 1935 533 1971 dontem
567 1935 662 1971 enim
693 1947 810 1983 aeque
833 1948 875 1972 ac
897 1934 1042 1971 Tanain

384 1990 613 2027 Amazonum
655 1992 762 2029 sedes
798 2003 820 2027 a
845 1989 1041 2028 ‘veteribus

383 2047 576 2093 constitui,
620 2051 706 2097 post
743 2046 951 2086 Tzschuck.
993 2047 1043 2083 ad

381 2102 470 2140 Mel.
496 2103 524 2148 1,
550 2105 599 2143 19
628 2108 720 2140 nott.
748 2116 876 2152 exegg.
900 2117 936 2153 p.
961 2105 1041 2144 603

383 2171 462 2207 seq.
493 2159 590 2205 (Vol.
613 2158 663 2196 ΙΙΙ
680 2160 721 2197 Ρ.
743 2158 777 2210 Ι)
807 2160 900 2197 bene
919 2163 1044 2197 monet

383 2215 552 2251 Viilcker.
584 2215 702 2263 Myth.
721 2215 859 2264 Geogr.
874 2216 889 2252 l
904 2229 940 2266 p.
960 2217 1042 2256 209

384 2271 431 2307 de
461 2269 730 2317 Amazonibus,
760 2273 822 2321 qni
855 2277 979 2308 nostra
1006 2275 1043 2309 et

384 2330 527 2376 patrum
581 2328 755 2364 memoria
808 2328 1044 2365 disseruerint

386 2382 482 2418 haud
506 2383 635 2431 pauci,
675 2396 737 2420 eos
767 2385 928 2420 excitans
956 2396 1043 2434 pag.

385 2439 467 2478 216
489 2450 593 2486 seqq.
615 2442 690 2476 not.
703 2439 796 2479 533.
829 2440 902 2482 Qui
922 2443 1043 2476 ternas

386 2494 532 2530 omnino
545 2494 753 2531 Amazones
769 2495 942 2543 distingui
956 2495 1043 2540 vult,

385 2550 480 2587 inter
502 2562 591 2598 quas
612 2551 727 2599 primo
745 2550 822 2588 loco
845 2551 948 2600 ponit
968 2563 1044 2597 eas,

387 2618 482 2653 quae
502 2606 547 2643 ab
565 2606 780 2653 Herodoto,
811 2607 887 2643 aliis
907 2619 1043 2643 memo-

387 2667 513 2698 rantur
537 2662 729 2711 Scythicae
758 2675 786 2699 s.
817 2663 1045 2699 Sauromati-

385 2729 448 2754 cae
462 2746 471 2763 ‚
502 2730 596 2767 qnae
626 2722 662 2755 et
683 2719 785 2769 ipsae
806 2719 915 2756 ternis
937 2732 1042 2769 repc-

385 2774 523 2811 riantur
537 2774 636 2821 locis,
657 2775 704 2812 ad
722 2774 892 2826 paludem
914 2774 1043 2813 Maeo-

1094 477 1230 524 tidem,
1278 478 1338 516 ubi
1371 479 1610 517 Sauromatae
1647 478 1750 516 habi-

1094 539 1192 583 tent,
1233 534 1327 571 intra
1366 536 1539 586 Caspium
1572 548 1672 572 mare
1708 547 1750 571 ac

1093 589 1250 627 Pontum
1274 591 1473 638 Euxinum,
1504 592 1564 628 ubi
1596 590 1750 638 Scytha-

1092 659 1171 684 rum
1192 648 1320 694 sedes,
1347 660 1390 684 ac
1406 648 1564 696 denique
1582 648 1630 684 ad
1650 646 1750 684 The-

1093 704 1303 751 miscyram3
1359 705 1456 740 samii
1489 705 1567 753 ipsa
1609 702 1749 739 illarum

1094 758 1132 795 iu
1166 760 1328 807 gentium
1368 760 1541 796 institutis
1576 759 1749 802 sundativ,

1093 826 1336 863 quamquam,
1361 817 1390 851 si
1407 816 1455 852 ad
1477 816 1674 865 principem
1694 815 1751 850 sa-

1095 869 1200 906 bulae
1219 883 1364 907 causam
1383 871 1526 918 regredi
1545 871 1642 917 velis,
1668 882 1748 907 eam

1096 938 1116 962 e
1136 925 1294 962 Palladis
1310 926 1496 963 Minervae
1514 927 1626 963 sacris
1644 939 1750 975 repe-

1095 983 1244 1018 tendam
1266 983 1480 1029 arbitratur,
1510 983 1615 1019 itant
1634 982 1750 1018 Ama-

1096 1038 1248 1074 zonibus
1263 1044 1556 1088 repraesentetur
1568 1039 1650 1084 dea,
1669 1043 1751 1075 tan-

1095 1106 1202 1143 quam
1222 1094 1361 1144 Hippia
1380 1098 1489 1143 atque
1501 1094 1628 1143 Gorgo
1639 1093 1752 1131 Ama-

1095 1163 1281 1199 zonesque
1300 1151 1385 1187 inde
1405 1151 1570 1187 omnibus
1591 1151 1632 1186 iis
1645 1163 1751 1200 repe-

1095 1207 1234 1243 riantur
1257 1206 1363 1253 locis,
1395 1207 1455 1255 qui
1475 1207 1662 1244 Minervae
1679 1205 1753 1243 cul-

1094 1266 1134 1299 tu
1163 1263 1377 1311 insigniores
1408 1263 1684 1312 perhibeantur,
1714 1263 1751 1299 in

1093 1317 1232 1367 Libya,
1261 1318 1454 1366 Argolide,
1482 1319 1657 1365 Boeotia,
1682 1317 1751 1354 At-

1092 1376 1176 1411 tica.
1208 1374 1269 1411 Tu
1289 1376 1384 1411 conf.
1405 1379 1497 1411 nott.
1516 1375 1564 1411 ad
1583 1374 1643 1421 lv,
1670 1375 1750 1415 188

1096 1436 1133 1469 et
1163 1431 1206 1467 C.
1230 1431 1277 1467 O.
1300 1430 1442 1468 Miiller.
1468 1431 1685 1468 Orchomen.
1712 1443 1751 1481 p.

1096 1486 1192 1527 357.
1229 1486 1282 1523 Ae
1301 1499 1390 1524 sane
1412 1487 1559 1534 longum
1582 1491 1658 1534 est,
1688 1499 1752 1524 ne-

1097 1555 1170 1591 que
1193 1555 1273 1579 cum
1295 1547 1420 1578 nostro
1441 1543 1604 1579 instituto
1622 1555 1753 1579 conve-

1097 1599 1224 1646 niens,
1255 1597 1416 1648 pluribus
1446 1599 1494 1636 de
1522 1598 1591 1635 hac
1617 1597 1754 1643 sabula,

1096 1666 1191 1703 quae
1221 1668 1330 1704 quam
1365 1654 1437 1692 late
1462 1658 1606 1705 pateat,
1647 1666 1754 1692 nemo

1096 1711 1232 1759 nescit,
1270 1711 1470 1756 disserere,
1510 1712 1661 1760 eiusque
1696 1722 1755 1747 ra-

1097 1767 1216 1804 tiones
1254 1768 1514 1805 reconditiores
1556 1767 1754 1804 accuratius

1097 1836 1291 1874 exponere.
1323 1823 1407 1867 Qua
1427 1824 1463 1860 in
1483 1836 1522 1860 re
1536 1825 1689 1860 maxime
1698 1827 1755 1860 te-

1097 1880 1176 1917 neri
1207 1879 1372 1916 volumus
1386 1908 1397 1926 ‚
1449 1893 1544 1929 quae
1583 1880 1755 1918 Creuzer.

1097 1936 1237 1973 monuit
1271 1936 1308 1972 in
1337 1935 1498 1985 Syrnbol.
1528 1935 1561 1972 11
1590 1949 1626 1985 p.
1662 1937 1754 1974 116.

1101 1994 1176 2033 171
1202 2005 1320 2041 seqq.,
1345 1993 1405 2040 qui
1423 1992 1489 2028 toti
1508 1991 1650 2029 fabulae
1670 1991 1756 2028 sub-

1098 2061 1180 2086 esse
1203 2049 1344 2085 censuit
1374 2049 1463 2085 ritus
1488 2048 1666 2097 quosdam
1697 2059 1755 2084 sa-

1099 2117 1180 2141 cros
1203 2105 1365 2153 gentium
1386 2118 1452 2154 per
1471 2104 1592 2141 Asiam
1612 2103 1756 2141 bellico-

1099 2173 1219 2197 sarum
1249 2161 1297 2198 ad
1326 2161 1445 2198 sidera
1463 2160 1567 2197 simul
1588 2173 1630 2197 ac
1649 2172 1756 2209 prae-

1099 2218 1225 2254 sertim
1269 2215 1391 2253 lunam
1435 2220 1662 2266 spectantes,
1715 2219 1755 2251 ut

1100 2272 1330 2318 Amazones,
1369 2273 1406 2308 in
1433 2272 1561 2320 quibus
1585 2271 1755 2319 viraginis

1099 2330 1151 2366 vis
1173 2341 1216 2365 ac
1235 2329 1337 2364 notio
1356 2328 1578 2378 potissimum
1591 2327 1755 2372 eminuit,

1101 2385 1257 2422 eundem
1280 2385 1355 2421 sere
1376 2383 1490 2420 locum
1510 2384 1577 2421 hoc
1600 2384 1635 2420 in
1659 2383 1756 2420 cultu

1100 2440 1271 2477 bellicoso
1304 2440 1504 2477 obtinuisse
1536 2439 1755 2489 perhibean-

1100 2501 1181 2542 tur,
1212 2509 1320 2544 quem
1341 2496 1562 2533 Hier-odulae
1585 2509 1611 2531 s.
1631 2507 1757 2532 sacrae

1099 2552 1247 2588 dearum
1284 2552 1491 2597 ministrae,
1534 2552 1570 2588 in
1605 2551 1757 2588 aliorum

1098 2608 1284 2644 numinum
1310 2621 1376 2658 per
1395 2608 1519 2644 Asiam
1542 2607 1650 2645 cultu.
1680 2607 1758 2645 Sed

1098 2663 1188 2701 haec
1212 2663 1353 2712 longius
1370 2665 1559 2714 persequi,
1589 2677 1612 2701 a
1631 2667 1757 2700 nostro

1098 2719 1269 2765 consilio,
1311 2726 1348 2757 ut
1376 2721 1553 2768 diximus,
1587 2719 1759 2757 alienum.

1097 2774 1178 2814 Nec
1198 2776 1315 2825 magis
1337 2782 1441 2815 vacat
1460 2778 1497 2814 in
1512 2777 1631 2827 ipsum
1647 2776 1758 2813 Ama-
