1863 3256
434 182 520 223 414

820 175 1289 219 HERODOTI

100 295 378 358 :ffffijggbpgreahflffl-
435 289 480 340 ἐς
500 286 526 332 ὃ
544 286 568 332 ὁ
589 287 871 343 Βορυσθένης
890 288 978 330 ἐστὶ
994 284 1288 342 προσπλωτός.
1327 284 1542 337 ἐνθαῦτα,
1570 283 1699 329 ἐπεάν

436 370 516 415 σφι
545 357 751 414 ἀποθάνῃ
782 357 805 401 ὁ
837 357 1061 413 βασιλεύς,
1108 357 1278 412 ὄρυγμα
1317 359 1396 411 γῆς
1431 356 1538 411 μέγα
1568 355 1698 410 ὀρύσ-

405 437 427 470 2
438 441 566 474 σουσι
605 430 894 483 τετράγωνον.

952 427 1127 482 ἑτοῖμον
1171 428 1216 470 δὲ
1253 431 1385 469 τοῦτο
1427 426 1694 481 ποιήσαντες,
1709 433 1754 469 95

434 498 792 555 ἀναλαμβάνουσι
832 496 912 540 τὸν
947 498 1124 552 νεκρὸν,
1169 497 1583 553 κατακεκηρωμένον
1619 498 1699 553 μὲν

431 571 481 613 τὸ
517 574 664 624 σῶμα,
694 567 773 623 τήν
803 567 849 610 δὲ
877 567 1018 623 νηδύν
1047 568 1404 625 ἀνασχισθεῖσαν,
1434 568 1507 610 καὶ
1533 573 1698 622 καθαρ-

432 645 613 689 θεῖσαν,
645 640 782 694 πλέην
810 638 1004 691 κυπέρου
1031 639 1302 694 κεκομμένου
1324 640 1397 682 καὶ
1422 639 1698 695 θυμιήματος

380 787 434 822 sia
465 785 693 823 meridionali
724 786 820 823 inter
838 785 1040 835 Borysthe-

380 854 463 878 nem
491 845 528 879 et
545 841 689 879 Tanain
718 847 755 879 et
775 843 860 879 inde
881 843 928 878 ad
949 841 1041 878 Vol-

379 910 466 945 gam
493 910 610 947 usque
637 899 674 934 in
705 897 790 934 locis
819 897 930 935 aridis
960 897 1041 947 pla-

379 955 510 1002 nisque
560 955 809 1003 potissimum,
857 954 1040 1002 hodieque

380 1014 523 1047 exstare
541 1011 726 1054 dicuntur,
765 1010 837 1047 una
854 1012 930 1048 sere
950 1022 1039 1047 con-

379 1067 483 1102 tinua
510 1067 603 1103 serie
635 1080 657 1104 a
682 1067 919 1115 Borysthenis
950 1066 1038 1116 ripis

379 1135 495 1171 usque
517 1123 566 1160 ad
589 1122 790 1170 leniseam,
820 1135 939 1172 eoque
961 1134 1040 1159 ma-

377 1179 472 1216 iores
503 1184 615 1227 atque
643 1179 810 1226 altiores,
850 1192 922 1228 quo
951 1191 1039 1228 pro-

375 1236 461 1286 pius
492 1236 627 1272 absunt
654 1249 676 1272 a
701 1236 736 1273 Τ
739 1237 821 1272 anai
854 1235 1037 1283 marisque

376 1292 526 1328 Asovici
547 1303 622 1328 ora.
661 1291 824 1342 Lapides
843 1304 953 1342 super
973 1304 1036 1328 eos

377 1349 476 1385 haud
497 1360 579 1385 raro
600 1353 739 1385 erectos
756 1349 869 1394 vides,
899 1351 1037 1383 statuas

377 1405 504 1453 figuris
534 1405 723 1453 signisque
757 1404 946 1454 insculptis
979 1404 1037 1439 in-

379 1463 527 1509 signes3
569 1461 705 1497 variam
734 1461 770 1496 in
801 1461 888 1511 ipsis
914 1458 1038 1509 sepul-

377 1518 446 1553 cris
478 1517 617 1553 invenis
645 1516 951 1567 suppellectilem,
981 1528 1040 1552 ar-

378 1576 552 1621 genteam
592 1573 686 1610 adeo
727 1577 839 1621 atque
879 1584 1039 1618 auream,

340 1665 342 1668 ,
378 1641 463 1665 ossa
505 1629 645 1677 equina
686 1628 906 1675 humanave,
955 1627 1038 1664 alia.

378 1685 453 1728 Qui
485 1685 611 1722 tumuli
641 1697 720 1721 cum
743 1697 865 1734 neque
883 1697 905 1721 a
922 1684 1040 1721 Grae-

377 1741 427 1778 cis
452 1742 562 1778 erecti
586 1742 722 1779 fuerint
744 1754 865 1790 neque
885 1752 908 1777 a
928 1739 1037 1777 Mon-

375 1797 468 1846 golis
488 1797 852 1846 Zingischanidarum
878 1797 944 1834 sub
966 1797 1036 1833 im-

375 1855 479 1905 perio
501 1852 564 1903 (ut
580 1854 770 1904 probabile
789 1855 931 1891 videtur
942 1853 1037 1890 Mei·

376 1911 500 1947 nersio
549 1911 586 1947 in
623 1910 722 1948 Actt.
767 1911 892 1948 societ.
931 1910 1036 1946 Gott.

377 1967 465 2004 XIII
479 1979 566 2017 pag.
582 1969 632 2006 71
653 1980 756 2016 seqq.
776 1965 871 2014 74),
901 1966 1038 2016 quippe

378 2035 472 2072 quos
512 2023 706 2060 maximam
741 2027 881 2073 partem
920 2024 1037 2070 (nam

378 2079 521 2128 aliquos
556 2084 653 2117 certe
683 2092 704 2116 a
730 2078 915 2128 Mongolis
940 2083 1036 2115 stru-

379 2140 457 2172 ctos
481 2135 537 2173 vel
556 2136 676 2186 potius
694 2136 873 2186 prioribus
893 2135 1037 2172 tumulis

378 2193 526 2229 additos
544 2192 656 2229 fuisse
678 2205 752 2228 non
771 2196 827 2229 est
849 2193 949 2241 quod
970 2204 1038 2228 ne-

379 2261 528 2296 gemus,
579 2253 728 2285 auctore
764 2248 918 2286 Bennel.
952 2259 1038 2299 pag.

379 2303 463 2345 422
483 2306 580 2353 seq.)
604 2310 690 2342 ante
711 2304 968 2353 Mongolorum
989 2305 1040 2341 ir-

378 2361 565 2410 ruptiones
587 2362 883 2409 dominatumque
901 2361 1038 2397 dudum

379 2420 518 2452 erectos
549 2418 658 2453 suisse
679 2421 825 2466 pateat3
866 2430 940 2453 non
967 2416 1036 2452 nisi

378 2472 426 2507 ad
444 2476 590 2519 gentem
614 2474 796 2520 quandam
813 2473 1036 2520 indigenam,

378 2528 490 2576 vulgo
523 2528 736 2576 Scytharum
767 2529 913 2565 nomine
942 2529 1036 2563 anti-

381 2585 501 2633 quitus
527 2584 824 2634 comprehensam
856 2584 1037 2621 referendi

383 2644 498 2677 erunt.
528 2641 611 2677 vid.
632 2640 762 2676 Ritter.
778 2639 946 2677 Vorhalle
967 2644 1036 2676 etc.

381 2710 416 2747 p.
437 2695 519 2738 246
539 2709 641 2746 seqq.
661 2696 742 2736 255
755 2709 858 2745 seqq.
890 2696 941 2732 Et
959 2708 1038 2732 mo-

382 2757 444 2790 net
455 2752 662 2790 Maltebrun
674 2751 834 2800 (Annall.
847 2753 881 2789 d.
894 2753 1034 2801 Voyag.

382 2809 417 2846 11
437 2822 522 2861 pag.
546 2809 642 2860 152)
662 2821 757 2859 quae
774 2821 888 2861 nuper
906 2809 954 2847 ad
975 2821 1035 2846 ur-

1096 786 1179 824 bem
1201 785 1357 824 Kertsch
1382 786 1430 832 (s.
1450 786 1754 837 Panticapaeum)

1097 848 1225 892 aperta
1247 844 1380 879 suerint
1397 844 1584 892 sepulcra,
1615 843 1663 879 ad
1680 844 1755 879 sor-

1096 911 1191 935 mam
1225 911 1266 935 ae
1293 899 1572 947 descriptionem
1605 898 1755 935 interio-

1095 967 1172 991 rem
1198 966 1375 1004 perquam
1401 953 1527 990 similia
1558 953 1669 990 fuisse
1693 967 1754 991 se·

1094 1010 1227 1060 pulcris
1241 1037 1253 1055 ,
1292 1010 1412 1058 qualia
1432 1009 1478 1046 ab
1499 1009 1693 1047 Herodoto
1714 1010 1750 1049 h.

1095 1066 1118 1102 l.
1143 1067 1406 1103 describantur.

1150 1122 1191 1168 ἐς
1225 1119 1274 1173 ὃ]
1317 1123 1452 1160 Struve
1499 1122 1753 1172 reponendum

1094 1183 1216 1217 censet
1259 1178 1298 1225 ἐς
1329 1173 1383 1218 τό.
1448 1178 1532 1216 vid.
1570 1183 1666 1216 nott.
1703 1178 1752 1216 ad

1092 1235 1166 1282 lv,
1196 1236 1261 1276 56.

1149 1288 1528 1342 κατακεκηρωμένον
1578 1286 1651 1340 μὲν
1706 1285 1753 1330 τὸ

1095 1346 1234 1398 σῶμα]
1294 1348 1354 1384 Ad
1399 1352 1615 1384 structuram
1655 1347 1751 1384 conf.

1094 1404 1226 1442 Matth.
1247 1404 1313 1441 Gr.
1336 1405 1400 1441 Gr.
1423 1402 1459 1454 ξ.
1481 1403 1576 1449 427,
1599 1403 1633 1439 b.
1661 1415 1750 1453 pag.

1095 1463 1189 1499 783.
1221 1481 1277 1488 —
1306 1460 1364 1497 De
1395 1460 1631 1497 cadaveribus
1668 1458 1751 1496 cera

1096 1517 1262 1552 obductis
1301 1516 1397 1554 conf.
1436 1516 1474 1562 I,
1516 1514 1596 1555 140
1629 1515 1752 1564 ibique

1094 1577 1186 1609 nott.
1221 1572 1251 1609 C
1257 1585 1285 1609 r.
1305 1573 1393 1610 citat
1408 1572 1574 1621 Zoegam
1586 1570 1644 1608 De
1663 1571 1753 1608 obe-

1095 1628 1190 1665 liscc.
1213 1642 1250 1678 p.
1273 1631 1378 1674 268,
1407 1629 1468 1665 ubi
1486 1629 1533 1666 de
1554 1627 1752 1665 consimili-

1095 1685 1163 1721 bus
1183 1684 1331 1722 aliorum
1345 1684 1561 1735 populorum
1579 1684 1751 1721 moribus.

1095 1741 1238 1791 Sponte
1257 1746 1376 1778 autem
1399 1753 1464 1788 ea,
1495 1753 1590 1790 quae
1612 1740 1680 1777 hoc
1698 1739 1753 1776 lo-

1093 1810 1135 1834 co
1155 1798 1201 1835 de
1213 1797 1360 1848 Scythis
1375 1796 1495 1835 retulit
1512 1803 1617 1847 pater
1635 1796 1751 1833 histo-

1093 1855 1188 1898 riae,
1227 1855 1335 1892 nobis
1357 1855 1393 1891 in
1413 1854 1623 1891 memoriam
1646 1865 1752 1890 revo-

1094 1915 1179 1947 cant
1203 1923 1267 1958 ea,
1306 1923 1400 1960 quae
1429 1910 1475 1947 de
1492 1910 1750 1959 Aegyptiorum

1093 1979 1197 2004 more
1237 1979 1389 2017 corpora
1427 1967 1620 2004 condiendi
1657 1965 1749 2003 libro

1094 2024 1254 2060 secundo
1277 2036 1354 2072 cap.
1368 2024 1420 2063 86
1439 2035 1542 2071 seqq.
1562 2034 1749 2071 exponun-

1093 2084 1164 2116 tur.
1213 2079 1262 2116 Et
1282 2092 1370 2117 sane
1390 2079 1576 2128 complura
1604 2079 1750 2127 utrique

1094 2136 1197 2184 genti
1220 2136 1422 2173 communia
1452 2135 1585 2181 fuisse,
1622 2140 1750 2172 osten-

1096 2193 1190 2229 dunt
1227 2205 1322 2241 quae
1361 2204 1405 2229 ex
1433 2191 1648 2241 Hippocrat.
1688 2190 1749 2228 De

1095 2261 1168 2285 aer.
1195 2260 1255 2297 aq.
1277 2253 1315 2285 et
1333 2248 1420 2285 loce.
1443 2247 1588 2296 collegit
1608 2247 1747 2283 Coraes

1095 2305 1143 2340 ad
1165 2304 1259 2341 hunc
1276 2305 1404 2341 librum
1425 2303 1472 2340 T.
1497 2303 1510 2339 1
1534 2316 1568 2351 p.
1591 2304 1671 2342 269
1690 2314 1746 2350 sq.

1094 2360 1250 2397 Videtur
1265 2361 1358 2397 enim
1371 2360 1615 2408 Hippocrates
1637 2359 1671 2394 in
1691 2359 1748 2405 iis,

1094 2429 1187 2464 quae
1209 2417 1256 2453 de
1275 2416 1417 2464 Scythis
1437 2415 1562 2460 tradit,
1582 2413 1749 2451 consulto

1093 2473 1291 2508 instituisse
1319 2473 1607 2521 comparationes
1637 2482 1749 2519 quas-

1094 2529 1178 2564 dam
1207 2542 1286 2564 cum
1314 2527 1517 2576 Aegyptiis.
1575 2526 1634 2564 De
1658 2538 1748 2564 voce

1092 2579 1216 2634 νηὸύς
1234 2585 1277 2620 cs.
1305 2584 1349 2632 ll,
1369 2586 1434 2623 86.
1455 2584 1521 2622 87.

1149 2638 1272 2690 πλέην
1293 2638 1465 2688 κυπέρου
1482 2635 1744 2689 κεκομμένου]

1092 2695 1246 2733 Videtur
1279 2709 1360 2733 esse
1399 2696 1555 2745 Cuperus
1595 2707 1746 2731 comosus

1091 2752 1221 2799 Linn.,
1255 2754 1300 2790 de
1321 2765 1393 2801 quo
1416 2752 1510 2789 conf.
1533 2751 1746 2788 Schneider.

1091 2810 1139 2847 ad
1158 2809 1399 2862 Theophrast.
1419 2809 1469 2847 H.
1488 2807 1541 2846 Pl.
1567 2807 1657 2855 XV,
1691 2808 1739 2848 11
