1863 3256
488 129 1055 173 MELPOMENE.
1114 131 1177 168 IV.

191 246 323 303 λέγω,
367 246 506 302 λέγων
538 242 596 296 ὦς
625 241 705 287 τόν
735 239 888 286 ὀϊστὸν
929 238 1160 296 περιέφερε
1189 240 1301 283 κατὰ
1330 244 1479 285 πᾶσαν

136 475 157 499 e
207 474 278 510 qua
316 460 473 500 lectione
510 462 547 498 id
590 474 679 498 sane
722 458 804 497 elici

135 520 285 567 nequit,
345 520 448 566 quod
498 518 610 566 vulgo
657 520 804 568 putant,

134 575 272 612 Abarin
307 573 442 622 sagitt-21
475 587 543 625 per
583 587 705 611 aerem
740 586 804 610 ve-

133 637 251 677 ctum,
296 630 422 669 orbem
466 636 646 668 terrarum
682 628 804 680 perlu-

133 693 284 726 strasse.
316 686 414 724 Nam
436 687 657 725 deAbaride
673 700 803 736 quam-

132 757 244 793 quam
268 744 367 781 haud
387 757 505 796 pauca
531 748 677 781 exstant
700 748 803 782 vete-

131 814 211 838 rum
245 801 455 839 testimonia
490 801 612 852 (apud
649 801 802 838 Suidam

132 871 160 895 s.
182 871 233 905 v.‚
255 857 456 906 Zonaram,
480 859 655 896 Strabon.
677 858 744 896 Vll
765 872 801 910 p.

131 917 214 958 301
251 928 280 952 S.
309 916 391 958 461
424 917 468 954 C.
520 915 615 954 Gell.
641 915 691 954 N.
722 916 802 953 Att.

132 973 198 1019 lX,
222 974 288 1012 22.
328 973 425 1011 Plat.
446 973 635 1011 Charmid.
659 987 695 1024 p.
721 974 801 1014 158

131 1030 175 1067 B.
207 1027 379 1082 Apollon.
392 1030 540 1080 Dyscol.
552 1031 650 1068 Hist.
669 1030 802 1067 Mirab.

131 1100 163 1124 c.
183 1086 220 1128 4.

134 1199 226 1241 147.
268 1203 364 1242 216.
417 1201 559 1238 Himer.
607 1202 644 1238 in
674 1200 800 1238 Photii

128 1257 225 1295 Bibl.
249 1257 332 1299 243
350 1271 387 1308 p.
406 1260 513 1299 1131
528 1270 556 1295 s,
571 1256 654 1299 374
675 1258 797 1296 Bekk

127 1314 208 1352 coll.
256 1314 490 1352 Wernsdorf.
554 1315 603 1352 ad
655 1315 798 1352 Himer.

128 1371 258 1422 Eclog.
288 1374 338 1413 19
370 1386 408 1423 p.
437 1371 532 1414 264.
575 1373 698 1410 Oratt.
729 1372 798 1419 25,

126 1433 168 1477 2,
189 1428 227 1469 4.
259 1429 358 1467 Cels.
377 1442 437 1480 ap.
462 1430 616 1478 Origen.
642 1430 706 1476 Ill,
731 1431 797 1470 31.

129 1486 178 1524 Τ.
199 1486 213 1523 l
232 1500 270 1538 p.
290 1485 372 1528 467
394 1487 434 1523 Β.
468 1486 590 1523 Schol.
614 1486 799 1537 Aristoph.

128 1543 200 1594 Eq.
222 1541 322 1595 725)
347 1544 500 1594 eiusque
520 1545 669 1582 nomine
689 1544 798 1582 etiam

128 1601 260 1638 librum
291 1601 479 1651 quendam
512 1601 700 1651 inscripsit
718 1602 799 1639 He-

128 1658 284 1696 raclides
314 1658 463 1708 quidam
485 1662 582 1696 teste
600 1658 796 1696 Plutarcho

128 1716 160 1753 ll
189 1729 225 1766 p.
260 1715 310 1755 14
339 1715 406 1762 Ε.,
446 1720 533 1753 ante
559 1715 796 1753 lamblichum

129 1773 311 1811 neminem
331 1773 512 1821 sagittae,
554 1786 627 1823 qua
646 1786 713 1823 per
733 1786 797 1811 ae-

128 1843 204 1868 rem
227 1834 352 1868 vectus
373 1830 421 1867 sit
444 1830 596 1878 Abaris,
639 1830 798 1868 mentio-

126 1900 210 1925 nem
231 1887 294 1936 qui
318 1887 447 1925 fecerit
470 1888 622 1937 reperiri
643 1892 798 1926 conten-

126 1945 180 1982 dit
197 1944 336 1982 Struve
357 1944 379 1981 l.
403 1943 425 1981 l.
436 1974 449 1991 ‚
479 1945 656 1994 sagittam
676 1946 796 1995 ipsam

126 2001 215 2039 addi
233 2006 333 2039 ratus
352 2015 429 2039 non
454 2002 524 2038 nisi
545 2002 697 2040 amuleti
715 2002 796 2040 loco

126 2059 176 2095 ad
197 2058 292 2096 mala
318 2058 470 2108 quaevis
492 2061 675 2108 arcenda,
705 2060 796 2106 sive,

124 2121 165 2153 ut
183 2115 350 2153 Lobeck.
378 2115 589 2167 (Aglaoph.
616 2131 652 2168 p.
684 2117 793 2166 314)

124 2173 343 2220 contendit,
385 2186 454 2225 pro
490 2175 597 2224 signo
630 2180 668 2212 ut
696 2180 796 2212 esset

124 2230 272 2268 divinae
317 2230 522 2280 legationis.
585 2231 659 2275 Qui
696 2232 794 2270 idem

125 2287 303 2337 ambigit,
344 2287 505 2336 vulgaris
544 2288 636 2326 haec
670 2289 795 2327 fabula

126 2344 173 2382 de
197 2345 330 2383 itinere
359 2346 458 2383 aerio
490 2350 613 2382 utrum
647 2346 693 2384 ab
713 2347 795 2385 He-

122 2405 248 2439 cataeo
267 2402 449 2440 Abderita
470 2403 506 2440 in
531 2402 623 2440 libro
644 2404 691 2441 de
710 2403 794 2454 Hy-

122 2458 314 2507 perboreis
343 2459 452 2497 Diod.
485 2460 526 2507 I,
549 2460 627 2508 47,
666 2473 714 2497 an
745 2462 792 2499 ab

123 2514 325 2554 Heraclide
345 2517 498 2555 Pontico
524 2516 567 2557 ἐν
589 2521 672 2565 τοῖς
694 2513 793 2557 α’να-

124 2570 364 2622 φερομένοις
383 2571 615 2626 εἰς”Αβαριν
624 2574 791 2616 Anecdd.

122 2627 246 2665 Bekk.
269 2642 306 2679 p.
332 2628 412 2670 145
438 2636 476 2669 et
497 2633 576 2673 178
599 2633 793 2684 proposita

125 2685 186 2732 sit,
217 2686 448 2737 primamque
465 2689 706 2727 volaticorum
726 2690 793 2728 ho-

124 2743 262 2779 minum
300 2744 513 2782 memoriam
551 2747 709 2785 fortasse
744 2748 791 2785 ab

125 2799 366 2837 Onomaerito
416 2803 657 2853 repetendam
707 2817 791 2842 esse

263 1088 448 1125 Iamblich.
470 1087 530 1125 De
550 1088 613 1124 vit.
642 1087 803 1137 Pythag.

131 1142 169 1195 ς.
192 1145 259 1185 90.
281 1146 349 1185 91.
371 1143 685 1186 135.136.140.
708 1145 800 1185 141.
848 1138 898 1179 ’Ἀ

1536 254 1584 272 ess
1671 247 1721 275 det
1731 249 1815 284 pingi

1553 284 1665 307 terram
1702 281 1799 309 forma

1532 313 1658 345 globosa
1673 318 1703 342 et
1721 317 1816 343 anibi-

1534 348 1595 374 tam
1619 350 1749 376 Oceano.

863 457 1048 508 opinatur.
1110 455 1171 493 Ad
1190 454 1393 493 Abaridem
1417 459 1454 492 ut
1475 468 1534 493 re-

862 514 992 560 deam,
1025 514 1263 564 gravissimus
1286 513 1323 550 in
1341 512 1410 550 hoc
1431 513 1531 550 omni

861 576 1082 620 argumento
1125 571 1225 609 locus
1266 574 1388 608 exstat
1432 570 1533 619 apud

860 627 1069 666 Eudociam
1099 632 1136 666 et
1163 628 1197 664 in
1225 626 1336 664 schol.
1365 627 1414 664 ad
1436 627 1534 664 Gre-

861 698 940 734 gor.
971 685 1066 722 Naz.
1100 685 1137 721 in
1166 684 1271 721 catal.
1306 684 1391 722 bibl.
1420 683 1531 721 Bodl.

860 754 948 792 pag.
971 742 1047 790 51,
1078 743 1141 791 qui
1160 741 1343 792 copiosior
1362 754 1459 779 nunc
1481 740 1534 779 le-

861 799 959 849 gitur
990 800 1027 836 in
1058 799 1185 837 Nonni
1217 798 1442 836 Narratione
1474 811 1532 836 se-

860 857 977 907 ptima
998 857 1083 894 aC1
1087 869 1208 895 enzer
1230 855 1404 905 vulgata
1396 869 1433 893 ιι]
1447 855 1530 893 Me-

860 913 940 951 lett.
965 913 1037 964 lp.
1060 916 1125 954 76.
1147 916 1215 961 77,
1233 914 1359 951 unde
1350 925 1533 963 insibnio

862 984 903 1006 ra
952 976 1094 1008 tantum
1149 970 1445 1008 transscribam:
1509 986 1531 1009 o

849 1024 1022 1095 ''Assang
1069 1026 1110 1075 ἐξ
1151 1025 1434 1083 Υπερβορέων
1479 1021 1533 1079 ἦν

862 1079 1082 1136 ἄνθρωπός
1119 1097 1206 1130 τις·
1255 1105 1310 1111 -
1346 1085 1467 1131 οὗτος
1508 1101 1529 1124 ο

859 1142 1018 1194 Αβαρις
1034 1140 1208 1193 λέγεται,
1250 1139 1400 1187 ε’νθους
1421 1137 1532 1207 γενό-

859 1213 978 1249 μενος
989 1197 1186 1249 περιϊέναι
1195 1213 1271 1249 την
1280 1195 1448 1237 Ελλάδα
1461 1193 1531 1237 κύ-

857 1258 938 1309 κλῳ
971 1271 1096 1307 μετα
1127 1257 1216 1294 τοῦ
1247 1254 1433 1307 βέλους
1461 1255 1532 1294 καὶ

857 1309 1062 1364 χρησμούς
1099 1328 1211 1360 τινας
1241 1313 1308 1352 καὶ
1342 1313 1533 1363 μαντείας

857 1369 986 1422 λέγειν
1007 1369 1061 1417 ὥς
1084 1369 1254 1417 ἔνθους·
1287 1372 1532 1422 Λυκοῦργος

859 1425 901 1467 δὲ
922 1426 945 1467 ὁ
962 1424 1094 1480 ῥήτωρ
1114 1427 1307 1479 μέμνηται
1325 1430 1397 1467 τοῦ
1415 1423 1529 1479 ’Λβά-

858 1485 970 1537 ριδος
986 1508 1042 1514 -—
1059 1484 1184 1537 λέγων
1207 1481 1269 1525 ὅτι
1297 1487 1422 1535 λιμου
1450 1486 1526 1525 διε-

857 1542 1032 1610 νομένου
1069 1543 1156 1591 (alii
1186 1542 1431 1600 γενομένου)
1481 1542 1526 1583 ἐν

856 1604 940 1646 τοῖς
987 1599 1202 1653 Τπερβορέ
1206 1615 1266 1647 οις
1313 1594 1446 1651 ἦλθεν
1502 1615 1522 1639 ο

843 1654 1052 1709 ’'Assafflg’
1035 1673 1078 1697 εν
1099 1659 1150 1712 τῇ
1168 1652 1329 1696 Ἑλλαδι
1349 1656 1417 1697 καὶ
1441 1655 1526 1709 ἔμι-

857 1711 1087 1755 σθωτευσεν
1109 1717 1163 1768 τῷ
1170 1710 1421 1785 'Anp'sswm‘
1455 1713 1524 1754 καὶ

854 1769 1050 1824 ἐδιδάχθη
1077 1768 1179 1824 παρ’
1208 1767 1333 1812 αυτοῦ
1359 1769 1402 1812 τὰ
1426 1787 1525 1825 χρη-

856 1833 1085 1882 σμολογεῖν·
1131 1828 1200 1869 καὶ
1233 1845 1338 1869 ουτω
1367 1844 1527 1882 κρατων

853 1884 898 1927 τὸ
939 1887 1054 1938 βέλος
1103 1903 1155 1935 ως
1203 1900 1250 1926 σν
1243 1882 1411 1939 μβολον
1451 1889 1525 1926 τοῦ

853 1941 1102 1992 ’Λπόλλωνος
1133 1940 1328 1996 (τοξότης
1348 1960 1425 1997 γαρ
1456 1945 1524 1984 οὑ-

854 2017 922 2049 τος
951 1999 1069 2052 θεὸς)
1113 1998 1272 2055 περιῄει
1302 2005 1525 2053 χρησμολο-

852 2062 936 2112 γῶν
957 2062 1092 2100 πᾶσαν
1116 2075 1191 2111 την
1210 2058 1390 2099 Ἑλλάδα.
1419 2061 1525 2105 Quos

854 2118 955 2168 ipsos
1000 2117 1172 2155 Abaridis
1226 2113 1432 2169 χρησμούς
1476 2117 1523 2154 ab

853 2174 1111 2226 Aristophanis
1131 2174 1252 2211 Schol.
1274 2174 1297 2212 l.
1316 2175 1339 2212 l.
1362 2187 1525 2213 comme-

853 2239 1015 2269 moratos
1048 2232 1263 2270 Herodotus
1302 2233 1350 2270 ob
1397 2231 1522 2269 oculos

852 2289 1024 2328 habuisse
1069 2290 1214 2327 videtur
1240 2288 1459 2335 Lobecki03
1500 2302 1522 2327 e

853 2347 975 2385 fabula
1016 2351 1106 2384 nota
1147 2347 1324 2397 vulgique
1363 2358 1525 2393 rumore,

853 2416 949 2453 quae
966 2404 1025 2442 hic
1045 2409 1253 2452 narrantur,
1278 2405 1427 2441 fluxisse
1448 2408 1525 2441 sta-

852 2462 926 2498 tuit
955 2462 1088 2500 Struve
1117 2461 1140 2498 1.
1171 2461 1221 2508 l.,
1271 2462 1328 2499 cui
1356 2462 1393 2498 in
1425 2460 1526 2498 hisce

852 2519 1050 2556 assentitur
1066 2518 1226 2556 Krische
1247 2518 1285 2555 in
1305 2518 1451 2568 Disput.
1464 2517 1524 2555 De

850 2576 1021 2614 societat.
1039 2589 1062 2614 a
1082 2575 1285 2627 Pythagor.
1306 2577 1342 2613 in
1367 2576 1521 2613 Croton.

850 2634 960 2671 cond.
997 2646 1111 2684 scopo
1139 2633 1279 2684 politic.
1315 2632 1519 2680 (Gotting.

853 2688 979 2742 1831)
1003 2704 1041 2741 p.
1057 2692 1126 2732 38.
1168 2690 1317 2739 Stegeri
1344 2687 1520 2726 emenda-

848 2748 989 2786 tionem
1009 2748 1070 2795 (in
1087 2747 1249 2785 Praefat.
1265 2759 1301 2796 p.
1323 2745 1430 2793 XIV)
1450 2756 1519 2795 pro

847 2800 920 2844 τόν
968 2803 1201 2842 rescribentis
1240 2796 1352 2842 τόνδ’
1406 2801 1445 2847 (i.
1487 2813 1517 2838 e.
