1863 3256
6 0 22 167 ‘ss

13 170 20 488 ξ

12 509 17 579 ἲ

11 693 15 726 ‘r

10 784 14 812 ἤ

460 85 1132 127 MELPOMENE.1V.

1341 95 1423 135 447

170 199 431 255 κατελείφθη
461 198 576 254 παρὰ
606 202 686 242 τοῦ
710 195 936 241 Διονύσου
956 196 1033 240 τὸν
1059 196 1166 252 νηὸν
1197 196 1243 239 ἐν
1259 199 1448 249 Βυζαν-1

144 269 270 325 ὅτίῳ,
299 270 561 327 γραμμάτων
586 269 822 323 Ἀσσυρίων
850 267 990 318 πλέος.

1051 270 1141 310 Τοῦ
1179 267 1224 310 δὲ
1255 268 1423 310 Βοσπό-

170 356 252 391 ρου
281 339 304 383 ὁ
335 346 474 397 χῶρος
503 342 579 386 τὸν
613 343 747 394 ἔζευξε
777 338 977 395 βασιλεύς
1005 343 1213 393 Δαρεῖος,
1246 336 1304 389 ὦς
1329 338 1424 394 ἐμοὶ

166 410 332 454 δοκέειν
362 414 718 469 συμβαλλομένῳ,
749 412 881 467 μέσον
911 410 997 454 ἐστὶ
1022 411 1261 463 Βυζαντίου
1284 425 1327 451 τε
1347 408 1419 451 καὶ

0 479 102 525 288
160 484 240 523 τοῦ
281 481 346 523 ἐπὶ
386 483 565 539 στόματι
610 485 720 538 ἱροῦ.

107 644 362 682 caedebantur.
417 643 474 681 De
506 657 578 693 quo
601 643 757 681 Pausan.

105 700 242 737 Lacon.
278 703 351 747 16,
381 702 417 740 6.
475 700 672 751 Spanhem.
712 700 758 736 ad

105 756 315 793 Callimach.
356 757 392 793 in
427 756 533 793 Dian.
568 756 668 803 174,
713 769 758 792 ne

103 812 221 863 plura.
265 813 346 850 De
339 825 416 863 ipsa
428 814 497 850 dea
516 814 571 849 vix
587 819 642 850 est
660 813 758 861 quod

103 882 268 906 moneam
289 875 372 919 post
389 869 561 907 Creuzeri
586 870 716 920 disput
711 872 758 906 it

102 926 138 962 in
162 925 382 963 Commentt.
413 926 580 964 Herodd.
613 939 649 975 p.
676 923 757 965 247

103 994 205 1031 seqq.
229 981 309 1032 (qui
332 983 427 1020 idem
447 995 541 1019 nunc
566 983 655 1019 addi
681 981 757 1018 vult

103 1038 154 1075 M.
173 1039 219 1075 de
240 1038 488 1086 Stackelberg.
509 1038 587 1076 Der
607 1037 756 1088 Apollo-

102 1094 235 1143 tempel
266 1108 310 1131 zu
337 1096 475 1132 Bassae
507 1095 544 1131 in
575 1094 755 1130 Arcadien

101 1163 139 1200 p.
168 1149 245 1190 135
265 1151 390 1200 seqq.)
419 1150 496 1188 coli.
528 1151 569 1187 C.
592 1150 636 1187 O.
660 1149 757 1187 Miil-

101 1205 162 1243 Ier.
184 1205 273 1243 Dor.
302 1206 315 1243 l
349 1221 385 1256 p.
415 1208 492 1247 331
527 1219 629 1255 seqq.
676 1205 756 1243 Nec

100 1262 248 1310 mirum,
286 1263 378 1300 deae
405 1263 508 1300 istius
536 1262 669 1299 lunaris
696 1274 756 1298 sa-

100 1330 173 1366 cra,
193 1318 364 1366 Doribus‚
376 1324 414 1357 ut
425 1320 581 1366 videtur,
599 1319 754 1356 maxime

98 1375 246 1425 propria
277 1379 314 1413 et
344 1389 386 1413 ex
413 1376 492 1426 ipsa
521 1375 689 1424 Scythica
724 1388 752 1412 s.

99 1430 258 1470 Taurica
275 1435 371 1470 terra
390 1433 425 1469 in
438 1433 627 1470 Graeciam
644 1431 753 1468 allata

99 1500 194 1537 quae
211 1487 428 1533 dicerentur,
456 1489 606 1539 posthac
627 1489 662 1524 in
676 1487 753 1525 Do-

98 1556 177 1580 rum
200 1557 347 1593 quoque
373 1545 550 1588 colonias,
589 1545 637 1581 ad
659 1556 750 1593 quas

97 1599 315 1648 Byzantium
372 1601 588 1652 pertinuisse
642 1614 749 1638 nemo

98 1656 236 1704 nescit,
275 1669 347 1694 una
367 1671 446 1695 cum
476 1658 612 1694 colonis
633 1660 751 1694 trans-

97 1716 200 1750 vecta
225 1713 346 1751 fuisse.
405 1714 458 1751 Ac
484 1713 608 1763 procul
639 1713 749 1750 dubio

95 1767 307 1807 Herodotus
322 1770 493 1820 Byzantii
509 1774 750 1807 commoratus

96 1824 243 1874 suisque
262 1826 372 1863 oculis
383 1856 396 1873 ,
426 1839 519 1876 quae
538 1826 593 1863 hic
613 1839 751 1864 memo—

97 1881 172 1918 riae
189 1882 370 1932 prodidit,
396 1882 658 1933 contemplatus
679 1886 748 1920 est.

97 1936 193 1974 Nam
215 1939 278 1988 qui
294 1938 404 1976 Ponti
426 1940 515 1976 vidit
535 1951 617 1976 oras
625 1968 637 1986 ,
668 1952 749 1977 eum

94 1993 314 2042 Byzantium
331 2009 479 2046 quoque
497 1997 659 2043 venisse,
683 1996 750 2032 du-

96 2049 204 2088 bitari
222 2052 359 2102 nequit.
408 2053 517 2090 Conf.
539 2051 665 2101 Heyse
682 2051 704 2089 l.
726 2051 747 2088 l.

93 2118 180 2156 pag.
204 2110 293 2150 129.

152 2161 205 2210 ὥς
230 2162 318 2215 ἐμοὶ
346 2162 498 2203 δοκέειν
524 2164 748 2215 συμβαλλο-

96 2217 214 2273 μένῳ]
258 2219 411 2260 δοκέειν
439 2234 460 2258 e
486 2221 629 2258 duobus
650 2220 748 2257 libris

95 2276 171 2313 iure
191 2281 377 2327 receptum
408 2291 474 2328 pro
505 2276 642 2316 δοκέει.
689 2277 747 2314 Cf.

96 2331 142 2377 11,
167 2332 255 2374 124.
288 2333 385 2380 VIII,
407 2336 474 2374 30.
522 2332 584 2370 Ad
611 2333 750 2382 signifi-

96 2388 275 2426 cationem
310 2390 411 2428 verbi
449 2385 748 2441 συμβάλλεσθαι

95 2444 190 2481 conf.
208 2444 236 2491 1,
255 2447 319 2487 68.
346 2447 392 2494 II,
414 2449 478 2487 33.
503 2447 565 2494 III,
582 2449 648 2488 68.
666 2446 747 2494 VII,

96 2497 163 2540 24.
185 2500 275 2541 184.
300 2503 391 2543 187.
418 2503 517 2549 VIII,
537 2505 602 2543 30.

154 2553 273 2606 μέσον
290 2555 369 2595 ε’στὶ
386 2560 603 2605 Βυζαντίου
619 2573 659 2597 τε
679 2556 746 2597 καὶ

96 2612 167 2651 τοῦ
187 2611 250 2651 ε’πὶ
273 2609 432 2663 στόματι
455 2615 557 2665 ἱροῦ]
588 2616 673 2653 Duo
692 2615 746 2651 lo-

97 2681 152 2718 ca,
172 2669 266 2706 inter
286 2681 380 2718 quae
400 2671 557 2709 medium
573 2672 746 2709 struxisse

96 2720 409 2776 videtur'pontem
426 2725 580 2774 Darius,
610 2739 654 2765 ea
670 2727 747 2764 vult

800 486 985 536 Δαρεῖος
1025 482 1070 525 δε
1109 479 1214 537 μετοὶ
1252 482 1500 535 ταῦταβῐ)

815 654 894 678 esse
929 641 1071 688 Kruse,
1121 654 1274 690 quorum
1317 640 1468 678 alterum

814 711 908 734 nnnc
934 702 1081 734 vocetur
1106 697 1264 734 Αιιαᾱοῖί
1284 697 1412 734 Kavak
1439 710 1467 735 s.

814 756 923 791 maris
951 756 1051 803 nigri
1079 754 1278 800 castellum,
1318 754 1469 791 alterum

815 824 880 860 pro
907 812 1005 861 apice
1023 811 1159 861 palatii
1181 810 1469 861 Constantinopo-

817 867 925 903 lc'tam'
944 867 1086 916 (Serm'l
1105 880 1199 904 nunc
1216 868 1360 915 vocant)
1386 879 1469 917 per-

814 924 999 969 hibeatur,
1030 924 1089 960 ubi
1113 923 1193 959 olim
1216 924 1385 972 Byzantii
1405 935 1469 960 arx

813 980 1002 1030 ipsumque
1013 980 1155 1017 Dianae
1167 980 1359 1017 Orthosiae
1377 983 1467 1016 tem-

812 1035 921 1085 plum.
938 1058 994 1063 —
1024 1032 1108 1085 ἷρόν
1125 1036 1160 1071 in
1182 1035 1344 1072 faucibus
1362 1035 1468 1072 Ponti

812 1091 922 1128 situm
968 1091 1092 1142 procul
1133 1091 1243 1129 dubio
1282 1095 1338 1128 est
1373 1090 1468 1128 Iovis

816 1146 899 1183 Uria·
933 1148 1115 1196 templum,
1153 1161 1173 1184 e
1211 1160 1283 1195 quo
1319 1147 1398 1197 ipso
1431 1147 1467 1184 in

811 1202 970 1241 Pontum
994 1204 1226 1251 navigaturos
1244 1202 1395 1240 solvisse
1414 1207 1468 1241 te-

812 1264 930 1296 statur
956 1259 1100 1297 Arrian.
1126 1259 1161 1295 in
1181 1258 1312 1309 Peripl.
1332 1258 1368 1309 §.
1393 1261 1465 1305 113

811 1316 932 1354 Iovem
966 1316 1152 1362 nimirum,
1191 1316 1252 1365 qui
1287 1316 1465 1353 secundos

808 1381 936 1410 ventos
983 1385 1273 1423 prosperumque
1321 1384 1465 1409 cursum

808 1430 1024 1478 praeberet,
1059 1429 1176 1476 (unde
1213 1427 1298 1465 Uria·
1331 1441 1465 1466 nomen

806 1485 921 1533 illius)
950 1486 1172 1522 invocantes.
1221 1485 1262 1522 In
1291 1497 1466 1535 promon-

806 1542 904 1578 torio
940 1542 1015 1578 sive
1049 1541 1191 1579 editiori
1212 1540 1316 1587 loco,
1354 1553 1463 1590 quem

808 1597 926 1635 adhuc
957 1597 1037 1634 Ioro
1072 1598 1262 1648 (corrupto
1294 1597 1368 1634 scil.
1394 1609 1461 1634 no-

807 1655 904 1692 mine
926 1668 969 1692 ex
993 1649 1095 1705 ἱρόν)
1125 1654 1244 1690 vocari
1263 1658 1387 1690 auctor
1405 1658 1463 1690 est

807 1710 1050 1758 Tournefort,
1102 1711 1209 1747 situm
1255 1708 1342 1747 illud
1384 1710 1463 1757 fuit,

806 1767 1032 1817 maximeque
1081 1766 1325 1813 celebratum,
1383 1778 1461 1803 cre-

807 1823 907 1860 brIus
924 1824 1009 1862 inde
1028 1823 1179 1873 simplici
1200 1823 1319 1872 templi
1335 1835 1362 1859 s.
1375 1821 1465 1872 fani

806 1881 972 1928 nomine,
1020 1884 1062 1917 ut
1094 1893 1127 1916 v.
1156 1893 1186 1917 c.
1216 1880 1253 1916 in
1278 1878 1461 1928 Anonym.

806 1937 1002 1974 Stadiasm.
1024 1935 1172 1985 Prolog.
1195 1935 1261 1983 (T.
1280 1936 1311 1973 II
1330 1949 1365 1985 p.
1381 1934 1462 1976 434

808 1994 864 2030 ed.
888 1993 997 2039 Gail„
1019 1994 1118 2030 cuius
1140 1996 1266 2030 notata
1285 1993 1356 2029 vid.
1377 1992 1463 2028 ibid.

807 2063 892 2099 pag.
911 2048 992 2091 503
1022 2051 1119 2099 seq.)
1143 2049 1302 2086 Causam
1321 2048 1464 2099 aperuit

806 2106 947 2144 Arrian.
978 2106 1108 2156 Peripl.
1139 2105 1207 2153 (T.
1228 2106 1278 2142 III
1303 2117 1388 2155 pag.
1408 2106 1461 2144 62

805 2175 882 2211 seq.
912 2163 970 2200 ed.
994 2160 1106 2212 Gaii.)
1138 2159 1174 2212 ἓ.
1202 2164 1271 2202 12·
1294 2182 1345 2188 —
1386 2163 1462 2199 κεῖ-

805 2234 867 2257 ται
895 2219 1052 2283 χωρίον
1079 2214 1293 2270 λεγόμενον
1331 2212 1460 2266 Ἱερὸν,

804 2274 848 2314 ἐν
882 2276 911 2328 ᾧ
947 2270 1045 2322 ναός
1070 2273 1149 2314 ε’στι
1178 2271 1277 2320 Λιος
1309 2268 1461 2325 Ου’ρίου

806 2327 910 2370 οὕτω
931 2329 1346 2400 προσαγορευομένου·
1370 2331 1458 2369 τοῦ-

803 2403 846 2426 το
889 2385 931 2427 δὲ
971 2385 1014 2427 τὸ
1053 2387 1213 2452 χωρίον
1236 2382 1458 2437 ἀφετήριόν

803 2444 883 2483 ε’στι
902 2448 984 2492 τοῖς
1005 2444 1057 2491 εἰς
1069 2441 1139 2484 τόν
1153 2438 1309 2483 Πόντον
1320 2441 1457 2482 πλέου-

803 2513 877 2540 σιν.
896 2523 951 2529 -—
987 2498 1030 2540 τὸ
1053 2497 1160 2568 ἱερὸν
1184 2502 1256 2539 τοῦ
1278 2496 1370 2544 Διὸς
1386 2500 1458 2537 τοῦ

801 2553 951 2609 Ουρίου
987 2555 1104 2608 διέχει
1135 2552 1213 2596 α’πὸ
1238 2554 1455 2601 Βυζαντίου

803 2615 986 2660 σταδίους
1028 2613 1153 2653 εἴκοσι
1193 2611 1259 2650 καὶ
1295 2604 1453 2649 ἑκατόν·

801 2670 868 2709 καὶ
898 2670 1001 2710 ἕστιι
1023 2665 1252 2708 στενότατον
1269 2661 1388 2731 ταύτῃ
1412 2662 1456 2704 τό

803 2721 925 2777 στόμα
965 2728 1038 2765 τοῦ
1068 2720 1224 2764 Πόντου
1262 2718 1456 2772 καλούμε-

1492 475 1618 504 Mandro
1623 479 1680 506 eleos
1715 489 1732 506 a

1476 510 1566 537 Danu

1612 514 1735 539 donatm
