1863 3256
443 109 527 149 458

835 110 1295 148 HERODOTI

443 219 522 273 στῇ
540 217 804 273 Πυθαγόρῃ,
836 216 1240 260 κατασκευάσασθαι
1270 215 1514 271 ἀνδρεῶνα,
1545 217 1586 268 ἐς
1613 219 1689 261 τὸν

441 287 767 330 πανδοκεύοντα
799 292 886 329 τῶν
924 285 1069 328 οἰστῶν
1096 287 1197 337 τοὺς
1227 286 1448 341 πρώτους,
1488 286 1556 330 καὶ
1588 284 1687 329 εὐω-

439 359 613 414 χέοντα,
664 353 968 399 ἀναδιδάσκειν
998 354 1055 406 ὠς
1087 357 1185 400 οὔτε
1227 356 1357 408 αὐτὸς
1386 357 1484 400 οὔτε
1517 359 1558 400 οἱ
1587 369 1686 411 συμ-

439 429 565 472 πόται
597 426 732 470 αὐτοῦ
764 424 863 467 οὕτε
893 427 935 467 οἱ
964 425 1009 468 ἐκ
1038 426 1206 469 τούτων
1236 428 1316 470 αἰεὶ
1345 426 1568 482 γινόμενοι
1585 425 1685 470 ἀπο-

438 498 695 545 θανέονται,
733 492 826 536 ἀλλ’
865 494 1015 550 ἥξουσι
1053 497 1095 547 ἐς
1130 501 1274 552 χῶρον
1304 503 1463 542 τοῦτον
1493 500 1564 541 ἴνα
1595 498 1706 540 αἰεὶ1

412 566 685 621 3περιεόντες
714 565 857 616 ἕξουσι
885 565 936 608 τὰ
966 566 1106 610 πάντα
1136 566 1292 622 ἀγαθά.
1334 570 1381 613 ἐν
1412 564 1446 628 ᾧ
1476 569 1520 612 δὲ
1550 569 1687 611 ἐποίεε

438 638 489 681 τα
517 636 853 691 καταλεχθέντα,
890 637 962 679 καὶ
991 637 1102 693 ἔλεγε
1132 644 1286 692 ταῦτα,
1324 641 1371 684 ἐν
1395 640 1532 696 τούτῳ
1562 637 1686 682 κατά-

411 713 567 762 4γαιον
598 708 755 762 οἴκημα
785 705 989 751 ἐποιέετο·
1026 706 1084 759 ὥς
1113 709 1158 752 δέ
1188 712 1231 753 οἱ
1258 711 1495 762 παντελέως
1525 708 1606 765 εἶχε
1634 709 1712 752 τὸ5

381 870 555 908 Valcken.
575 870 621 907 ad
640 871 676 908 h.
692 871 716 908 1.
746 871 806 908 Sic
820 871 985 918 Thucyd.
1007 871 1034 918 Ι,

379 927 424 968 5:
449 922 609 977 α’νόρῶν
631 922 679 965 οὕ
696 929 773 965 τῶν
785 922 1035 965 οἷδυνατωτᾶ-

378 997 476 1026 των,
523 983 581 1019 nbi
622 985 771 1019 omnium
802 985 1037 1032 potentissimi

377 1038 634 1087 intelliguntur.
711 1040 831 1088 Atque
878 1040 1035 1077 afferunt

374 1108 520 1144 quoque
536 1095 680 1132 Horatii
701 1095 805 1132 illud:
835 1109 936 1143 „non
956 1108 1033 1132 sor-

373 1151 481 1187 didus
515 1156 639 1187 auctor
669 1157 821 1189 naturae
848 1152 1031 1201 verique“

374 1207 449 1244 Od.
473 1206 510 1253 1,
544 1209 624 1252 28,
658 1208 721 1248 14.
751 1229 807 1234 —
855 1208 911 1245 De
944 1221 1030 1245 voce

375 1265 569 1312 σοφιστοῦ
598 1264 669 1300 dixi
697 1264 744 1300 ad
776 1264 814 1310 I,
852 1266 929 1309 293
983 1265 1029 1301 de

375 1319 448 1369 qua
492 1319 619 1356 eadem
658 1332 809 1357 monens
843 1320 1027 1358 Schaefer.

374 1375 423 1412 ad
451 1375 603 1423 Dionys.
628 1375 808 1414 Halicarn.
846 1375 903 1415 De
931 1389 1028 1413 com-

375 1443 453 1481 pos.
483 1431 604 1470 verbb.
629 1445 714 1481 pag.
734 1432 814 1472 406
846 1434 902 1477 (ut
926 1436 1029 1468 notat

378 1486 408 1523 C
418 1485 467 1535 r.)
497 1488 647 1523 coniecit
675 1488 712 1523 in
729 1487 943 1525 Herodoteo
972 1487 1027 1523 lo-

359 1554 435 1597 ¹co:
479 1537 527 1580 ου’
554 1544 608 1595 τῷ
634 1537 892 1596 ἀφανεστάτῳ
914 1556 1027 1592 σοφι-

373 1600 458 1652 στῇ.
488 1598 589 1635 Libri
607 1599 731 1649 scripti
750 1612 822 1636 non
842 1600 1025 1636 addicunt.

336 1656 338 1660 ”
371 1675 427 1681 -
450 1653 510 1690 Ad
532 1659 784 1703 argumentum
801 1655 869 1692 Ioci
886 1655 954 1692 hoc
970 1657 1026 1691 vix

371 1711 613 1760 praetermitti
633 1712 757 1758 debet,
784 1712 1026 1759 Herodotum,

372 1767 433 1816 qui
470 1767 517 1804 de
547 1767 755 1816 Pythagora
780 1768 1024 1805 testimonium

370 1827 446 1859 tam
467 1822 701 1860 honorificum
719 1824 752 1860 h.
773 1823 794 1860 l.
812 1823 968 1873 reliquit,
987 1825 1022 1859 in

371 1878 509 1927 Magna
549 1879 726 1927 Graecia,
766 1893 872 1928 quam
909 1884 1023 1916 totam

370 1936 521 1972 tenebat
539 1936 771 1985 Pythagorae
785 1949 939 1983 nomen,
968 1935 1024 1972 hi-

371 1992 518 2027 storiam
539 2004 639 2028 suam
661 1993 871 2040 confecisse,
904 2005 1022 2041 eoque

369 2047 487 2083 minus
513 2047 650 2095 gloriae
671 2049 745 2085 eius
760 2049 844 2095 viri,
876 2049 935 2097 qui
952 2048 1023 2084 vir-

369 2107 447 2140 tute
475 2104 695 2153 ingenioque
713 2110 853 2142 tantum
873 2105 1021 2142 eminuit

367 2159 461 2195 inter
483 2159 656 2206 Graecos,
682 2161 861 2209 derogare
890 2160 1020 2197 voluis-

367 2226 416 2252 se.
459 2215 566 2252 Conf.
589 2217 760 2254 Creuzer.
786 2218 924 2254 Comm.
941 2217 1021 2253 He-

366 2270 471 2306 rodd.
522 2284 607 2320 pag.
642 2274 731 2313 169.
793 2272 1021 2310 Discesserat

367 2324 524 2362 Thurios
551 2333 654 2376 pater
686 2328 855 2365 historiae
872 2329 1018 2379 Olymp.

366 2380 572 2428 LXXXIV,
614 2387 633 2424 1
664 2396 691 2419 s.
721 2384 932 2430 LXXXIII,
969 2386 1017 2430 43

368 2437 592 2486 Pythagoras
632 2451 651 2475 e
674 2438 845 2477 Larcheri
877 2440 1017 2477 calculis

366 2497 471 2530 natus
499 2498 553 2531 est
581 2494 641 2531 Ol.
672 2494 812 2542 XLIII,
846 2499 891 2542 1,
921 2509 1018 2532 mor-

365 2553 446 2586 tuus
465 2550 608 2600 Olymp.
630 2550 787 2597 LXVII,
816 2553 854 2592 3.

423 2603 466 2644 ἐν
480 2601 510 2660 ᾦ
531 2603 573 2644 δὲ
592 2605 732 2656 ἐποίεε]
754 2606 795 2646 έν
816 2602 904 2660 (fide
922 2612 1015 2646 tem-

365 2661 476 2712 pore,
515 2675 587 2700 non
626 2663 799 2710 deloco,
838 2664 1015 2714 accipien-

366 2719 463 2756 dum.
494 2719 635 2757 Monuit
656 2719 858 2770 Schweigh.
878 2720 914 2757 in
926 2720 1013 2759 Lex.

1090 873 1286 910 Herod.—
1313 874 1424 911 Paulo
1446 879 1533 912 ante
1548 876 1632 913 dedi
1651 870 1739 914 τού-

1091 944 1169 968 των
1191 943 1258 980 pro
1276 931 1457 969 τουτέων.

1147 984 1189 1024 ἐν
1208 982 1334 1039 τούτῳ
1358 983 1571 1039 κατάγαιον
1593 985 1739 1035 οἴκημα

1091 1039 1278 1093 ἐποιέετο]
1309 1043 1442 1080 Strabo
1463 1042 1530 1078 Vll
1555 1055 1589 1092 p.
1609 1043 1689 1083 298
1709 1055 1737 1079 S.

1089 1098 1170 1139 457
1196 1098 1265 1146 A.,
1312 1099 1404 1136 inter
1435 1099 1505 1136 alia
1533 1097 1738 1148 speluncam

1088 1166 1235 1203 quoque
1271 1158 1529 1192 commemorat
1564 1149 1737 1204 (οἷντρῶ-

1088 1209 1150 1256 δές
1179 1225 1215 1248 τι
1243 1211 1424 1262 χωρίον),
1467 1210 1612 1259 reliquis
1638 1210 1737 1247 inac-

1086 1279 1244 1312 cessam,
1272 1269 1308 1304 in
1334 1280 1404 1316 qua
1425 1266 1606 1304 Zalmoxis
1631 1266 1738 1303 fuerit

1084 1328 1345 1371 commoratus,
1383 1337 1463 1360 raro
1492 1324 1527 1359 in
1553 1322 1735 1372 publicum

1083 1379 1266 1428 prodiens.
1285 1401 1341 1406 -—
1363 1381 1631 1426 „Continentur
1650 1378 1736 1415 talia

1082 1436 1161 1471 loca
1174 1435 1406 1472 subterranea
1417 1435 1537 1480 initiis,
1556 1447 1649 1483 quae
1661 1434 1735 1471 Za-

1082 1490 1206 1526 molxis
1221 1490 1325 1528 Getis
1345 1491 1523 1528 Thraciae
1540 1490 1734 1529 tradidisse

1083 1547 1206 1582 fertur.
1236 1547 1441 1584 Hellanicus
1459 1546 1558 1596 apud
1571 1547 1673 1583 Suid.
1696 1551 1734 1584 et

1082 1601 1239 1650 Etymol.
1268 1615 1387 1651 magn.
1421 1601 1473 1653 (p.
1495 1604 1547 1643 66
1575 1602 1631 1639 ed.
1660 1614 1731 1640 sec.

1082 1658 1248 1706 fragmm.
1278 1659 1451 1696 Hellanic.
1475 1656 1619 1708 Sturz.)
1653 1653 1733 1696 Ζά-

1084 1715 1216 1764 μολξις
1259 1737 1301 1742 -
1345 1711 1497 1760 τελετοῖς
1538 1712 1732 1761 κατέδειξε

1082 1768 1217 1816 Γέταις
1248 1774 1330 1817 τοῖς
1357 1770 1398 1809 έν
1422 1765 1558 1823 Θράκῃ
1585 1785 1621 1808 κ.
1642 1785 1676 1810 τ.
1697 1773 1732 1809 λ.

1079 1825 1239 1864 Attende
1256 1828 1303 1863 ad
1319 1840 1442 1864 vocem
1463 1826 1659 1864 solemnem
1676 1826 1730 1863 his

1079 1882 1116 1918 in
1145 1883 1274 1929 rebus,
1319 1881 1529 1929 κατέδειξε,
1575 1895 1669 1932 quae
1708 1895 1731 1920 a

1079 1939 1193 1975 scenis
1225 1939 1334 1976 sacris
1360 1940 1407 1976 ad
1435 1939 1635 1976 doctrinam
1656 1939 1728 1976 de-

1078 1994 1283 2032 clarandam
1308 1996 1474 2032 traducta
1496 1999 1560 2032 est.
1607 1994 1654 2030 Et
1672 2007 1728 2032 re-

1077 2062 1166 2100 apse
1194 2052 1241 2088 ad
1270 2051 1421 2089 δείκελα
1445 2056 1611 2101 spectare
1631 2050 1727 2088 illam

1076 2106 1263 2145 historiam
1291 2107 1475 2144 Zamolxis
1490 2136 1501 2154 ,
1544 2120 1650 2144 nemo
1671 2110 1727 2143 est

1076 2164 1137 2212 qui
1154 2164 1336 2212 ambigere
1358 2167 1477 2212 queat.
1507 2163 1588 2199 Hoc
1606 2165 1725 2199 autem

1076 2219 1248 2256 vocabulo
1269 2221 1304 2256 in
1318 2219 1471 2255 Osiridis
1489 2219 1614 2254 ritibus
1631 2218 1726 2254 fera-

1074 2275 1167 2311 libus
1195 2275 1303 2312 utitur
1322 2275 1530 2311 Herodotus
1550 2273 1604 2320 ll,
1634 2275 1723 2313 171.

1075 2330 1210 2373 Quales
1229 2331 1316 2366 ritus
1331 2328 1500 2367 credibile
1518 2333 1572 2366 est
1590 2329 1635 2365 ab
1654 2329 1723 2365 ini-

1074 2386 1124 2422 tio
1137 2386 1171 2422 in
1183 2385 1424 2423 subterraneis
1433 2385 1658 2422 conclavibus
1667 2397 1725 2422 se-

1073 2441 1275 2491 pulcrorum
1295 2446 1461 2491 peractos
1480 2453 1570 2480 esse.
1604 2440 1722 2484 Quam

1074 2497 1147 2534 late
1175 2501 1295 2534 autem
1324 2501 1452 2547 pateat
1472 2497 1528 2533 hic
1552 2509 1637 2534 usus
1657 2509 1722 2534 au-

1073 2557 1209 2589 trorum
1243 2554 1491 2602 sepulcralium
1527 2553 1723 2600 mysteriis-

1072 2621 1142 2657 que
1163 2609 1425 2646 inservientium
1445 2621 1624 2659 exponere
1642 2608 1723 2645 lon-

1071 2677 1155 2714 gum
1173 2669 1237 2703 est.
1294 2665 1375 2714 Ego
1387 2694 1397 2713 ,
1424 2677 1471 2702 ne
1488 2668 1588 2702 extra
1607 2663 1719 2712 oleas,

1071 2722 1170 2770 quod
1204 2721 1354 2770 dicitur,
1395 2720 1583 2770 egrediar,
1619 2719 1716 2758 locos
