1863 3256
334 593 398 636 27

462 124 546 164 330

432 239 455 273 3
467 234 609 283 τείους
649 232 949 281 ἐπιτελέοντες.

858 123 1322 164 HERODOTI

1006 237 1107 283 παῖς
1148 234 1193 276 δὲ
1233 232 1364 286 πατρὶ
1403 236 1535 275 τοῦτο
1575 231 1725 282 ποιέει,

458 304 651 358 κατάπερ
693 305 736 346 οἷ
760 303 964 358 ’Έλληνες
992 304 1044 346 τοὶ
1073 304 1257 358 γενέσια.
1320 302 1458 354 ἄλλως
1488 303 1534 346 δὲ
1565 303 1780 346 δίκαιοι95

459 375 530 418 καὶ
563 375 689 417 οὑτοι
718 374 918 428 λέγονται
948 371 1085 416 εἶναι·

460 450 663 501 γυναῖκες
703 448 817 486 τοῖσι
856 441 1056 498 ἀνδράσι.

460 510 596 559 οὗτοι.

405 732 606 780 Schweigh.
629 731 666 768 in
685 729 818 767 Latina
842 730 1063 780 interpreta-

402 790 503 825 tione
532 788 766 825 reddiderat:
809 798 872 822 vas
901 800 1061 830 sacrum,-

401 846 438 881 in
476 844 565 882 Lex.
607 843 748 881 Herod.
785 855 815 880 s.
855 854 886 879 v,
934 844 1062 892 reponi

399 900 497 938 vult:
529 903 790 945 ornamentum,
818 911 883 947 quo
903 899 1063 947 glorian-

397 961 466 993 tur.
527 956 608 994 Nec
638 957 742 993 aliter
770 955 975 992 Tzschuck.
1014 956 1062 992 ad

394 1013 483 1051 Mel.
504 1013 548 1058 ll,
582 1016 603 1054 1
625 1018 718 1049 nott.
745 1024 875 1060 exegg.
899 1024 984 1061 pag.
1007 1012 1060 1052 48

395 1083 471 1118 seq.
513 1070 567 1109 57
619 1067 774 1120 ἄγαλμα
823 1069 970 1104 omnino
1024 1069 1062 1104 id

396 1139 478 1164 esse
499 1129 620 1175 putat,
652 1139 725 1175 quo
744 1125 825 1173 quis
846 1124 1060 1171 delectatur,

396 1183 557 1230 indeque
578 1182 647 1219 hoc
675 1182 755 1218 loco
780 1182 827 1218 de
852 1181 974 1230 poculo
1001 1194 1060 1218 ac-

397 1238 618 1288 cipiendum.
670 1239 720 1274 At
754 1238 891 1287 optime
922 1238 1063 1274 monuit

398 1294 597 1332 Ruhnken.
621 1295 668 1330 ad
693 1294 838 1331 Timaei
858 1293 948 1331 Lex.
970 1293 1061 1330 Plat.

399 1363 488 1401 pag.
510 1353 534 1391 6
557 1363 634 1399 seq.
649 1380 660 1398 ‚
696 1351 866 1399 frequens
898 1351 967 1386 dici
994 1350 1062 1386 hoc

400 1406 617 1444 vocabulum
650 1408 697 1444 de
733 1407 894 1443 donariis
925 1408 1065 1442 numiui

397 1463 511 1500 alicui
529 1465 738 1499 consecratis
765 1464 926 1512 indeque
946 1464 992 1500 de
1014 1464 1061 1498 si-

399 1519 570 1556 mulacris
610 1519 761 1555 deornm.
823 1520 932 1556 Unde
971 1520 1061 1568 quid

373 1576 466 1612 ·hoe
497 1575 576 1611 loco
611 1576 677 1612 sibi
709 1575 793 1613 velit
822 1575 973 1621 vocula,
1002 1577 1059 1611 vix

396 1633 565 1680 cuiquam
598 1632 788 1668 obscurum
817 1644 897 1668 esse
923 1632 1060 1681 poterit

396 1694 569 1737 recteque
593 1689 763 1725 observat
786 1689 832 1724 Is.
854 1689 959 1724 Voss.
983 1688 1059 1732 (cui

395 1743 643 1794 adstipulatur
666 1744 776 1781 ltalus
798 1744 982 1781 Herodoti
1004 1745 1059 1780 in-

395 1799 557 1850 terpres)
593 1801 641 1837 ad
662 1801 785 1839 Melae
809 1800 830 1837 Ι.
851 1800 897 1847 1.,
939 1801 1059 1837 Hero-

397 1858 476 1893 doti
504 1857 617 1893 verba
648 1858 697 1894 ita
724 1858 935 1907 accipienda
964 1870 1056 1904 esse,

395 1917 436 1950 ut
462 1913 675 1950 Essedones
707 1914 830 1964 capita
864 1919 1057 1963 parentum

395 1982 541 2006 suorum
573 1970 751 2006 deaurata
774 1971 810 2007 in
834 1970 965 2007 sacello
994 1975 1058 2007 aut

397 2025 529 2062 larario
568 2025 778 2063 collocarint
823 2027 938 2075 iisque
976 2032 1058 2062 tan-

397 2095 505 2131 quam
526 2082 723 2120 simulacris
745 2083 900 2120 honores
917 2096 1056 2119 annuos

396 2139 647 2175 exhibuerint:
690 2140 790 2188 quod
813 2140 908 2176 idem
932 2141 968 2176 in
987 2140 1057 2176 Pa-

396 2195 524 2240 nebis,
554 2194 696 2243 Libyae
721 2196 882 2246 populo,
915 2201 1057 2233 enarrat

396 2250 669 2298 Damasceuus,
699 2257 795 2289 teste
815 2253 944 2290 eodem
964 2253 1058 2290 Vos-

397 2306 464 2342 sio.
528 2306 651 2355 Atque
682 2308 836 2346 Rennel.
866 2310 887 2346 l.
918 2309 939 2345 l.
969 2322 1056 2359 pag.

397 2361 479 2401 440
503 2375 542 2399 se
563 2363 695 2400 vidisse
715 2365 840 2401 scribit
866 2366 986 2402 crania
1010 2366 1058 2401 ad

397 2418 606 2468 poculorum
648 2421 800 2457 formam
839 2422 988 2467 efficta,
1037 2434 1056 2458 e

396 2475 542 2525 templis
564 2477 747 2525 sacrisque
772 2476 858 2513 locis
880 2478 915 2513 in
935 2478 1057 2514 Butan

398 2531 592 2568 subducta.
603 2532 711 2568 —ln
721 2545 804 2582 sqq.
823 2532 911 2571 ἐπετ
921 2548 937 2571 ε
950 2535 992 2571 ίο
1004 2548 1027 2570 v
1038 2548 1057 2579 ς

398 2600 419 2624 e
442 2587 629 2625 Sancrofti
659 2588 750 2625 libro
782 2594 893 2638 atque
923 2589 1055 2626 Aldina

396 2643 568 2693 equidem
599 2646 756 2694 reposui.
819 2645 937 2694 Vulgo
965 2645 1054 2684 ἕπε-

396 2699 551 2746 τὲους.
582 2700 641 2737 Cf.
662 2701 727 2748 ΠΙ,
749 2702 815 2743 89.

464 2753 510 2795 τοὶ
561 2755 740 2809 γενέσια]
803 2758 844 2795 ln
893 2758 1052 2798 Bekker.

1136 374 1380 428 ἰσοκρατέες
1411 374 1455 417 δὲ
1483 373 1647 428 ὁμοίως
1680 374 1726 415 αῖ

1114 445 1404 502 γινώσκονται
1440 445 1520 501 μὲν
1561 443 1613 500 δή
1652 444 1724 486 καὶ

577 582 635 626 Τό
681 583 727 627 δὲ
766 582 852 627 οἷπὸ
890 584 1060 629 τούτων
1097 585 1147 629 τὸ
1178 587 1447 642 κατύπερθε,
1483 585 1722 643 Ἰσσηδόνες

1120 730 1284 770 Anecdd.
1307 733 1321 770 1
1344 745 1429 783 pag.
1453 733 1519 779 86,
1542 734 1593 773 18
1614 731 1777 768 invenio:

1119 787 1327 839 γενέθλιον
1348 787 1501 838 ἡμέραν
1516 783 1696 835 ἀξιοῦσιν
1716 783 1779 826 αἐὶ

1120 843 1266 895 λέγειν,
1300 840 1349 883 οὔ
1368 843 1575 895 γενέθλια,
1606 840 1700 883 οὐδὲ
1719 858 1779 895 γε·

1120 899 1242 938 νέσια.
1282 896 1641 950 ΕἰῖριπίδηςἼωνι,
1664 896 1779 951 Ἡρό-

1121 958 1234 1003 δοτος
1273 954 1453 1010 τετάρτῳ.
1523 956 1778 1003 Celebrantur,

1119 1018 1214 1051 teste
1228 1013 1396 1050 Ammon.
1418 1026 1502 1064 pag.
1518 1012 1584 1056 35,
1612 1011 1676 1051 ἐπὶ
1697 1015 1779 1051 τῶν

1119 1065 1399 1120 τεθνηκότων,
1448 1068 1489 1108 ἐν
1538 1063 1565 1123 ᾗ
1617 1067 1779 1115 ἕκαστος

1119 1125 1248 1180 ἡμέρᾳ
1279 1122 1545 1176 τετελεύτηκε,
1592 1125 1655 1162 ubi
1682 1126 1776 1162 conf.

1119 1182 1294 1222 Valcken.
1340 1187 1433 1219 nott.
1503 1181 1637 1231 Neque
1675 1181 1778 1219 aliter

1118 1240 1346 1290 praecipiunt
1364 1239 1569 1287 Hesychius
1591 1251 1619 1274 s.
1638 1250 1670 1274 v.
1699 1238 1713 1274 1
1739 1251 1776 1288 p.

1119 1297 1213 1336 815.
1234 1296 1362 1332 Pollux
1379 1296 1450 1332 On.
1473 1295 1536 1341 ΙΙΙ,
1559 1297 1650 1335 102-
1682 1295 1778 1331 Sunt

1117 1352 1229 1401 igitur
1249 1353 1342 1389 festa
1362 1351 1537 1395 natalitia,
1567 1363 1662 1400 quae
1680 1363 1778 1387 mor-

1119 1413 1263 1445 tuorum
1305 1410 1501 1445 memoriae
1541 1408 1683 1454 dicata,
1738 1407 1777 1444 in

1119 1466 1208 1514 ipsis
1232 1477 1358 1501 eorum
1380 1464 1506 1501 diebus
1527 1470 1687 1512 aguntur
1711 1475 1777 1500 na-

1118 1521 1267 1557 talibus:
1323 1533 1404 1557 cum
1456 1520 1586 1569 quibus
1632 1518 1774 1556 natales

1118 1582 1315 1625 martyrum
1354 1577 1455 1626 apud
1489 1581 1630 1614 veteres
1666 1575 1775 1612 Chri-

1118 1634 1255 1670 stianos
1273 1638 1462 1683 comparat
1482 1633 1604 1670 Kuhn.
1624 1632 1672 1669 ad
1690 1631 1775 1668 Pol-

1115 1690 1180 1726 luc.
1202 1690 1222 1728 l.
1243 1689 1264 1726 l.
1323 1690 1379 1727 De
1402 1690 1531 1738 quibus
1562 1701 1679 1739 nuper
1708 1689 1775 1725 ad-

1115 1747 1264 1783 modum
1290 1746 1326 1782 in
1350 1747 1513 1783 oratione
1538 1746 1681 1796 publice
1709 1745 1774 1782 ha-

1115 1803 1191 1839 bita
1252 1802 1500 1839 Eichstadium
1560 1801 1775 1840 disseruisse

1116 1859 1212 1905 (len.
1237 1860 1340 1898 1831
1365 1859 1493 1909 Sept.)
1525 1871 1568 1895 ex
1599 1858 1774 1908 epheme-

1114 1915 1208 1952 ridd.
1226 1914 1278 1951 lit.
1289 1915 1489 1964 Lipsienss.
1505 1916 1610 1955 1831
1625 1927 1678 1950 nr.
1691 1912 1773 1955 304

1113 1971 1285 2008 intellexi.
1342 1970 1439 2008 Nam
1463 1972 1541 2022 ipsa
1561 1971 1773 2021 disputatio,

1113 2028 1203 2065 haec
1235 2029 1320 2064 dum
1353 2028 1493 2074 scribo,
1533 2028 1696 2064 nondum
1724 2028 1772 2064 ad

1113 2098 1171 2121 me
1199 2085 1372 2134 pervenit.
1417 2083 1483 2121 Cr.
1515 2084 1670 2121 conferri
1699 2083 1774 2120 vult

1114 2142 1249 2178 Annot.
1275 2141 1310 2177 in
1330 2140 1507 2190 Porphyr.
1525 2141 1571 2177 de
1589 2140 1672 2176 Vita
1685 2139 1772 2176 Plo-

1114 2198 1179 2234 tini
1207 2197 1237 2233 ll
1270 2202 1307 2234 et
1336 2197 1371 2233 in
1403 2197 1535 2233 Plotin.
1568 2197 1686 2246 ipsum
1706 2196 1770 2242 Ill,

1116 2255 1151 2293 5.
1171 2256 1197 2293 2
1218 2259 1254 2291 et
1275 2253 1339 2299 Vl,
1358 2256 1394 2294 9.
1413 2256 1449 2295 9.

1170 2362 1298 2411 ἄλλως
1332 2362 1373 2403 δὲ
1403 2363 1565 2415 δίκαιοι]
1611 2365 1769 2402 Heeren.

1116 2421 1226 2458 ldeen
1247 2422 1273 2467 l,
1295 2425 1321 2462 2
1349 2433 1434 2471 pag.
1454 2422 1536 2462 313
1558 2422 1625 2458 hoc
1644 2422 1693 2457 ita
1715 2422 1772 2457 in-

1113 2477 1263 2526 telligit,
1315 2483 1354 2514 ut
1398 2489 1488 2525 gens
1525 2478 1634 2514 suerit
1675 2477 1771 2515 culta

1113 2534 1333 2582 minimeque
1366 2534 1466 2570 rudis
1493 2546 1536 2570 ac
1568 2534 1770 2584 peregrinis

1113 2595 1334 2626 mercaturae
1367 2602 1475 2626 causa
1515 2589 1600 2627 illuc
1639 2590 1769 2628 delatis

1113 2646 1257 2683 infesta.
1315 2645 1372 2682 Ad
1405 2652 1667 2693 mercaturam,
1712 2647 1769 2684 cui

1111 2702 1279 2748 faveant,
1318 2703 1428 2739 refert
1457 2702 1622 2742 Volcker.
1647 2702 1766 2753 Myth.

1113 2759 1249 2808 Geogr.
1272 2759 1390 2810 lpag.
1416 2761 1506 2801 191.
