1863 3256
12 14 18 200 ὲ

11 205 14 242 1

10 273 15 339 ἶ

8 338 14 495 ἔ

7 481 12 537 i*

9 541 11 579 l

0 606 10 790 1

0 582 103 626 ll

465 112 1152 155 MELPOMENE.1v.

1365 122 1447 160 293

168 226 404 282 Ἡρακλέος
440 224 646 281 γενέσθαι
684 221 788 273 τούς
826 222 908 266 αἰεὶ
946 222 1155 278 βασιλέας
1183 225 1446 279 γινομένους

171 298 405 341 Σκυθέων·
447 294 532 338 οἷπὸ
560 294 605 337 δὲ
637 297 713 350 τῆς
744 291 923 350 φιάλης,
958 293 1020 338 ἔτι
1050 294 1123 338 καὶ
1154 294 1197 346 ές
1218 293 1317 338 τόδε
1343 295 1443 351 φιά-
1457 303 1499 336 65

143 374 255 421 ὅλας
297 368 343 412 ἐκ
382 370 470 410 τῶν
512 363 742 420 ζωστήρων
789 364 970 420 φορέειν
1009 364 1222 417 Σκύθας·

1284 363 1333 408 τὸ
1387 366 1440 422 δή

169 444 338 496 μοῦνον
376 436 712 494 μηχανήσασθαι
750 434 829 490 τὴν
866 436 1028 492 μητέρα
1069 436 1245 493 Σκύθῃ.
1304 441 1442 480 ταῦτα

168 512 213 555 δὲ
237 508 456 565 Ἑλλήνων
487 509 531 550 οἵ
560 506 637 550 τὸν
668 506 844 550 Πόντον
875 508 1089 560 οἰκέοντες
1118 508 1307 565 λέγουσι

267 581 388 625 ’Ἐστι
418 579 464 622 δὲ
494 579 566 622 καὶ
596 577 726 629 ἄλλος
755 576 909 633 λόγος,
939 579 1048 636 ἔχων
1078 575 1181 629 ὦδε,
1220 583 1281 638 τῷ
1310 578 1437 635 μάλι-

137 661 250 697 Ξστα
278 651 494 710 λεγομένῳ
527 648 657 702 αὐτὸς
686 648 959 705 πρόσκειμαι.
1018 650 1204 702 Σκύθας
1233 651 1337 702 τούς
1365 667 1437 694 νο·
1451 657 1494 691 70
1536 678 1587 705 ba
1593 679 1640 738 ¹³1„

162 722 329 780 μαδας,
370 722 595 774 οἰκέοντας
625 722 672 766 ἐν
702 726 755 778 τῆ
784 718 926 778 Ἀσίῃ,
972 720 1148 779 πολέμῳ
1179 722 1438 774 πιεσθέντας

161 792 250 838 ὑπὸ
300 794 648 903 Μασσαγετέων,
703 795 901 850 οἴχεσθαι
951 791 1189 849 διαβαντας
1234 793 1436 851 ποταμόν

163 953 219 994 ἔτι
239 952 307 993 καὶ
338 952 378 1000 ἐς
412 948 504 993 τόδε
542 949 692 1004 φιάλας
727 952 770 994 ἕκ
829 952 894 994 53.
925 952 978 995 64
1006 953 1086 991 coll.
1110 953 1245 993 Notice
1275 968 1337 992 sur
1369 954 1492 1004 quelq.

828 1010 948 1060 objets
989 1011 1025 1047 d’
1038 1011 1240 1060 antiquite‚
1279 1013 1494 1049 decouverts

106 1066 203 1118 aug]
236 1068 295 1105 Ad
318 1066 468 1105 verba'
451 1083 493 1106 εκ
516 1082 596 1106 των
615 1065 768 1118 ζωστή-
826 1071 897 1104 etc.
918 1067 1052 1117 parM.
1073 1067 1120 1104 de
1138 1067 1380 1117 Blaramberg
1407 1066 1493 1117 (sic)

106 1025 187 1050 των
223 1006 433 1063 ζωστήρων
467 1009 629 1062 φορέειν
659 1007 768 1050 Σκύ-

105 1140 188 1176 ρων
219 1123 357 1162 consul.
381 1124 515 1161 Matth.
543 1125 609 1163 Gr.
634 1125 699 1161 Gr.
730 1122 767 1174 ἓ.

825 1124 930 1160 Paris
956 1126 1121 1173 1822p
1147 1122 1327 1171 14.18);
1364 1137 1494 1174 quem-

103 1181 187 1222 574
214 1193 302 1231 pag.
337 1182 458 1220 1133.
488 1200 543 1208 —
583 1180 766 1218 Referunt
826 1192 899 1228 que
921 1180 1045 1228 regiae
1068 1180 1190 1230 stirpis
1217 1180 1337 1218 serunt
1364 1186 1492 1218 aucto-

100 1237 169 1275 huc
191 1238 357 1286 exiguam
378 1241 536 1275 statuam
562 1249 606 1274 ex
630 1237 763 1275 electro

101 1293 340 1341 elaboratam,
360 1306 456 1343 quae
471 1295 508 1331 in
521 1295 660 1331 tumulo
671 1307 764 1344 quo-

101 1351 186 1388 dam
238 1363 356 1402 prope
397 1351 688 1402 Panticapaeum
734 1363 762 1388 s.

99 1407 259 1445 Kertsch
277 1420 394 1458 nuper
406 1412 464 1445 est
483 1412 630 1458 reperta
645 1408 760 1445 virum

99 1468 381 1514 repraesentans
420 1464 535 1501 altera
570 1477 680 1502 manu
706 1470 762 1502 te-

101 1524 252 1558 nentem
276 1521 484 1571 pharetram
513 1522 656 1570 sagittis
684 1523 762 1572 ple-

98 1589 197 1624 nam,
226 1590 313 1615 arcu
330 1577 495 1614 nonnihil
516 1579 762 1628 prominente,

99 1633 217 1671 altera
245 1647 354 1671 manu
382 1648 493 1671 cornu
514 1648 543 1672 s.
566 1635 760 1684 rhytonem

98 1691 150 1738 (i.
174 1704 204 1728 e.
232 1703 295 1727 vas
323 1692 506 1741 potorium
538 1692 614 1729 sive
644 1704 759 1741 pocu-

96 1747 170 1785 lum
212 1760 324 1784 cornu
362 1748 515 1785 formam
549 1748 760 1797 exhibens),

96 1816 253 1854 eumque
288 1803 416 1841 baculo
443 1818 472 1842 s.
500 1804 600 1842 clava
635 1806 759 1842 nixum

96 1864 133 1899 et
152 1860 323 1911 Scythica
349 1862 547 1910 anaxyride
569 1861 756 1898 indutum:

95 1930 207 1968 quam
234 1918 310 1955 sive
330 1918 462 1968 privati
486 1918 642 1955 hominis
666 1919 758 1967 Scy-

94 1974 181 2012 thae
200 1975 396 2023 imaginem
415 1975 613 2022 existimes,
645 1974 758 2025 (qua-

95 2031 166 2069 lem
195 2031 349 2068 vestitus
372 2031 562 2082 Scythicus
594 2032 756 2070 indicare

93 2089 237 2126 videtur
267 2088 430 2138 itemque
463 2101 528 2126 vas
556 2089 754 2139 potorium,

95 2145 125 2182 si
142 2144 292 2195 quidem
311 2157 380 2195 pro
403 2145 467 2182 tali
489 2157 635 2183 auream
651 2146 756 2196 phia-

93 2201 166 2239 lam
201 2201 395 2239 Herodoto
432 2206 755 2240 commemoratam

92 2257 227 2297 habere
252 2258 362 2307 velis)
391 2259 491 2306 sive,
539 2259 640 2308 quod
669 2259 755 2296 mihi

94 2315 241 2364 quidem
306 2316 454 2352 videtur
514 2315 753 2363 verisimilius,

94 2371 261 2409 Herculis
313 2372 564 2410 simulacrum:
619 2374 755 2424 quippe

95 2428 194 2464 cuius
226 2428 357 2466 cultum
389 2429 426 2466 in
455 2429 511 2465 his
543 2429 754 2478 regionibus

95 2484 322 2533 frequentem
354 2490 539 2524 testantur
563 2486 663 2523 nurni
687 2486 754 2523 Ol-

95 2540 349 2590 biopolitarum
385 2543 524 2591 aliquot
551 2556 669 2592 nuper
698 2544 755 2580 in-

95 2597 192 2633 venti
226 2597 352 2644 (Conf.
374 2599 493 2636 Choix
523 2601 570 2637 de
592 2599 754 2637 Medaill.

95 2653 210 2702 antiq.
235 2653 496 2706 d’Olbiopolis‚
522 2657 656 2693 faisant
671 2669 755 2707 par-

95 2710 144 2747 tie
165 2710 214 2746 du
234 2710 379 2748 cabinet
395 2712 442 2748 du
461 2713 620 2751 conseill.
641 2714 756 2750 ‹l’etat

92 2766 153 2804 De
172 2766 422 2817 Blaremberg.
460 2768 563 2806 Paris
590 2771 697 2810 1822
719 2783 755 2820 p.

822 1249 911 1273 rem.
941 1237 1070 1285 ltaque
1093 1236 1141 1274 de
1162 1237 1313 1274 Graecis
1336 1238 1488 1275 advenis

823 1293 894 1330 erit
916 1293 1175 1342 cogitandum,
1216 1294 1280 1343 qui
1303 1294 1487 1343 indigenis

821 1350 922 1386 mixti
949 1350 1121 1387 vestitum
1150 1351 1384 1400 peregrinum
1420 1351 1488 1388 ad-

822 1406 991 1443 sciverint
1019 1406 1162 1456 diisque
1186 1408 1274 1458 ipsis
1296 1420 1364 1457 pro
1383 1420 1485 1445 more

820 1462 1068 1501 attribuerint.
1131 1463 1192 1501 Tu
1216 1465 1311 1501 conf.
1343 1465 1390 1502 de
1415 1465 1484 1502 hac

819 1523 941 1557 statua
959 1518 1092 1557 Notice
1119 1533 1181 1556 sur
1211 1520 1334 1570 quelq.
1365 1522 1481 1571 objets

819 1580 890 1614 etc.
910 1588 996 1626 pag.
1019 1579 1071 1618 12
1092 1589 1196 1626 seqq.
1215 1579 1282 1618 28.

874 1629 917 1671 τὸ
962 1629 1012 1683 δή
1053 1635 1207 1683 μοῦνον
1235 1655 1292 1661 -
1313 1628 1480 1685 Σκύθῃ]

817 1689 839 1726 i.
871 1701 903 1727 e.
938 1689 1001 1726 hoc
1033 1691 1148 1738 igitur
1186 1703 1295 1727 unum
1333 1694 1481 1728 matrem

811 1759 962 1796 parasse
988 1746 1168 1797 Scythae,
1211 1760 1238 1783 s.
1262 1749 1298 1784 z‘n
1321 1747 1481 1798 Scythae

816 1803 1027 1840 commodum
1047 1805 1253 1841 instituisse.
1305 1804 1380 1842 Ubi
1409 1817 1478 1854 pro

814 1856 856 1899 τὸ
883 1859 1018 1897 Aldina
1047 1860 1195 1898 exhibet
1228 1857 1335 1908 τόν,
1376 1861 1478 1910 quod

813 1921 1022 1955 revocatum
1045 1917 1158 1954 voluit
1177 1917 1397 1969 Gronovius.
1435 1917 1477 1954 In

812 1972 1005 2021 Mediceo,
1035 1974 1275 2021 Florentino,
1314 1974 1392 2010 aliis
1414 1987 1477 2010 ex·

813 2034 888 2068 stat
934 2044 1083 2080 quoque
1131 2033 1392 2081 μηχανᾶσθαι
1439 2034 1477 2068 et

813 2083 1011 2137 Σκύθην,·
1052 2088 1154 2137 quod
1176 2092 1369 2137 utrumque
1389 2087 1476 2125 alie-

811 2157 899 2181 num
927 2144 1062 2182 abhoc
1083 2143 1174 2181 loco.
1204 2165 1260 2171 --
1300 2144 1341 2181 ln
1368 2156 1475 2193 seqq.

813 2200 968 2238 Pontum
1017 2201 1078 2250 qui
1127 2201 1290 2237 incolunt
1329 2200 1476 2248 Graeci,

812 2262 899 2295 sunt
922 2258 1054 2296 Graeci
1072 2256 1184 2294 Ponte·
1201 2257 1350 2294 Euxini
1375 2271 1476 2294 acco—

813 2314 888 2361 lae,
929 2317 967 2352 in
986 2314 1050 2351 orci
1073 2313 1184 2351 Ponti
1203 2314 1351 2352 Euxini
1373 2314 1476 2351 habi-

812 2375 939 2409 tantes.
970 2372 1028 2409 Cf.
1050 2371 1113 2419 IV,
1132 2374 1167 2412 8.

1041 2428 1150 2478 Cap.
1183 2428 1247 2465 XI.

869 2482 1172 2534 πιεσθένταςᾞ
1177 2485 1274 2532 ,Vid.
1301 2484 1475 2521 Valcken.

812 2542 936 2581 Schol.
966 2540 1070 2579 inN.
1092 2542 1141 2581 ’1.
1172 2543 1187 2578 Ι
1217 2554 1302 2593 pag.
1327 2542 1474 2580 376—-

812 2600 905 2640 378
910 2600 935 2620 “
966 2598 1034 2636 Cr
1073 2612 1077 2617 ·

869 2655 1053 2706 οἴχεσθαι
1091 2651 1308 2706 διαβαντας
1348 2668 1473 2692 ποτα-

813 2727 892 2763 μον
911 2708 1072 2763 Ἀραξεα
1094 2710 1159 2751 ἐπὶ
1179 2713 1255 2763 γῆν
1273 2706 1346 2759 τήν
1371 2711 1472 2758 Κιμ-

815 2767 971 2821 μερίην]
1002 2769 1157 2806 Araxem
1171 2780 1239 2819 pro
1261 2766 1375 2814 I'olga
1393 2764 1473 2816 plu-

1514 576 1578 604 Nur
1581 578 1659 605 ratio

1579 620 1662 638 eei-o

1513 643 1580 671 Gra
1581 653 1668 672 ccccccc
1674 654 1700 673 m

1612 687 1699 706 rrrrr
1678 688 1755 740 emu

1494 720 1609 772 comeffli:

1493 778 1531 805 Sc
1517 746 1621 814 cytliixnzi

1633 748 1697 773 11111(

1664 755 1723 806 Nrir

1493 812 1547 840 dan
1573 814 1715 842 aMasas
