1863 3256
106 331 214 358 Darius
250 330 288 357 ml

105 373 168 391 ruui
203 363 272 390 ιιιιὶ).
276 365 366 390 istons

103 403 135 424 et
163 398 286 424 camena
309 384 379 424 iul

104 431 237 461 faciem,
277 431 330 458 hou
333 435 378 458 tes

118 451 273 491 circumitu
300 464 362 491 ela-

104 507 171 533 psus
199 499 313 532 fugisse
340 497 379 524 ad

103 540 238 558 occasum
284 535 378 565 ratus,

103 573 139 592 eo
157 566 265 600 pergit.

432 152 517 193 500

435 331 621 387 σάμενος
669 337 747 375 τοῦ
795 331 982 386 δρόμου,

409 407 621 458 Ξποταμῷ
658 401 809 457 Ὀάρῳ.

407 615 602 666 3ἐρείπια
633 614 726 654 σῶα
754 606 820 667 ἦν.

832 151 1296 192 IIERODOTI

274 265 374 310 124
426 258 538 304 Ἐπεὶ
578 255 639 304 ὧν
680 263 703 306 ὁ
743 265 930 316 Δαρεῖος
977 254 1086 315 ἦλθε
1134 259 1178 311 ἐς
1216 260 1298 317 τήν
1345 261 1529 316 ἐρῆμον,
1581 272 1747 307 παν-95

1048 332 1199 385 ἵδρυσε
1245 331 1323 387 τὴν
1370 333 1574 389 στρατιήν
1624 334 1694 378 ἐπὶ

886 403 1018 443 τοῦτο
1060 401 1106 445 δὲ
1145 400 1350 457 ποιήσας,
1401 401 1513 446 ὀκτώ
1558 406 1694 460 τείχεα

438 474 584 528 ἐτείχεε
613 469 796 526 μεγάλα,
836 471 934 513 ἴσον
972 469 1049 514 ἀπ’

436 547 558 593 δίους
589 540 646 590 ὡς
685 539 892 596 ἑξήκοντα
922 540 1109 596 μάλιστά
1137 560 1215 599 κη·

877 610 948 654 Ἐν
978 609 1013 670 ᾦ
1043 613 1088 657 δὲ
1117 609 1245 665 οὗτος
1270 614 1380 668 πρὸς
1408 619 1545 658 ταῦτα
1573 615 1692 669 ἐτρά-

1089 470 1284 528 ἀλλήλων
1325 471 1557 529 ἀπέχοντα,
1598 487 1693 518 στα-

1262 547 1352 586 τῶν
1382 545 1442 587 ἔτι
1472 544 1512 594 ἐς
1543 544 1612 599 ἐμὲ
1641 544 1693 587 τά

433 699 556 734 πετο,
589 683 632 726 οἱ
662 681 921 739 διωκόμενοι
949 683 1128 728 Σκύθαι
1156 684 1456 741 περιελθόντες
1484 686 1537 729 τὰ
1565 685 1693 730 κατύ·

377 865 556 924 spicatuf
572 884 653 910 esse
680 868 858 919 Volgam,
894 868 1034 920 Lycum

377 934 416 967 et
448 928 590 979 Syr-gin
626 940 670 965 ea
702 927 841 963 Tanais
874 927 1033 973 brachia,

378 986 509 1034 quibus
528 997 622 1022 nunc
639 996 773 1020 nomen
795 982 1035 1019 Meclweditza

378 1046 417 1079 et
443 1040 584 1089 Clioper.
631 1040 762 1077 Ritter.
780 1039 982 1077 Erdkunde
1002 1039 1035 1075 ll

377 1111 414 1147 p.
436 1098 517 1137 765
547 1110 626 1134 cum
644 1097 786 1145 Bayero
810 1095 946 1132 Oarum
967 1108 1035 1146 pro

387 1153 499 1201 l'olga
529 1166 556 1190 s.
589 1152 674 1189 Rha
706 1153 836 1197 habet3
882 1153 929 1189 de
962 1164 1034 1200 quo

377 1210 521 1246 dubitat
551 1210 725 1259 Kiippen.
753 1208 775 1244 l.
806 1208 827 1244 l.
855 1221 942 1259 pag.
970 1210 1032 1248 18.

375 1264 434 1303 De
460 1265 583 1302 Tanai
600 1265 695 1302 conf.
713 1264 776 1311 lV,
795 1264 861 1305 57.

546 1322 660 1371 Cap.
697 1320 861 1358 CXle.

433 1373 690 1427 παυσάμενος
737 1379 810 1416 τοῦ
859 1371 1028 1427 δρόμου]

379 1435 486 1471 Conf.
519 1438 610 1470 nott.
640 1433 689 1471 ad
713 1433 784 1480 IV,
819 1434 911 1474 122.
957 1432 1031 1468 Pro

380 1486 657 1539 παυσάμενος,
695 1489 795 1537 quod
823 1488 945 1539 plures
974 1491 1032 1524 tu-

376 1550 483 1583 entur
500 1547 627 1592 codd.,
665 1544 751 1581 olim
775 1542 1031 1595 παυσαμένου

377 1603 479 1651 quod
512 1607 548 1640 et
583 1603 703 1652 ipsum
743 1601 906 1637 codicum
941 1612 1033 1650 quo-

325 1650 327 1653 *
375 1659 534 1695 rundam
560 1658 773 1694 auctoritate
798 1657 934 1693 nititur.
981 1655 1034 1693 At

376 1714 449 1751 vid.
476 1714 523 1761 11,
550 1716 638 1754 159.
664 1713 725 1759 lv,
751 1716 843 1759 126,
863 1716 1033 1762 reeteque

377 1771 517 1807 monuit
534 1769 683 1806 Dorvill.
714 1770 762 1806 ad
783 1769 923 1807 Charit.
946 1782 1032 1819 pag.

377 1826 480 1873 254,
513 1826 707 1875 legendum
727 1838 808 1863 esse
829 1820 1033 1875 παυσάμε-

377 1897 468 1930 νος,·
515 1895 587 1931 quo
615 1883 806 1932 participio
840 1894 914 1918 non
950 1895 1031 1919 eum

376 1942 540 1985 tantum,
579 1938 640 1987 qui
669 1951 736 1974 sua
761 1942 879 1988 sponte
899 1942 1032 1984 cessat,

375 2007 499 2032 verum
521 1995 630 2032 etiam
652 2008 756 2041 eum,
795 1995 857 2043 qui
876 1995 920 2030 ab
942 2008 1031 2030 cau-

376 2064 418 2087 sa
466 2054 611 2088 externa
649 2051 836 2096 inductus,
893 2054 1032 2087 coactus

375 2111 484 2144 cessat
496 2136 508 2153 ‚
539 2111 578 2143 ut
596 2108 753 2157 speciem
770 2107 944 2157 patientis
963 2109 1030 2144 ad-

375 2168 505 2209 sumat,
531 2164 727 2212 significari
747 2164 929 2209 observat,
952 2176 1031 2201 vcr-

374 2219 413 2256 bi
440 2224 569 2256 natura
599 2220 745 2257 minime
770 2220 855 2257 inde
881 2221 1031 2257 mutata.

431 2270 530 2314 ὀκτώ
555 2276 681 2326 τείχεα
710 2274 846 2326 ἐτείχεε
866 2272 1029 2328 μεγάλα]

375 2330 500 2379 τείχεα
521 2344 618 2368 arces
639 2335 794 2368 munitae
824 2337 930 2379 sunt,
971 2345 1030 2368 ca-

376 2387 489 2423 stella.
529 2388 635 2423 Cous.
655 2388 718 2435 lV,
738 2387 803 2428 46.
842 2389 948 2431 Quae
968 2401 1029 2426 ca-

373 2442 480 2478 stella
501 2455 573 2491 quo
596 2443 674 2479 loco
696 2456 815 2492 quove
835 2445 985 2481 consilio
1006 2457 1028 2480 a

371 2497 486 2535 Dario
525 2500 658 2535 suerint
695 2503 894 2546 exstructa,
938 2500 1028 2537 mul-

374 2557 448 2591 tum
478 2555 573 2592 inter
603 2556 698 2591 viros
725 2555 853 2592 doctos
885 2556 1027 2604 quaeri-

373 2613 442 2647 tur.
483 2610 559 2647 Des
579 2611 743 2660 Guignes
762 2609 802 2662 (l.
826 2611 847 2648 l.
870 2624 906 2661 p.
924 2610 1025 2659 547)

372 2666 410 2702 in
441 2667 646 2713 montibus,
696 2668 794 2704 unde
825 2668 861 2703 in
884 2667 1026 2704 Cauca-

373 2734 452 2758 sum
473 2723 728 2772 interiorisque
749 2723 859 2760 Asiae
878 2735 1025 2773 campos

373 2778 492 2815 aditus
519 2783 665 2830 pateat,
705 2780 740 2817 in
766 2785 863 2818 terra
883 2780 1026 2817 circas-

1093 871 1248 918 siorum,
1277 870 1446 915 aliorum,
1483 871 1572 909 haec
1597 871 1746 910 castella

1091 931 1274 964 exstructa
1304 940 1383 964 esse
1412 931 1540 978 putat,
1578 940 1651 976 quo
1679 928 1747 964 mi-

1092 995 1160 1020 nus
1174 983 1332 1032 Scythae
1354 984 1390 1020 in
1410 984 1518 1021 Asiae
1539 984 1744 1033 provincias

1091 1039 1214 1076 Persis
1251 1040 1416 1076 subditas
1449 1040 1629 1077 incurrere
1659 1052 1745 1089 pos-

1091 1100 1186 1133 sent.
1217 1095 1332 1132 Simili
1351 1096 1496 1132 consilio
1515 1100 1663 1146 postera
1681 1108 1744 1132 ae-

1090 1155 1167 1188 tate
1194 1152 1326 1189 similes
1349 1156 1548 1189 exstructas
1571 1151 1640 1188 illic
1662 1164 1743 1188 esse

1090 1220 1205 1255 arces,
1222 1208 1268 1244 ab
1287 1208 1384 1245 hisce
1403 1209 1495 1245 bene
1515 1208 1742 1257 distinguen-

1089 1264 1166 1300 das.
1196 1263 1293 1300 Add.
1314 1264 1466 1301 Danvill.
1487 1264 1574 1301 ibid.
1598 1277 1634 1314 p.
1648 1263 1742 1304 587.

1088 1319 1267 1357 Rennelio
1287 1325 1432 1358 auctore
1450 1334 1486 1370 p.
1508 1318 1589 1362 420
1609 1320 1740 1357 Darius

1088 1376 1264 1413 orientem
1283 1389 1406 1413 versus
1435 1377 1480 1413 ad
1501 1388 1582 1413 eam
1600 1375 1742 1424 volgae

1087 1436 1229 1482 partem
1272 1445 1387 1481 usque
1433 1432 1621 1483 pervenit,
1668 1432 1741 1481 quai

1089 1489 1182 1524 circa
1197 1489 1381 1536 regionem
1393 1488 1555 1525 Zaritzin
1574 1488 1743 1525 occiden-

1088 1547 1163 1581 tem
1209 1557 1333 1581 versus
1373 1544 1521 1581 multum
1561 1548 1740 1591 curvatur,

1088 1611 1205 1650 prope
1225 1601 1389 1637 Saratow
1412 1601 1480 1637 sub
1501 1601 1620 1648 gradu
1637 1601 1743 1650 quin-

1089 1657 1301 1705 quagesimo
1319 1658 1437 1707 primo
1459 1656 1656 1694 latitudinis
1679 1657 1743 1693 bo-

1088 1712 1208 1750 realis.
1266 1713 1349 1757 Quo
1381 1726 1497 1762 usque
1527 1724 1742 1763 progressus

1088 1781 1175 1817 rex,
1203 1768 1317 1806 veloci
1336 1769 1474 1818 Volgae
1494 1782 1598 1806 cursu
1617 1765 1672 1805 ad'
1685 1781 1742 1806 re-

1089 1825 1205 1862 ditum
1232 1826 1300 1862 suit
1326 1833 1492 1873 coactus,
1533 1826 1562 1861 si
1589 1825 1740 1862 Renne-

1085 1880 1172 1918 lium
1185 1882 1320 1920 audias,
1350 1881 1567 1919 Dahlmann.
1580 1882 1741 1929 (Herod.

1087 1950 1125 1987 p.
1144 1939 1238 1986 161)
1269 1939 1315 1976 de
1342 1938 1426 1988 ipsis
1451 1938 1613 1985 arcibus,
1651 1950 1742 1987 qua-

1086 2007 1165 2030 rum
1196 1993 1367 2043 reliquias
1386 1994 1596 2031 Herodotus
1621 2007 1661 2032 se
1689 1994 1742 2030 vi-

1088 2050 1185 2088 disse
1203 2054 1369 2096 testatnr,
1397 2055 1439 2087 ut
1456 2051 1611 2087 dubitari
1630 2063 1740 2100 posse

1086 2111 1223 2155 negat,
1262 2107 1312 2143 ita
1334 2107 1401 2144 hoc
1419 2107 1542 2157 potius
1561 2119 1742 2156 quaeren-

1087 2163 1174 2200 dum
1200 2163 1399 2209 existimat,
1437 2168 1555 2200 utrum
1579 2176 1600 2199 a
1626 2163 1739 2199 Dario

1086 2219 1166 2256 illae
1200 2220 1334 2256 fuerint
1368 2223 1591 2265 exstructae,
1631 2231 1740 2268 prae-

1086 2276 1207 2313 sertim
1255 2288 1335 2312 cum
1373 2275 1521 2323 intelligi
1566 2279 1740 2323 nequeat,

1084 2345 1158 2380 quo
1207 2331 1354 2368 consilio
1395 2336 1430 2368 et
1467 2344 1660 2380 quemnam
1702 2332 1739 2367 iu

1086 2388 1194 2425 finem
1211 2388 1484 2425 commodumve
1502 2388 1591 2424 haec
1609 2387 1739 2425 castel-

1086 2443 1121 2480 la
1142 2444 1229 2492 erigi
1251 2457 1312 2480 rex
1333 2443 1495 2481 voluerit

1138 2494 1212 2537 Ἐν
1234 2500 1263 2537 ώ
1287 2498 1328 2537 δὲ
1345 2493 1733 2550 οὗτος-ἒτραπετο]

1083 2556 1125 2591 Iu
1153 2568 1224 2591 una
1261 2557 1433 2606 temporis
1472 2557 1526 2605 sig³
1515 2557 1736 2593 uilicatione

1084 2611 1414 2658 (nos:u‹'‹l11eml)
1443 2613 1540 2662 apud
1567 2613 1737 2650 Herodo-

1083 2671 1156 2703 tum
1189 2668 1259 2704 dici
1299 2667 1340 2706 ἐν
1376 2669 1405 2705 (ὁ
1436 2681 1556 2718 neque
1593 2667 1636 2707 ἐν
1669 2670 1736 2720 τῶ,

1082 2723 1200 2760 multis
1226 2725 1397 2774 exemplis
1425 2726 1581 2774 probare
1600 2725 1736 2761 studuit

1080 2780 1300 2832 Struvelp.
1324 2783 1391 2823 39.
1412 2803 1468 2808 —
1499 2781 1541 2819 ln
1565 2794 1669 2831 seqq.
1687 2779 1736 2817 ad
