1863 3256
436 226 515 266 AD
557 225 874 266 HERODOT.
914 226 988 272 ΙΙΙ,
1019 229 1098 267 119
1129 230 1205 266 coll.
1239 233 1307 278 lv,
1344 238 1431 276 129.
1604 239 1685 278 (361

174 339 240 377 bus
273 339 472 377 deficerent
499 339 559 378 01,
586 341 664 385 92,
698 343 718 381 1
743 338 898 381 =412
928 351 962 376 a.
987 337 1105 376 (ΠΗ-,2
1147 354 1233 379 num
1268 347 1342 382 veri
1376 348 1489 386 simile
1522 350 1571 387 sit
1597 356 1686 398 tum,

173 420 285 457 quum
306 406 436 456 Lysias
465 407 600 458 aliique
619 408 894 447 Atheniensium
919 407 1025 446 amici
1050 408 1108 447 vel
1133 409 1351 448 eiicerentur
1368 414 1422 451 vel
1441 415 1686 465 discederent,

171 475 428 523 Herodotum,
457 489 568 527 quem
590 481 692 514 tanto
710 476 876 515 Athenas
895 476 1018 514 studio
1037 476 1263 528 complexum
1290 491 1371 516 esse
1400 482 1573 530 sciamus,
1614 485 1686 521 illic

172 544 389 582 remansisse
401 542 421 581 ‘3
452 567 504 573 —-
535 543 715 594 Magnum
733 545 873 583 facinus
892 545 1112 593 aggredior3
1142 546 1211 584 sed
1227 547 1312 584 vide
1332 558 1379 584 ne
1398 547 1477 597 ipsa
1496 549 1555 587 illa
1578 551 1687 601 Anyti

171 612 310 649 mentio
339 613 439 663 apud
469 612 701 650 Plutarchum
730 626 799 651 nos
828 617 962 662 cogat,
1001 616 1040 650 ut
1061 617 1148 664 post
1166 613 1265 652 illum
1284 626 1419 652 annum
1438 612 1520 655 412
1536 615 1688 656 Athenis

171 679 286 717 fuisse
304 680 539 718 Herodotum
557 681 684 730 ibique
709 693 803 732 opus
822 693 926 717 suurn
937 709 950 727 ,
979 681 1082 731 quod
1104 686 1182 719 tum
1199 683 1271 720 iam
1292 682 1500 721 absolutum
1522 695 1603 721 esse
1623 698 1688 734 po-

171 747 263 794 tuit,
302 748 476 786 recitasse
504 752 728 796 statuamus3
766 753 807 786 ut
834 753 1000 795 taceam,
1030 762 1095 796 ea,
1138 763 1235 800 quae
1263 751 1336 799 IX,
1375 752 1427 791 73
1461 749 1509 787 de
1532 749 1688 789 Decelea

171 814 340 864 scripsit,
383 828 496 865 quum
525 821 624 855 recte
654 830 677 854 a
701 818 787 855 viris
819 818 937 854 doctis
965 818 1015 854 ad
1050 817 1130 855 illos
1166 820 1268 869 ipsos
1306 831 1422 856 annos
1451 817 1570 856 relata
1603 819 1689 866 sint,

171 881 286 918 multo
309 882 448 921 facilius
479 884 590 922 oculis
621 884 719 923 illum
745 899 856 936 quam
885 885 1034 923 auribus
1056 888 1245 938 percipere
1267 886 1444 937 potuisse.
1503 884 1603 928 Quin
1631 885 1690 923 ille

171 961 320 998 quoque
363 965 508 1000 rumor,
578 953 677 991 cuius
723 955 822 1005 apud
860 954 1013 991 suidam
1063 952 1119 1004 (s,
1157 967 1192 991 v.
1231 950 1463 1006 Ἡρόδοτος,
1510 953 1618 992 Tom.
1657 954 1690 991 ΙΙ

169 1029 257 1069 pag·
299 1021 352 1059 76
389 1021 530 1070 Kust.)
587 1023 764 1060 memoria
814 1027 934 1061 exstat
954 1036 963 1059 :
1028 1020 1135 1070 τινὲς
1190 1021 1233 1063 δὲ
1287 1021 1329 1063 ἓν
1380 1020 1513 1076 Πέλλῃ
1566 1016 1690 1062 αὐτόν

170 1088 400 1138 τελευτῆσαι
446 1089 591 1139 φασίν,
657 1090 762 1128 nim1s
809 1091 868 1129 ille
918 1089 1069 1139 indigne
1114 1104 1137 1129 a
1173 1092 1359 1142 plerisque
1410 1093 1575 1140 spretus,
1624 1090 1689 1128 ali-

170 1166 280 1203 quam
309 1159 432 1205 certe,
470 1170 546 1194 non
575 1157 693 1194 dicam
721 1158 1033 1196 confirmationem
1048 1186 1059 1206 ,
1102 1159 1169 1196 sed
1191 1159 1468 1210 explicationem
1488 1159 1576 1196 inde
1597 1172 1689 1197 nan-

170 1222 338 1272 ciscitur,
376 1225 439 1263 ubi
466 1225 705 1263 Herodotum
733 1227 801 1264 sub
828 1226 939 1266 finem
964 1225 1048 1264 belli
1073 1225 1375 1277 Peloponnesiaci
1402 1239 1478 1264 non
1509 1227 1546 1264 in
1571 1226 1689 1275 ltalia,

170 1291 237 1329 sed
261 1292 298 1329 in
320 1292 476 1331 Graecia
496 1294 575 1344 ipsa
594 1298 799 1333 versantem
823 1296 1046 1345 cogitamus3
1085 1297 1213 1331 notum
1234 1295 1330 1332 enim
1351 1298 1427 1343 est,
1453 1299 1593 1344 quanto
1613 1299 1689 1332 tum

170 1360 292 1397 studio
311 1359 535 1409 Archelaus,
565 1360 806 1400 Macedoniae
832 1375 917 1410 rex,
957 1361 1138 1412 quidquid
1161 1362 1350 1400 doctorum
1371 1363 1558 1400 hominum
1576 1361 1690 1400 Athe-

168 1440 239 1466 nae
265 1429 467 1478 haberent,
514 1430 564 1467 ad
591 1442 632 1468 se
667 1430 898 1476 invitaverit3
939 1433 977 1468 et
1002 1429 1216 1480 Euripidem
1248 1430 1396 1479 quidem
1427 1434 1610 1469 mortuum
1638 1431 1689 1467 ibi

168 1499 313 1534 constat
335 1500 374 1535 et
392 1496 600 1548 sepultum,
630 1497 786 1535 Athenis
805 1497 1078 1549 Cenotaphium
1099 1500 1242 1535 tantum
1265 1499 1342 1536 eius
1363 1499 1528 1546 exstitit,
1565 1498 1688 1536 Hero-

169 1565 298 1602 dotum
326 1568 451 1603 tamen
481 1578 556 1603 non
585 1566 615 1602 is
647 1565 716 1603 sim
747 1566 942 1615 equidem,
973 1566 1036 1616 qui
1059 1569 1187 1602 contra
1209 1565 1354 1616 potiora
1373 1568 1582 1606 testimonia
1600 1567 1689 1618 ipsis

170 1631 322 1670 Thuriis
342 1633 439 1671 diem
460 1634 596 1671 obiisse
614 1646 768 1682 negem,
799 1646 873 1683 quo
893 1634 953 1672 ille
969 1647 1061 1685 pace
1078 1634 1174 1671 inter
1184 1633 1500 1675 Lacedaemonios
1519 1643 1557 1676 et
1572 1637 1688 1676 Athe-

168 1701 314 1739 nienses
334 1702 431 1739 facta
451 1701 556 1740 facile
577 1702 697 1740 redire
715 1703 847 1752 potuit.
905 1702 983 1740 Sed
1004 1702 1073 1740 hae
1090 1702 1240 1752 quidem
1265 1702 1562 1743 hallucinationes
1581 1709 1689 1752 sunt3

168 1770 299 1820 quibus
328 1774 451 1808 tamen
481 1771 624 1808 reiectis
653 1769 740 1807 illud
766 1776 938 1808 constare
968 1770 1149 1818 arbitror,
1197 1783 1259 1808 eas
1281 1772 1402 1821 operis
1418 1776 1562 1823 partes,
1593 1784 1689 1822 quae

169 1838 351 1876 Graeciae
376 1851 436 1876 res
457 1836 811 1888 Atheniensiumque
828 1838 957 1877 laudes
974 1839 1185 1885 continent,
1215 1839 1329 1876 serius
1353 1852 1462 1889 quam
1481 1840 1592 1889 vulgo
1613 1852 1689 1878 cre-

169 1907 300 1953 datur,
340 1910 377 1944 et
402 1908 624 1958 compositas
657 1907 704 1944 ab
734 1907 795 1943 illo
822 1910 859 1945 et
885 1907 1055 1945 recitatas
1082 1905 1237 1944 Athenis
1265 1919 1366 1954 esse3
1402 1907 1542 1959 priores
1562 1907 1689 1953 libros,

168 1975 301 2024 quibus
328 1975 496 2014 itinerum
525 1988 671 2013 suorum
695 1976 908 2013 memoriam
931 1979 1208 2024 exterarumque
1225 1976 1410 2014 nationum
1430 1989 1551 2014 mores
1577 1979 1688 2025 atque

168 2056 227 2082 res
256 2047 380 2092 gestas
409 2044 657 2094 consignavit,
703 2044 851 2082 minime
876 2044 1095 2095 repugnabo
1116 2043 1146 2080 si
1175 2043 1279 2092 quis,
1316 2044 1476 2082 collectis
1505 2045 1688 2092 omnibus,

168 2123 263 2162 quae
281 2112 358 2150 veri
377 2112 505 2149 similia
523 2124 604 2150 esse
623 2124 734 2162 supra
757 2112 937 2159 indicavi,
976 2113 1047 2150 iam
1077 2115 1163 2149 ante
1183 2111 1401 2149 Thuriorum
1425 2111 1602 2149 coloniam
1623 2112 1688 2149 de-

169 2181 318 2218 ductam
357 2184 394 2217 et
426 2181 583 2230 scriptos
621 2183 657 2217 et
686 2192 754 2230 per
798 2181 1034 2218 recitationes
1063 2180 1216 2217 Graecis
1257 2180 1460 2218 innotuisse
1496 2180 1688 2226 censuerit,

170 2249 281 2286 modo
299 2261 347 2286 ne
365 2248 534 2294 eandem,
554 2247 629 2297 qua
646 2261 744 2284 nunc
762 2247 947 2297 leguntur,
975 2249 1128 2286 formam
1148 2248 1220 2286 iam
1240 2252 1317 2286 tum
1339 2249 1510 2287 habuisse
1531 2250 1687 2285 conten-

170 2317 248 2355 dat.
304 2315 438 2365 Neque
458 2315 653 2366 Olympiae
675 2316 849 2354 recitasse
878 2329 1011 2366 negem
1036 2330 1144 2364 eum,
1183 2326 1291 2366 quem
1317 2321 1354 2354 et
1372 2316 1569 2354 Corinthiis
1592 2315 1688 2365 (Dio

171 2382 365 2435 chrysost.
386 2384 562 2421 XXXVIl
583 2397 620 2434 p.
643 2382 726 2424 456
744 2383 908 2434 Morell.)
945 2388 984 2422 et
1016 2385 1206 2423 Thebanis
1232 2384 1349 2432 (Plut.
1377 2385 1425 2422 de
1444 2385 1584 2423 Herod.
1605 2385 1689 2422 Mn-

171 2453 260 2501 lign.
283 2466 314 2491 c.
336 2454 409 2499 31)
438 2452 608 2490 historias
637 2465 721 2489 suas
743 2453 951 2491 venditasse
976 2453 1164 2503 legamus3
1203 2453 1306 2502 quod
1335 2455 1460 2490 tamen
1485 2454 1514 2489 si
1536 2454 1607 2490 iam
1629 2451 1688 2489 Ol.

173 2522 226 2561 81
246 2521 380 2558 sactum
400 2525 480 2570 est,
510 2532 660 2571 parvam
678 2524 821 2559 tantum
840 2521 955 2558 totius
983 2521 1108 2573 operis
1124 2524 1271 2572 partem
1291 2521 1602 2572 comprehendere
1620 2531 1689 2570 po-

171 2588 284 2625 tuisse
306 2593 405 2626 recte
425 2589 584 2638 Heysius
610 2588 806 2636 intellexit,
841 2590 898 2627 cui
919 2603 1016 2640 quae
1038 2590 1210 2639 Iaegerus
1230 2602 1346 2639 nuper
1369 2587 1542 2639 opposuit
1572 2587 1687 2636 (pag.

176 2656 270 2704 12):
302 2668 377 2692 non
393 2656 460 2693 nisi
477 2656 626 2707 reliquis
647 2657 835 2695 itineribus
854 2658 1029 2696 confectis
1050 2657 1260 2707 magnaque
1279 2668 1398 2694 rerum
1416 2654 1523 2705 copia
1541 2652 1691 2691 collecta

171 2727 290 2761 totam
310 2723 433 2773 operis
453 2725 655 2771 rationem,
698 2726 796 2763 unde
825 2726 967 2776 singula
998 2726 1208 2777 pendeant,
1246 2722 1430 2760 Herodoti
1451 2721 1571 2757 animo
1596 2719 1692 2757 desi-

173 2791 280 2840 gnari
297 2788 483 2841 potuisse3
520 2804 633 2841 quum
656 2793 706 2830 ad
733 2794 886 2831 formam
907 2798 1051 2832 tantum
1079 2791 1200 2842 operis
1230 2793 1417 2840 spectent,
1457 2799 1575 2826 rerum
1594 2787 1691 2838 ipsa-

173 2871 254 2896 rum
278 2858 532 2896 recitationem
561 2871 635 2897 non
666 2859 885 2899 convellunt.
