1863 3256
0 1447 66 1540 ει

428 91 992 134 MELPOMENE.
1049 93 1114 133 IV.

1318 100 1402 142 431

108 204 186 256 339
203 204 284 261 τήν
306 206 511 262 Θρηΐκην.
553 202 810 260 πυθόμενος
832 202 877 246 δὲ
900 200 924 246 ὁ
944 201 1272 260 Ὀκταμασάδης
1294 209 1404 249 ταῦ-

135 293 210 328 τα,
254 274 531 330 ἐστρατεύετο
560 274 628 318 ἐπὶ
666 275 746 330 τήν
783 276 999 331 Θρηΐκην·

1059 274 1150 318 ἐπεί
1178 291 1223 318 τε
1255 275 1300 320 δὲ
1335 277 1402 320 ἐπὶ
1417 283 1460 318 85

103 348 198 404 4τῷ
216 346 371 405 ’Ίστρῳ
403 347 593 403 ἐγένετο,
632 345 844 402 ἠντίασάν
873 363 949 401 μιν
979 347 1022 390 οἷ
1053 345 1250 402 Θρήϊκες.
1308 351 1406 403 μελ-

131 418 302 462 λόντων
333 418 379 461 δὲ
410 417 558 461 αὐτῶν
589 418 820 469 συνάψειν,
854 417 1015 472 ἔπεμψε
1038 417 1255 475 Σιτάλκης
1283 419 1406 474 παρὰ

130 489 211 533 τόν
237 487 590 543 Ὀκταμασάδην,
639 487 778 542 λέγων
814 486 984 531 τοιάδε·
1036 521 1062 542 ,,
1080 492 1131 532 Τί
1167 493 1235 535 δεῖ
1269 490 1406 547 ἡμέας

132 559 333 615 ἀλλήλων
372 562 664 613 πειρηθῆναις
724 555 784 608 εἶς
823 557 902 609 μέν
941 564 1022 615 μεῦ
1065 565 1141 617 τῆς
1189 561 1463 619 ἀδελφεῆςΘο

102 635 258 680 ὀπαῖς,
301 629 407 684 ἔχεις
447 629 493 673 δέ
531 646 612 684 μευ
650 627 883 685 α’δελφεόν.

954 631 1009 673 σύ
1069 629 1080 646 ’
1119 634 1129 647 ’
1195 634 1204 648 “
1253 633 1264 647 ’
1316 633 1325 645 ’

1040 649 1063 674 τ
1113 649 1208 688 εμοι
1240 636 1404 684 αποδος

127 704 311 753 τοῦτον,
351 701 426 744 καὶ
460 700 543 756 ἐγώ
576 700 646 744 σοὶ
675 701 752 744 τόν
782 700 862 745 σόν
891 700 1072 758 Σκύλην
1101 707 1401 760 παραδίδωμι·

99 782 121 815 6
135 776 314 829 στρατιῇ
335 772 380 815 δὲ
399 771 505 828 μήτε
527 772 581 815 σύ
598 771 912 829 κινδυνεύσῃς,
944 772 1047 828 μήτ’
1078 774 1200 829 ἐγώ.“

1250 775 1400 820 Ταῦτά

127 846 171 888 οἱ
200 843 371 900 πέμψας
399 842 423 886 ὁ
441 843 656 899 Σιτάλκης
687 843 1050 900 ἐπεκηρυκεύετο·
1081 840 1139 902 ἦν
1166 846 1250 902 γάρ
1280 847 1399 902 παρά

125 920 187 975 τῷ
203 913 508 971 Ὀκταμασάδη
532 913 745 970 ἀδελφεὸς
770 915 1016 965 Σιτάλκεω,
1048 917 1279 974 πεφευγώς
1297 921 1400 961 τοῦ·

98 993 220 1031 7τον.
281 986 305 1031 ὁ
334 987 379 1031 δὲ
405 985 734 1043 Ὀκταμασάδης
763 987 979 1030 καταινέει
1002 991 1157 1030 ταῦτα·
1203 988 1455 1040 ἐκδιδοὺς95

128 1059 175 1102 δὲ
214 1058 293 1102 τόν
330 1058 500 1102 ἑωυτοῦ
537 1057 717 1115 μήτρωα
757 1057 976 1115 Σιτάλκη,
1018 1058 1143 1114 ἔλαβε
1173 1060 1250 1103 τὸν
1281 1059 1400 1103 άδελ-

99 1128 244 1185 8φεὸν
281 1129 472 1185 Σκύλην.
530 1131 604 1173 καὶ
640 1126 858 1183 Σιτάλκης
899 1130 979 1185 μὲν
1015 1130 1285 1186 παραλαβών
1322 1129 1402 1174 τὸν

127 1199 361 1255 α’δελφεὸν,
395 1199 604 1256 ἀπήγετο·
645 1200 827 1243 Σκύλεω
852 1201 898 1243 δὲ
912 1199 1243 1258 Ὀκταμασάδης
1262 1200 1402 1244 αὐτοῦ

95 1271 266 1329 9ταύτῃ
298 1269 486 1327 ἀπέταμε
515 1272 597 1329 τήν
634 1271 845 1329 κεφαλήν.
907 1271 1031 1315 Οὕτω
1070 1273 1149 1328 μὲν
1185 1271 1401 1326 περιστέλ-

123 1347 252 1387 λουσι
280 1343 333 1387 τά
374 1342 563 1400 σφέτερα
602 1341 765 1399 νόμαια
794 1342 998 1394 Σκύθαι,
1039 1348 1153 1387 τοῖσι
1184 1343 1229 1387 δὲ
1258 1351 1427 1397 παρα-1

62 1671 150 1711 pag.
187 1659 282 1700 236.
341 1657 550 1696 Blomfield.
583 1658 631 1696 ad
652 1656 729 1697 Ae-

64 1715 175 1764 schyl.
198 1716 238 1752 S.
255 1728 285 1752 c.
305 1714 376 1753 Th.
400 1716 476 1752 init.
530 1714 611 1752 Alia
632 1716 729 1753 exci-

0 1805 7 1825 ,Α
64 1776 120 1809 tat
149 1772 336 1809 Schaefer.
367 1773 415 1808 ad
444 1771 629 1810 Plutarch.
652 1773 727 1809 vit.

64 1828 109 1867 Τ.
130 1829 163 1865 V
182 1842 219 1879 p.
242 1830 293 1868 17
316 1828 374 1866 ed.
392 1828 581 1866 Teubner.

120 1880 319 1936 η’ντίασάν
337 1883 421 1935 μιν]
445 1885 554 1922 Conf.
573 1886 619 1932 II,
636 1883 728 1926 141.

62 1941 154 1980 Mox
185 1942 271 1979 dedi
304 1937 439 1980 αὐτῶν
466 1955 534 1992 pro
562 1938 727 1981 αύτὲων.

62 1996 122 2035 Ad
152 1999 301 2036 verbum
334 1993 535 2046 συνάψειν
563 1999 661 2038 conf.
697 2000 726 2047 Ι,

64 2056 118 2096 18
136 2059 174 2093 et
193 2055 242 2091 ad
260 2056 371 2092 verba
388 2050 570 2105 ἀλλήλων
591 2070 727 2106 πειρη-

61 2113 193 2162 θῆναι
209 2112 240 2157 1,
263 2115 328 2153 76.
357 2111 422 2159 IV,
447 2113 539 2153 159.
560 2112 624 2160 111,
644 2115 724 2154 119

62 2168 152 2217 ibiq.
170 2173 264 2205 nott.
294 2168 374 2205 Alia
401 2169 506 2206 dabit
518 2169 723 2219 Schweigh.

62 2224 101 2260 in
119 2224 208 2262 Lex.
227 2225 366 2262 Herod.
388 2247 444 2254 —
475 2225 516 2262 In
533 2239 635 2275 seqq.
655 2240 722 2277 pro

65 2275 114 2319 σύ
136 2279 175 2319 τέ
205 2296 295 2332 μοι,
334 2283 434 2331 quod
465 2281 601 2322 Matth.
637 2284 723 2320 reti-

63 2337 161 2383 nuit,
201 2351 281 2375 cum
305 2338 507 2388 Schweigh.
536 2344 575 2377 et
606 2339 722 2378 Gaisf.

63 2393 206 2431 exhibui
228 2391 277 2433 σύ
296 2391 334 2433 τ’
357 2394 457 2446 ἐμοὶ.

125 2451 258 2488 Ταῦτα
293 2472 348 2478 -
387 2447 722 2504 ἐπεκηρυκεύετο]

62 2504 233 2543 Ammon.
253 2507 300 2544 de
312 2508 508 2546 differentt.
528 2522 622 2547 voce.
635 2523 722 2560 pag.

63 2562 117 2602 56
135 2560 496 2614 ἐπικηρυκεύεσθαι
513 2563 556 2605 δὲ
574 2565 721 2618 ἔλεγον,

62 2614 106 2657 τὸ
120 2618 209 2669 περὶ
224 2617 502 2670 συμβιβάσεως
512 2621 580 2661 καὶ
600 2634 723 2663 σπον-

65 2675 149 2714 δῶν
177 2672 247 2722 τάς
268 2672 401 2723 πόλεις
426 2673 605 2730 κη’ρυκας
624 2677 724 2731 πρὸς

63 2727 237 2784 άλλήλας
255 2731 518 2785 πέμψασθαι,
547 2736 595 2773 ad
614 2748 722 2787 quem

121 1413 381 1471 κτωμένοισι
396 1414 612 1468 ξεινικούς
626 1413 792 1470 νόμους
803 1418 987 1458 τοιαῦτα
1005 1414 1194 1471 ἐπιτίμια
1211 1417 1398 1459 διδοῦσι.

240 1489 424 1543 Πλῆθος
453 1487 500 1531 δὲ
529 1486 578 1531 τό
608 1488 827 1530 Σκυθέων
866 1484 950 1530 οὐκ
981 1483 1075 1538 οἷός
1113 1502 1158 1531 τε
1187 1485 1398 1544 ἐγενόμην

786 1658 904 1697 locum
922 1657 1098 1697 Valcken.
1120 1658 1158 1696 in
1176 1656 1452 1697 Animadverss.

786 1715 815 1763 Ι,
838 1718 891 1757 20
911 1728 997 1767 pag.
1015 1719 1080 1756 79.
1101 1717 1155 1757 80
1169 1744 1179 1763 ,
1210 1716 1360 1753 verbum
1383 1716 1453 1753 hoc

785 1777 909 1810 monet
935 1785 1010 1808 non
1031 1772 1145 1809 solum
1168 1773 1215 1810 de
1234 1773 1454 1810 caduceato-

785 1829 884 1866 ribus
903 1828 1051 1879 publica
1081 1830 1302 1866 auctoritate
1320 1829 1454 1877 missis,

787 1886 854 1922 sed
884 1886 932 1923 de
965 1886 1190 1936 privatorum
1219 1899 1366 1936 quoque
1388 1885 1455 1922 ho-

785 1943 921 1980 minum
955 1943 1096 1979 nunciis
1128 1942 1306 1979 adhiberi.
1356 1942 1454 1980 Add.

785 1998 926 2036 Viimel.
954 2000 1001 2036 ad
1021 1999 1262 2037 Demosthen.
1281 2000 1385 2036 Orat.
1405 1999 1453 2037 de

784 2056 869 2094 Pac.
889 2070 927 2106 p.
946 2055 1107 2096 245.-—
1127 2056 1185 2094 De
1198 2055 1336 2093 Sitalce
1354 2056 1450 2093 conf.

782 2112 874 2160 Vll,
910 2114 1001 2153 137.
1051 2112 1142 2149 Post
1161 2109 1370 2164 πεφευγώς
1392 2125 1451 2151 re-

782 2170 863 2220 cepi
891 2171 1035 2208 τοῦτον
1063 2182 1143 2206 cum
1171 2170 1377 2219 Schweigh.
1407 2172 1446 2207 et

782 2226 902 2263 Gaisf.
931 2225 1052 2276 Vulgo
1074 2227 1189 2263 abest.

835 2281 1032 2322 καταινέει
1052 2281 1191 2333 ταῦτα]
1238 2282 1348 2319 Conf.
1381 2281 1446 2329 III,

780 2341 836 2381 73
858 2340 920 2377 fin.
940 2338 1007 2378 καὶ
1040 2337 1187 2386 πάντες
1215 2341 1339 2378 ταῦτα
1368 2338 1447 2377 αἲ-

780 2410 910 2435 νεον.
932 2417 983 2425 -
1007 2397 1049 2434 In
1071 2409 1175 2446 seqq.
1199 2397 1247 2433 ad
1269 2398 1446 2447 παραλα-

781 2450 868 2505 βών
889 2454 985 2491 conf.
1006 2453 1077 2500 111,
1111 2455 1165 2494 70
1191 2454 1272 2490 init.
1299 2473 1356 2479 —
1388 2452 1448 2489 De

781 2510 965 2548 locutione
1002 2505 1129 2549 αὐτοῦ
1158 2506 1282 2563 ταύτῃ
1313 2509 1386 2545 vid.
1417 2508 1447 2554 I,

782 2568 863 2608 189
884 2567 971 2616 ibiq.
995 2572 1090 2604 nott.
1122 2567 1240 2604 Usum
1259 2566 1359 2603 verbi
1380 2578 1449 2601 πε-

781 2621 993 2674 ριστέλλειν
1022 2624 1129 2672 attigi
1165 2624 1212 2660 ad
1248 2622 1306 2667 11,
1355 2621 1446 2660 147.

779 2680 831 2718 ΙΙΙ
845 2708 855 2728 ,
886 2682 952 2720 31.
1012 2680 1070 2718 De
1110 2680 1191 2731 ipso
1228 2680 1443 2727 argumento

780 2737 874 2775 conf.
894 2735 959 2783 IV,
981 2739 1048 2778 76.

1503 1489 1685 1524 Sqtharum

1453 1529 1569 1560 quanta
1601 1525 1735 1553 multitu-
