1863 3256
396 187 480 226 198
791 185 1259 224 HERODOTI

61 303 294 334 cundhmimum:

62 339 168 377 leaena
180 358 190 372 ,
212 337 339 366 steriliu-

62 380 180 400 mulum.

368 293 474 346 Ξτάς
501 293 669 350 ἐχίδνας
697 292 942 350 ἠπιστάμην
965 294 1180 350 γίνεσθαι.
1220 294 1308 337 Καί
1329 308 1415 344 κως
1432 295 1513 335 τοῦ
1535 292 1661 335 θείου

340 448 523 487 Phalarid.
541 448 657 500 Epist.
680 461 766 498 pag
792 446 870 487 148
891 460 911 484 a
934 448 998 486 Cr.

341 505 529 543 laudatus:
561 529 612 535 —
651 505 684 543 εἰ
724 500 778 554 μή
816 504 878 554 γίι
884 508 1001 542 εσθαι

341 557 429 601 κατ’
455 559 619 608 αὐτους,
650 556 734 599 οἶόν
760 574 796 598 τι
820 559 889 597 καὶ
910 562 1002 614 τῆσι

342 618 519 673 ε’χίόνῃσι
550 611 781 668 ἠπιστάμην
817 616 1002 667 ,ίνεσθαι

342 676 496 721 κακῶς,
542 688 613 712 του
653 671 771 710 θείου
813 672 1001 735 προνοίῃ,

342 727 474 781 ὥσπεο
504 727 571 767 καὶ
602 724 708 774 οἰκός
739 726 840 775 ἐστι,
879 724 999 782 ἕουσῃ

342 789 453 840 σοφῇ
473 801 508 824 κ.
530 800 562 824 τ.
587 787 619 822 λ.
666 784 773 827 Quae
795 797 876 822 cum
896 786 1003 822 nimis

342 827 518 880 recedant
556 854 579 877 a
620 841 787 877 codicum
825 841 1003 890 vestigiis,

342 901 508 949 praestat
539 909 619 934 eam
658 897 763 945 sequi
799 896 1005 944 lectionem,

346 967 455 1004 quam
482 953 600 990 Gaisf.
624 952 797 990 exhibuit.

404 1008 575 1056 Καίκως
586 1010 660 1048 τοῦ
671 1008 789 1047 θείου
799 1006 1007 1060 ἦπρονοίη

345 1081 380 1105 κ.
409 1081 442 1104 τ.
471 1064 529 1116 λ.]
570 1065 814 1102 coniunctum
849 1065 919 1103 hoc
951 1069 1008 1103 est

345 1135 425 1160 cum
444 1122 609 1159 universa
621 1121 748 1159 Nostri
766 1123 949 1160 sententia
960 1123 1008 1159 de

342 1179 490 1216 numine
520 1178 672 1227 eiusque
698 1178 732 1214 vi
764 1179 801 1215 in
825 1180 923 1216 omni
950 1191 1009 1216 re·-

343 1248 421 1272 rum
454 1239 598 1272 natura.
670 1234 777 1278 Quae
807 1247 887 1272 cum
925 1233 1007 1272 talis

343 1293 414 1340 sit,
445 1291 542 1328 utin
570 1290 736 1328 omnibus
766 1291 903 1328 iustum
928 1304 1007 1328 mo-

345 1349 433 1385 dum
460 1347 581 1385 valere
608 1347 707 1394 velit,
739 1347 869 1385 iamin
898 1348 1006 1386 rebus

344 1405 510 1441 humanis
526 1403 733 1452 mutuisque
751 1403 937 1441 hominum
950 1417 1010 1441 ra-

345 1460 504 1497 tionibus
542 1459 807 1509 aequabilitate
848 1461 1009 1510 quadam

345 1517 577 1562 continetur,
607 1516 680 1565 qua
707 1529 772 1553 sua
792 1517 924 1566 cuique
943 1517 1010 1553 tri-

346 1573 507 1610 buantur
542 1585 662 1621 neque
689 1573 856 1620 cuiquam
890 1573 1009 1619 liceat,

345 1629 496 1666 modum
526 1628 624 1666 illum
653 1632 718 1664 aut
747 1628 838 1665 fines
866 1630 1009 1679 positos

346 1685 579 1733 transgredi,
608 1684 679 1721 nisi
705 1685 862 1721 numinis
890 1685 1010 1722 vindi-

345 1745 439 1778 ctam
459 1741 496 1777 in
511 1754 552 1778 se
570 1753 769 1791 provocare
782 1741 883 1778 velit.
915 1741 1011 1779 Nam

342 1798 533 1847 deusipse
549 1797 682 1834 vindex
699 1799 805 1846 quasi
828 1802 883 1836 est
900 1798 1006 1835 huius

345 1866 468 1891 rerum
491 1854 631 1890 ordinis
651 1854 823 1891 divinitus
843 1855 880 1890 in
902 1858 1010 1891 natu-

344 1923 387 1947 ra
408 1910 595 1947 constituti
615 1906 835 1960 (φθονερὸς
856 1908 878 1949 ὁ
901 1906 1007 1957 θεός,

346 1967 421 2003 vid.
449 1970 545 2003 nott.
569 1966 618 2004 ad
638 1967 666 2012 Ι,
687 1968 753 2007 32.
783 1966 845 2012 lll,
866 1965 940 2016 40)
971 1967 1009 2003 in

348 2035 422 2071 quo
443 2023 565 2059 omnia
589 2023 635 2059 ab
655 2023 756 2059 initio
776 2023 826 2059 ita
847 2028 930 2059 sunt
947 2035 1009 2058 or-

349 2079 495 2126 dinata,
525 2082 564 2115 ut
584 2078 737 2116 invicem
767 2079 835 2115 sibi
859 2091 1012 2128 respon-

349 2135 462 2172 deant
489 2147 685 2184 secumque
722 2136 940 2172 conveniant
968 2147 1011 2171 ac

347 2192 445 2228 iusto
458 2191 705 2228 moderamine
719 2204 757 2228 se
775 2195 902 2228 mutuo
924 2204 1011 2228 con-

348 2252 503 2284 servent.
544 2248 598 2283 Ita
620 2260 662 2284 ex
684 2248 866 2285 Herodoti
886 2248 933 2284 de
955 2248 1010 2283 ‹li-

345 2303 434 2339 υίηιὶ
454 2303 588 2339 natant
608 2305 787 2341 sententia
806 2308 939 2354 sponte
958 2303 1010 2340 al-

347 2365 427 2396 tera
448 2359 606 2396 exoritur
628 2360 830 2405 dedivimr,
849 2373 943 2409 quae
956 2361 1011 2396 di-

349 2416 453 2463 citur,
470 2416 709 2464 providentia.
780 2416 831 2452 Ut
863 2416 959 2453 enim
990 2429 1012 2452 a

347 2471 526 2522 principio
576 2473 698 2508 omnia
746 2472 918 2508 divinitus
959 2472 1012 2508 sic

348 2532 473 2565 creata
495 2532 579 2564 sunt
606 2541 647 2564 ac
670 2529 868 2577 disposita,
893 2533 932 2564 ut
954 2528 1010 2564 in-

348 2588 423 2620 stus
445 2583 504 2620 ille
527 2585 687 2620 omnium
716 2597 835 2621 rerum
858 2585 1012 2629 modus;

350 2644 586 2678 conservetur
605 2653 671 2677 nec
684 2641 881 2689 quidquam
906 2641 941 2676 in
955 2653 1014 2677 re-

351 2709 430 2733 rum
453 2700 580 2734 natura
601 2697 653 2733 sic
682 2696 823 2743 valcat,
852 2702 889 2732 ut
918 2696 1013 2733 illum

350 2753 499 2790 turbare
511 2753 637 2802 possit,
656 2753 706 2789 ita
729 2753 837 2789 etiam
852 2753 1013 2789 divinum

352 2821 487 2847 numen
501 2809 570 2846 toti
594 2815 749 2846 naturae
770 2821 914 2859 semper
929 2822 1014 2860 pro-

1057 450 1165 498 spicit
1185 453 1296 498 atque
1319 448 1483 494 consulit,
1513 447 1718 496 deprimens

1058 505 1088 540 si
1109 518 1205 554 quae
1226 505 1324 542 illum
1350 506 1497 542 modum
1527 503 1721 550 excedant,

1059 561 1216 609 erigens,
1236 574 1330 611 quae
1343 562 1491 598 inferius
1511 559 1721 608 relinquan-

1058 622 1128 654 tur·
1168 616 1230 654 Tu
1249 618 1343 654 conf.
1366 622 1458 653 nott.
1480 617 1526 652 ad
1553 615 1580 662 l,
1601 617 1656 657 32
1684 619 1721 652 et

1058 674 1198 722 laeger.
1218 674 1253 709 in
1276 673 1435 723 Disputt.
1456 672 1651 709 Herodott.
1681 685 1721 722 p.

1058 728 1113 769 44
1132 741 1210 778 seq.
1248 730 1353 773 Quae
1375 730 1454 779 ipsa
1471 730 1653 766 sententia
1675 729 1722 765 de

1060 786 1182 821 divino
1195 786 1340 822 nurnine
1353 786 1460 823 rebus
1471 789 1622 822 naturae
1633 797 1723 821 con-

1060 841 1205 878 sulente
1230 854 1272 878 ac
1300 842 1515 890 providente
1545 841 1725 889 quemad-

1061 897 1209 934 modum
1236 896 1531 947 philosophorum
1555 898 1591 933 in
1619 897 1724 933 scho-

1061 953 1103 989 lis
1125 954 1322 1002 postmodo
1340 954 1449 990 suerit
1467 952 1622 1000 exculta,
1644 952 1725 1002 plu-

1063 1009 1163 1046 ribus
1194 1009 1428 1058 persequitur
1455 1007 1620 1058 Lennep.
1653 1008 1676 1045 l.
1699 1008 1724 1046 l.

1064 1077 1151 1116 pag.
1175 1063 1255 1106 149
1277 1078 1356 1114 seq.
1386 1065 1533 1101 minime
1553 1063 1613 1101 ille
1644 1063 1728 1113 qui·-

1065 1123 1151 1160 dem
1179 1133 1319 1170 negans
1345 1142 1400 1149 —
1423 1125 1460 1159 et
1484 1120 1564 1170 quis
1587 1132 1726 1170 quaeso

1064 1191 1202 1227 negare
1213 1178 1350 1227 poterit
1360 1176 1380 1213 ‘Z
1401 1201 1452 1206 -—
1471 1177 1576 1213 huius
1588 1177 1727 1214 doctri-

1065 1248 1135 1272 nae
1167 1234 1268 1271 initia
1297 1234 1344 1271 ad
1373 1233 1487 1271 multo
1515 1234 1727 1282 antiquiora

1064 1295 1234 1341 tempora
1268 1291 1472 1341 pertinere,
1521 1302 1631 1339 quam
1676 1290 1727 1326 ad

1064 1346 1269 1393 Platonem,
1299 1347 1361 1396 qui
1381 1347 1516 1397 primus
1533 1347 1628 1383 inter
1645 1345 1728 1396 phi-

1064 1403 1236 1454 losophos
1264 1404 1369 1441 θεοῦ
1402 1399 1618 1453 πρόνοιαν,
1655 1402 1727 1451 qua

1066 1460 1223 1497 muudus
1249 1464 1498 1506 conservetur,
1528 1459 1728 1495 constitue-

1066 1516 1125 1554 rit.
1203 1515 1301 1554 Nam
1341 1520 1427 1553 ante
1457 1515 1727 1564 Anaxagoram,

1066 1573 1128 1622 qui
1158 1572 1296 1622 primus
1323 1571 1524 1619 (Plutarchi
1544 1577 1629 1608 sunt
1647 1583 1729 1608 ver-

1066 1629 1164 1666 bain
1175 1629 1248 1665 vita
1261 1628 1410 1665 Periclis
1421 1641 1451 1665 c.
1464 1627 1509 1677 4)
1522 1629 1623 1666 νοῦν
1643 1625 1731 1666 ἐπέ-

1068 1696 1183 1735 στησε
1212 1687 1296 1730 τοῖς
1328 1680 1457 1731 ὅλοις,
1498 1684 1574 1721 sive
1604 1678 1731 1734 τύχην

1066 1742 1143 1779 sive
1187 1735 1373 1792 ἀνάγκην
1427 1737 1730 1791 διακοσμήσεως

1068 1793 1194 1848 α’ρχῆν
1232 1801 1453 1847 posuerant3
1501 1804 1586 1848 post
1620 1809 1729 1846 quem

1065 1854 1174 1891 Plato
1201 1856 1304 1892 θεοῦ
1335 1849 1529 1903 πρόνοιαν
1552 1854 1588 1890 in
1611 1853 1731 1903 philo-

1065 1910 1231 1960 sophiam
1249 1910 1445 1956 transtulit,
1461 1910 1562 1946 cuius
1583 1915 1730 1946 senten-

1064 1967 1151 2003 tiam
1185 1966 1269 2003 dein
1305 1966 1419 2003 Stoici
1459 1966 1507 2002 ad
1543 1966 1731 2004 doctrinae

1066 2035 1153 2059 suae
1166 2023 1342 2059 rationem
1357 2023 1638 2059 consormarunt.
1653 2022 1730 2058 Sed

1069 2079 1158 2115 haec
1176 2078 1319 2128 longius
1338 2079 1521 2128 persequi,
1540 2079 1586 2115 ab
1607 2079 1731 2115 Hero-

1067 2135 1147 2172 doti
1169 2136 1471 2184 interpretatione
1489 2135 1646 2172 alienum
1676 2135 1730 2170 vi-

1068 2191 1146 2228 deri
1177 2196 1298 2240 queat.
1369 2191 1493 2234 Quare
1522 2191 1590 2228 hoc
1617 2203 1730 2228 unum

1067 2247 1177 2284 modo
1207 2248 1322 2284 teneri
1351 2247 1477 2293 velim,
1507 2248 1610 2284 initia
1638 2247 1730 2284 illius

1068 2304 1256 2340 doctrinae
1276 2304 1322 2340 de
1341 2304 1463 2340 divina
1486 2308 1606 2341 mente
1622 2304 1730 2341 rebus

1067 2359 1234 2396 humanis
1251 2361 1508 2409 prospiciente,
1519 2372 1629 2409 quam
1648 2360 1732 2410 phi-

1068 2415 1209 2465 losophi
1244 2416 1376 2452 Graeci
1413 2421 1606 2466 tantopere
1637 2416 1731 2454 cele-

1068 2472 1492 2517 brarunt‚abllerodoto
1511 2473 1628 2522 repeti
1646 2485 1731 2523 pos-

1069 2541 1131 2574 se,
1161 2528 1223 2577 qui
1255 2529 1300 2564 ab
1334 2529 1411 2564 aliis
1444 2530 1574 2579 prioris
1602 2530 1731 2567 aetatis

1068 2586 1153 2620 viris
1202 2585 1353 2633 ipsoque
1390 2585 1610 2633 Anaxagora
1660 2586 1731 2633 (ad

1069 2653 1179 2689 quem
1201 2641 1359 2689 respexit
1379 2653 1488 2690 supra
1503 2642 1565 2688 Ill,
1585 2644 1638 2681 80
1650 2642 1732 2690 (in.)

1069 2697 1206 2747 primus
1235 2697 1438 2742 discedens,
1469 2699 1516 2734 ad
1543 2711 1607 2744 ea,
1638 2711 1732 2747 quae

1071 2758 1109 2789 et
1130 2753 1271 2789 veriora
1297 2758 1329 2790 ct
1350 2754 1507 2790 humana
1532 2759 1656 2792 mente
1676 2755 1733 2791 di-

1071 2810 1198 2858 gniora
1217 2816 1314 2858 sunt,
1335 2811 1426 2847 xiaun
1446 2812 1550 2861 quasi
1568 2811 1732 2862 aperuis-
