1863 3256
426 219 986 261 MELPOMENE.
1036 222 1097 261 IV.

1309 228 1391 268 5513

105 331 411 383 4Ἀκούσαντες
449 333 495 375 δὲ
532 331 700 375 τούτων
731 333 774 374 οῖ
804 329 915 387 οἷμφὶ
943 330 1020 374 τὸν
1050 329 1243 380 Βάττον,
1289 329 1389 374 ἆπὲ-
1404 340 1447 373 95

131 407 281 445 πλωον
324 401 481 446 ὀπίσω·
532 402 585 445 ου’
615 403 698 457 γάρ
730 401 783 459 δή
817 414 952 458 σφεας
983 401 1098 445 ἀπίει
1129 399 1152 444 ὁ
1183 398 1288 449 θεὸς
1317 405 1392 455 τῆς

131 473 343 529 ἀποικίης,
377 475 480 527 πρὶν
513 474 565 530 δὴ
596 472 835 517 ἀπίκωνται
865 474 907 524 ἐς
937 470 1073 528 αὐτὴν
1101 470 1181 526 τὴν
1208 469 1391 526 Λιβύην.

102 543 408 599 5Ἀπικόμενοι
441 544 485 588 δὲ
518 545 559 595 ἐς
588 544 667 598 τὴν
694 550 856 600 νῆσον,
888 543 960 586 καὶ
991 541 1286 597 ἀναλαβόντες
1315 540 1394 583 τὸν

133 615 304 667 ἔλιπον,
349 614 521 657 ἔκτισαν
561 613 692 671 αὐτῆς
734 620 809 670 τῆς
849 613 1017 669 Λιβύης
1057 617 1204 669 χῶρον
1241 610 1395 655 οἷντίον

129 687 204 738 τῆς
239 682 399 737 νήσου,
449 688 511 741 τῷ
553 683 724 739 οὔνομα
763 680 820 739 ἧν
845 682 1026 738 11Αζιρις,
1064 683 1142 727 τὸν
1179 683 1314 726 νάπαι
1349 699 1395 726 τε

128 751 352 796 κάλλισται
388 752 461 797 ἐπ’
493 752 719 811 ἀμφότεροι
749 758 1057 812 συγκληίουσι,
1096 755 1168 799 καὶ
1197 754 1392 810 ποταμὸς
1449 760 1528 803 351

73 882 167 931 quiis
181 911 191 928 ‚
250 883 455 934 Sophronis
493 883 656 934 inprimis
694 887 731 921 et

72 939 302 989 Epicharmi,
342 953 409 989 pro
442 939 479 978 εἴ
499 955 542 978 κε
563 941 618 978 vel
646 937 729 985 ἒᾶν,

72 996 321 1044 frequentatur
344 995 457 1042 αἴκα,
496 997 729 1034 subiunctivis

73 1053 191 1090 modis
209 1053 406 1090 iunctum.“
430 1052 640 1090 Valcken.
665 1054 730 1090 At-

74 1122 147 1158 que
176 1109 244 1145 hoc
272 1110 391 1158 ipsum
428 1110 611 1146 oraculum
646 1113 728 1159 post

72 1166 196 1202 fictum
223 1166 415 1202 arbitratur
444 1166 487 1202 C.
516 1168 562 1204 Ο.
586 1166 727 1203 Miiller.

73 1222 290 1259 Ort-hornen.
335 1235 422 1272 pag.
453 1222 557 1270 345,
615 1236 727 1271 quum

73 1279 190 1315 omnis
209 1279 255 1315 de
273 1280 417 1328 Cyrene
437 1280 585 1315 condita
598 1279 728 1318 *fabula

73 1335 159 1371 satis
181 1335 289 1371 suerit
308 1335 471 1381 exculta,
507 1335 728 1371 adhibitum-

72 1403 144 1439 que
170 1403 251 1428 esse
274 1392 319 1428 ab
342 1391 558 1437 Herodoto,
598 1397 638 1427 ut
659 1391 728 1428 alia

69 1447 275 1483 istiusmodi
293 1447 449 1494 oracula,
480 1448 526 1484 ad
551 1448 730 1484 narratio-

70 1516 155 1540 nem
178 1504 439 1542 exornandam.
498 1504 603 1546 Quae
631 1505 728 1541 unde

72 1560 218 1608 colligat
236 1561 289 1596 vir
310 1561 438 1596 doctus
451 1589 461 1607 ‚
492 1574 550 1598 me
566 1573 654 1597 sane
672 1562 729 1597 fu-

71 1616 138 1665 git.
180 1638 237 1644 —-
274 1615 332 1653 Ad
370 1629 496 1653 vocem
539 1613 728 1668 μηλοτρό-

72 1687 154 1722 φον
174 1673 246 1708 vid.
264 1676 354 1709 nott.
373 1673 420 1709 ad
443 1673 505 1720 IV,
526 1676 616 1715 157.

130 1724 252 1779 οἷπίει]
297 1729 404 1766 Conf.
448 1733 540 1766 nott.
579 1730 625 1766 ad
664 1728 727 1776 IV,

71 1786 139 1825 28.
160 1806 216 1813 --·
245 1785 333 1822 Mox
360 1799 439 1822 cum
462 1791 614 1823 recentt.
639 1788 726 1823 edd.

71 1842 206 1879 inserui
232 1839 306 1890 τήν
336 1846 422 1879 ante
448 1838 611 1893 Λιβύην
641 1843 728 1880 Flo-

70 1899 203 1936 rentini
223 1899 356 1935 codicis
376 1911 419 1936 ex
437 1900 662 1936 auctoritate.

113 1952 277 2005 ’Ἀζιρις]
309 1954 409 1992 Idem
433 1956 644 1993 vocabulum
664 1955 727 2003 IV,

74 2013 169 2052 169.
206 2012 247 2048 In
269 2012 370 2048 cuius
392 2013 569 2062 scriptura
597 2015 728 2050 fluctu-

71 2072 135 2105 ant
157 2067 248 2104 libri.
282 2068 392 2117 Apud
410 2069 538 2119 Steph.
555 2070 646 2118 Byz.
665 2083 728 2107 ex-

71 2128 145 2161 stat
162 2121 313 2174 ’Ἀζιρις
346 2129 382 2161 et
406 2121 554 2171 ’Ἁζιλις
570 2155 581 2173 ,
628 2128 729 2174 quod

71 2181 171 2218 idem
194 2181 302 2218 habet
322 2180 531 2218 Callimach.
558 2183 595 2218 in
615 2181 730 2232 Apol-

71 2237 133 2274 lin.
163 2238 238 2283 89,
281 2236 538 2285 Herodotum,
584 2240 728 2288 opinor,

70 2293 130 2330 ille
167 2297 321 2330 secutus.
408 2293 619 2331 Ptolemaeo
673 2300 730 2332 est

72 2350 213 2400 Axylis.
259 2349 331 2392 Qui
353 2351 451 2400 apud
470 2352 599 2400 SyneS.
622 2364 679 2401 cp.
702 2350 727 2391 4

39 2398 42 2405 ’
72 2410 374 2443 commemoratur
393 2411 519 2456 portus
538 2402 726 2458 Ἇζάριος,

74 2475 155 2498 cum
176 2462 243 2499 hoc
266 2462 345 2499 loco
368 2476 570 2511 congruere
584 2464 729 2501 videtur

71 2517 224 2566 Thrigio
246 2518 266 2554 l.
287 2517 309 2556 l.
331 2522 491 2569 pag.72.
523 2519 576 2556 Ac
593 2533 728 2569 pagum

73 2586 153 2611 esse
176 2574 299 2610 Aziriu
316 2577 528 2625 pronuntiat
546 2577 726 2613 Schlicht-

72 2630 184 2666 horst.
213 2629 283 2666 1.1.
309 2643 395 2680 pag.
430 2636 522 2674 122.
585 2634 728 2671 Asserit

72 2685 182 2724 Pach.
216 2686 387 2735 (voyage
406 2692 472 2726 etc.
493 2702 580 2738 pag.
597 2692 651 2731 53
670 2703 726 2739 sq.

74 2743 169 2789 86),
208 2753 446 2791 quaeeunque
465 2745 511 2782 de
528 2747 626 2782 Aziri
644 2760 728 2783 nar-

73 2802 216 2842 rentur,
247 2803 416 2836 accurate
441 2803 632 2840 convenire
648 2816 728 2840 cum

74 2853 153 2891 loco
186 2853 380 2892 Tenum'nele.
407 2868 427 2893 e
455 2857 604 2906 regione
630 2859 729 2896 insu-

786 883 842 922 lae
861 884 1011 922 Plateae
1030 884 1104 921 sive
1122 884 1304 930 Bombae3
1335 896 1444 932 quem

787 941 986 978 convallem
1018 942 1063 977 ab
1087 942 1274 977 occidente
1295 941 1390 989 cingi
1409 944 1446 978 et

787 998 935 1034 saltibus
968 998 1143 1034 montium
1174 997 1446 1044 Cyrenaeorum

788 1058 824 1091 et
842 1058 1004 1091 torrente
1026 1053 1156 1103 (plane
1178 1058 1216 1089 ut
1232 1054 1446 1090 Herodotus

783 1111 819 1147 h.
851 1110 873 1146 l.
901 1112 1096 1154 testatur),
1139 1122 1246 1157 quem
1285 1110 1443 1146 eundem

784 1180 864 1204 esse
891 1171 1002 1215 atque
1029 1166 1216 1203 Ριιίιίινιιιιι
1252 1166 1349 1203 idem
1380 1179 1441 1202 su-

782 1224 952 1273 spicatur.

840 1276 910 1317 τόν
944 1273 1071 1317 νάπαι
1101 1292 1142 1316 τε
1173 1273 1376 1317 κάλλισται
1407 1293 1444 1317 κ.

784 1349 817 1372 τ.
845 1333 894 1384 λ.]
936 1330 1064 1373 νάπαι
1094 1334 1203 1384 vulgo
1243 1336 1448 1372 redduntur

785 1392 918 1435 valles5
959 1392 1059 1440 quod
1089 1391 1135 1427 ab
1160 1392 1228 1428 hoc
1254 1391 1333 1428 loco
1359 1391 1448 1428 alie-

785 1461 872 1485 num
892 1461 972 1485 esse
1003 1452 1135 1497 sponte
1161 1451 1277 1498 patet.
1338 1448 1451 1484 Calli-

786 1505 934 1542 machus
954 1506 1083 1542 eadem
1096 1517 1183 1541 voce
1197 1509 1252 1541 est
1274 1517 1357 1540 usus
1374 1504 1448 1552 1.1.,

784 1562 845 1597 ubi
867 1563 913 1599 de
931 1573 1064 1597 nemore
1084 1573 1111 1596 s.
1132 1560 1235 1610 sylva
1253 1561 1448 1610 accipiunt.

783 1618 848 1655 Bis
885 1619 986 1667 apud
1021 1618 1222 1654 Homerum
1264 1618 1446 1654 invenitur

784 1673 913 1711 vocula
946 1674 987 1711 ll.
1012 1673 1121 1719 Vlll,
1160 1671 1243 1714 554
1280 1677 1317 1710 et
1344 1673 1444 1719 XVI,

785 1732 892 1777 300,
933 1730 996 1767 ubi
1023 1730 1134 1766 valles
1164 1742 1360 1766 nemorosae
1391 1734 1447 1766 at-

785 1800 856 1836 que
876 1788 1056 1823 umbrosae
1082 1787 1254 1823 videntur
1281 1786 1446 1832 indicari,

785 1845 881 1890 sive,
930 1848 969 1880 ut
1003 1844 1136 1892 Heyne
1171 1844 1445 1892 interpretatur,

785 1901 898 1937 Obss.
933 1899 980 1937 T.
1014 1900 1044 1936 V
1082 1912 1167 1949 pag.
1201 1899 1281 1939 315
1315 1899 1443 1936 saltus.

783 1956 895 2006 Apud
936 1956 1171 2006 Aristoplian.
1222 1955 1311 1992 Avv.
1360 1957 1442 1996 739

784 2009 910 2051 νάπαι
935 2018 1020 2050 sunt
1046 2013 1182 2059 ειιίἰιιε,
1213 2025 1372 2058 nemora,
1405 2011 1448 2050 οἱ

785 2065 935 2120 ὀρεινοὶ
989 2068 1056 2108 καὶ
1125 2064 1446 2119 (ἔναπεπταμένοι

784 2123 901 2165 τόποι
923 2130 961 2163 et
984 2127 1020 2162 in
1043 2125 1312 2174 Thesmophor.
1337 2127 1443 2165 1006

786 2183 888 2231 (944
908 2183 1037 2230 Both.)
1062 2183 1261 2230 iunguntur
1282 2179 1355 2232 ὅρη
1377 2176 1445 2219 δά-

788 2252 877 2277 σκια
898 2237 963 2276 καὶ
985 2235 1109 2277 νάπαι
1126 2234 1360 2288 πετρώδεις,
1382 2237 1443 2274 ubi

785 2296 932 2333 Bisetus
959 2296 1057 2332 haud
1090 2297 1163 2332 scio
1186 2308 1233 2331 an
1255 2300 1351 2332 recte
1382 2307 1446 2331 ex-

786 2352 953 2402 plicuerit
970 2348 1125 2402 ὀρεινός
1138 2348 1297 2402 ὖλωὸἠς
1308 2347 1445 2396 τόπος.

785 2408 865 2446 Nec
903 2407 972 2444 alio
1007 2421 1115 2445 sensu
1146 2409 1243 2458 apud
1274 2408 1448 2445 Herodo-

784 2470 860 2501 tum
882 2465 994 2513 accipi
1022 2478 1133 2515 posse
1154 2477 1285 2501 censeo
1305 2477 1445 2509 vocem,

786 2533 894 2570 quam
914 2521 1115 2570 Schweigh.
1136 2522 1173 2557 iu
1194 2520 1280 2558 Lex.
1303 2521 1443 2558 Herod.

786 2591 813 2614 S.
827 2590 859 2613 v,
878 2578 1140 2628 interpretatur
1159 2577 1259 2615 colles
1277 2590 1351 2613 cum
1371 2577 1444 2611 suis

784 2634 1013 2671 convallibus.
1083 2634 1203 2671 Tasel.
1263 2632 1444 2670 Dilucidd.

783 2691 923 2728 Pindd.
952 2692 967 2728 I
1007 2705 1043 2742 p.
1064 2693 1148 2731 772
1168 2694 1222 2726 est
1248 2687 1443 2723 Walcltlaal.

788 2747 916 2784 Saltus
946 2747 1206 2796 interpretatur
1227 2745 1382 2791 Kriiger.
1406 2744 1442 2778 in

785 2803 958 2853 Xenoph.
990 2802 1107 2839 Anab.
1128 2802 1192 2845 lv,
1219 2801 1257 2846 5,
1295 2800 1357 2838 15.
1383 2800 1444 2838 18.

786 2860 833 2907 V,
857 2861 883 2898 2
905 2857 942 2909 ᾗ.
964 2859 1016 2899 31
1040 2856 1120 2894 coll.
1142 2855 1206 2902 Vl,
1226 2857 1264 2904 3,
1289 2857 1352 2894 12.
1377 2855 1443 2895 16.
