1863 3256
42 855 208 889 Cyrenaica
234 856 319 888 regio

60 889 224 916 editissima
253 889 302 916 Li-

41 922 118 956 byae
130 922 319 955 Xomafficae,

59 956 153 983 tribua
176 957 192 983 d
209 957 304 982 vei-uin

143 996 209 1016 octo
236 997 318 1016 mvn-

42 1030 90 1050 ues
108 1029 298 1051 autumnans,

43 989 115 1016 locis

368 261 455 301 632

770 255 1236 296 HERODOTl

370 368 444 411 καὶ
473 368 660 421 ἔπυδρος
684 368 853 418 πίδαξι·
894 365 968 407 καὶ
998 363 1098 407 οὔτε
1130 361 1302 418 αὐχμοῦ
1334 362 1632 416 φροντίζουσα
1645 368 1688 399 85

370 437 524 488 οὐδὲν,
554 438 654 481 οὕτε
686 437 855 491 ὄμβρον
883 434 996 477 πλέω
1025 437 1188 476 πιοῦσα
1219 432 1470 487 δεδήληται·
1511 431 1633 475 ὕεται

340 508 455 564 4γὰρ
487 508 539 564 δὴ
572 513 708 551 ταῦτα
745 510 820 560 τῆς
851 503 1026 560 Λιβύης.
1082 508 1172 547 τῶν
1211 503 1257 546 δὲ
1296 503 1515 558 ἐκφορίων
1551 507 1633 546 τοῦ

370 582 543 632 καρποῦ
574 575 709 620 ταύτὰ
738 575 873 631 μέτρα
902 579 955 632 τῇ
990 576 1250 631 Βαβυλωνίῃ
1279 578 1334 630 γῇ
1373 575 1634 616 κατίσταται.

372 648 518 706 ἀγαθὴ
558 646 603 690 δὲ
639 650 693 701 γῆ
733 646 807 689 καὶ
843 645 924 702 τήν
954 644 1247 700 Εὐεσπερῖται
1287 645 1512 698 νέμονται·
1562 642 1633 687 ἐπ’

374 718 582 764 ἑκατοστὰ
615 717 717 770 γάρ,
767 716 894 760 ἐπεὰν
935 716 1044 774 αὐτή
1084 717 1248 773 ἑωυτῆς
1288 715 1444 770 ἄριστα
1481 715 1636 772 ἐνείκῃ,

212 790 311 834 199
371 790 567 842 ἐκφέρει·
617 785 644 841 ἡ
675 786 720 829 δὲ
751 787 798 829 ἐν
826 793 879 845 τῇ
911 791 1099 837 Κίνυπι,
1134 788 1201 831 ἐπὶ
1232 786 1473 842 τριηκόσια.
1521 785 1635 843 ’Έχει
1649 796 1695 829 90

377 860 424 903 δὲ
453 858 527 902 καὶ
557 856 830 914 ἡΚυρηναίη
859 859 1000 915 χώρη,
1033 860 1167 902 ἐοῦσα
1197 857 1450 913 ὑψηλοτάτη
1480 858 1638 915 ταύτης

377 934 453 986 τῆς
482 927 650 984 Λιβύης
678 927 757 984 τὴν
791 931 834 972 οἱ
864 928 1070 984 Νομάδες
1098 929 1327 983 νέμονται,
1368 934 1482 982 τρεῖς
1522 930 1639 984 ὥρας

347 1003 427 1045 2ἐν
457 999 597 1055 ἑωυτῇ
628 997 748 1051 ἀξίας
767 999 1009 1056 θωύματος.
1039 1004 1191 1056 πρώτα
1210 999 1288 1055 μὲν
1312 998 1395 1054 γὰρ
1425 1000 1478 1042 τὰ
1505 1017 1640 1056 παρα-

373 1070 593 1116 θαλάσσια
631 1074 720 1113 τῶν
756 1075 940 1125 καρπῶν
983 1071 1095 1129 ὀργᾷ
1136 1069 1332 1127 ἆμᾶσθαί
1365 1087 1409 1114 τε
1440 1071 1513 1114 καὶ
1541 1089 1640 1125 τρυ-

374 1147 564 1199 γᾶσθαι·
602 1140 772 1183 τούτων
803 1141 849 1184 δὲ
880 1142 1306 1197 συγκεκομισμένων,
1339 1146 1428 1184 τῶν
1448 1140 1697 1197 ὖπερθα-Θό

378 1212 611 1256 λασσιδίων
639 1211 795 1268 χώρων
824 1212 877 1255 τὰ
905 1211 1013 1268 μέσα
1045 1211 1154 1271 ὀργᾷ
1193 1215 1551 1270 συγκομίζεσθαι,
1592 1215 1643 1258 τὰ

324 1368 445 1418 Supra
476 1366 548 1412 IV,
583 1366 636 1405 23
663 1358 876 1414 βαθύγεος.
934 1363 985 1400 At

324 1424 475 1474 propius
494 1423 563 1458 huc
586 1424 730 1470 spectat
751 1420 803 1466 ΙΙ,
827 1424 900 1467 12,
923 1420 985 1456 ubi

308 1480 552 1517 *exhibuimus
573 1471 831 1527 μελάγγαιον,
857 1488 985 1525 quam-

328 1549 438 1585 quam
465 1535 501 1571 in
533 1533 611 1570 aliis
644 1528 868 1584 μελάγγεον.
928 1532 984 1569 Ad

327 1592 438 1629 verba
461 1589 727 1640 φροντίζουσα
749 1586 867 1627 οὐδὲν
889 1589 985 1625 conf.

328 1648 392 1693 IV,
423 1649 502 1687 167
535 1651 571 1683 et
600 1646 648 1681 ad
673 1642 777 1683 πλέω
798 1645 892 1690 (scil.
914 1646 987 1683 τοῦ

330 1701 516 1750 δέοντος)
546 1701 678 1738 Matth.
708 1702 776 1739 Gr.
803 1702 867 1738 Gr.
901 1714 987 1752 pag.

330 1762 434 1805 8543
465 1759 514 1795 ad
532 1760 681 1797 πιοῦσα
696 1759 792 1795 conf.
813 1758 876 1804 ΙΙΙ,
898 1760 989 1799 117.

329 1814 377 1855 τοὶ
397 1810 568 1864 ἐκφόρια
591 1817 662 1864 τῆς
682 1816 753 1866 γῆς
780 1819 891 1851 terrae
906 1827 989 1865 pro-

330 1877 454 1910 ventus
486 1872 744 1920 interpretatur
768 1872 987 1917 ll'esseling.

331 1930 380 1966 ad
408 1928 630 1976 Hesychium
663 1926 700 1978 [l
734 1941 818 1977 pag.
857 1927 986 1976 1157]

331 1985 544 2023 amandatus.
556 2006 612 2011 -—
635 1984 706 2020 Pro
720 1984 990 2034 Βαβυλωνίων

332 2055 416 2080 cum
445 2045 595 2078 recentt.
632 2041 716 2077 edd.
743 2041 828 2077 (ledi
857 2039 992 2090 Βαβυ-

335 2097 459 2151 λωνίῃ
484 2110 504 2134 e
529 2097 734 2134 melioribus
764 2098 876 2134 libris.
936 2096 992 2134 De

336 2155 557 2203 Euesperitis
574 2153 728 2190 diximus
749 2154 797 2190 ad
821 2154 883 2199 lv,
904 2155 992 2192 171.

394 2206 459 2250 ἐπ’
500 2206 687 2248 ἕκατοστοὲ
727 2207 827 2260 γοὲρ]
886 2210 994 2246 Conf.

338 2267 469 2304 Matth.
488 2280 523 2317 p.
549 2268 656 2307 1169
675 2271 713 2303 et
731 2268 894 2304 Gronov.
915 2266 996 2302 Ob-

337 2336 450 2360 srrvv.
473 2322 672 2359 Monobibl.
698 2324 732 2359 in
756 2323 893 2373 scriptt.
923 2322 994 2358 Ec-

339 2379 422 2415 cles.
451 2391 535 2428 pag.
568 2381 634 2419 36.
686 2380 808 2417 Verba
846 2378 996 2427 ἑωυτῆς

339 2432 478 2484 ἄριστα
519 2436 702 2483 attigimus
741 2436 788 2472 ad
822 2435 858 2481 Ι,
904 2436 995 2475 193.

343 2492 397 2527 Α(Ι
424 2491 541 2540 ipsum
566 2497 820 2539 argumentum
845 2492 995 2537 faciunt,

342 2560 437 2596 quae
466 2559 487 2584 e
514 2546 645 2582 Shawii
674 2547 837 2583 ltinerar.
861 2548 890 2584 ll
910 2560 995 2598 pag.

339 2605 420 2644 285
444 2615 522 2651 seq.
543 2602 664 2639 attulit
685 2602 855 2639 Larcher.

508 2659 619 2707 Cap.
652 2658 819 2695 CXClX.

397 2715 521 2755 ἐοῦσα
568 2710 805 2764 ’ὑψηλοτάτη
855 2711 998 2764 ταύτης

340 2774 414 2822 τῆς
451 2767 638 2821 Λιβύης]
680 2771 757 2808 lure
787 2771 855 2807 huc
890 2773 1000 2808 refert

344 2828 451 2866 ‘rasel
483 2825 549 2880 (ad
575 2828 680 2865 Pind.
704 2827 808 2875 Pyth.
835 2827 884 2864 ΙΧ
913 2840 998 2877 pag.

344 2886 468 2934 910),
498 2897 593 2933 qnae
614 2885 650 2921 in
671 2883 812 2921 scholiis
832 2884 998 2921 Pindari-

1042 1363 1091 1400 cis
1127 1366 1270 1400 exstant
1305 1363 1353 1399 ad
1392 1363 1500 1414 Pyth.
1529 1364 1600 1412 lX,
1635 1367 1701 1405 92.

1042 1417 1139 1455 Add.
1173 1419 1246 1465 IV,
1281 1418 1341 1459 14.
1379 1419 1570 1470 Namque,
1602 1422 1701 1471 quod

1042 1476 1130 1511 satis
1168 1488 1261 1511 nnnc
1297 1481 1463 1520 constat,
1495 1477 1572 1514 loco
1608 1477 1702 1514 mille

1042 1533 1217 1568 ducentos
1241 1532 1355 1580 pedes
1380 1544 1488 1583 snpra
1509 1546 1607 1570 mare
1630 1534 1702 1571 ela-

1042 1592 1079 1623 to
1100 1588 1135 1623 in
1154 1587 1304 1637 planitie
1322 1595 1495 1626 montana
1513 1589 1659 1627 tabulae
1674 1602 1702 1626 s.

1046 1656 1194 1680 mensae
1232 1645 1382 1681 formam
1417 1648 1598 1684 referente
1636 1647 1705 1683 fuit

1045 1700 1161 1745 (conf.
1181 1701 1301 1737 Strab.
1323 1701 1425 1738 XVlI
1450 1715 1484 1752 p.
1511 1703 1618 1742 1194
1643 1700 1705 1751 A.)

1046 1756 1191 1804 C)rene
1217 1758 1387 1806 condita,
1428 1759 1495 1795 soli
1522 1759 1706 1796 fertilitate

1046 1818 1158 1860 atque
1182 1814 1346 1851 ubertate
1368 1816 1523 1852 maxime
1541 1816 1705 1864 insignis.

1048 1869 1181 1917 Attigit
1215 1869 1354 1917 Thrige
1381 1871 1478 1908 Hist.
1508 1871 1640 1920 Cyren.
1669 1884 1706 1921 p.

1051 1928 1140 1967 102.
1168 1927 1258 1966 103.
1300 1926 1408 1964 Plura
1425 1934 1463 1965 et
1485 1929 1708 1964 accuratiora

1047 1995 1092 2018 ex
1113 1982 1216 2019 Della
1238 1983 1362 2021 Cellae
1387 1984 1573 2021 ltinerario
1603 1984 1705 2020 dabit

1047 2039 1178 2075 ltitter.
1210 2038 1363 2075 E1-dk.1
1393 2053 1476 2090 pag.
1501 2040 1581 2080 945
1615 2053 1707 2088 seq.‚

1049 2095 1180 2143 quibus
1197 2107 1291 2131 nune
1310 2096 1395 2133 add.
1417 2097 1538 2133 Pacho
1557 2097 1709 2144 voyage

1049 2159 1119 2188 etc.
1149 2164 1236 2200 pag.
1259 2154 1312 2193 83
1343 2165 1446 2201 seqq,
1474 2153 1576 2203 chap.
1597 2154 1630 2187 V
1652 2165 1710 2188 rc-

1051 2209 1169 2256 gionis
1199 2210 1458 2246 amoenitatem
1483 2208 1611 2246 eximie
1631 2208 1708 2244 lau-

1051 2265 1200 2300 dantem
1233 2271 1271 2301 et
1291 2265 1393 2315 chal).
1409 2265 1509 2302 XVll
1532 2277 1617 2315 pag.
1629 2265 1708 2304 233

1051 2321 1276 2358 fertilitatem
1307 2323 1466 2369 regionis
1487 2321 1710 2369 Cyrenaicae

1052 2389 1169 2413 raram
1193 2378 1456 2423 celebrantem,
1487 2389 1595 2425 quam
1612 2382 1712 2413 vete-

1051 2445 1109 2469 res
1125 2435 1194 2469 iam
1214 2435 1366 2470 maxime
1382 2433 1592 2470 dilaudasse
1609 2434 1711 2468 novi-

1053 2502 1144 2526 mus.
1194 2489 1291 2526 lnter
1321 2502 1435 2537 quos,
1470 2494 1507 2525 ut
1541 2502 1612 2525 nno
1644 2489 1713 2525 hoc

1054 2554 1133 2581 utar
1175 2549 1291 2591 teste,
1336 2545 1469 2582 Plinius
1507 2547 1713 2582 conseratur

1055 2602 1102 2638 H.
1135 2600 1181 2636 N.
1213 2602 1265 2647 V,
1297 2602 1334 2642 5.
1365 2623 1421 2629 —
1465 2601 1553 2638 Mox
1588 2602 1713 2638 reduxi

1055 2653 1272 2706 θωύματος
1299 2670 1319 2693 a
1340 2658 1457 2694 Gnisf.
1480 2662 1658 2695 mutatum
1678 2658 1713 2694 in

1055 2708 1253 2760 θώματος.
1288 2714 1347 2749 Cf.
1369 2719 1459 2750 nott.
1482 2716 1529 2751 ad
1555 2713 1616 2760 lv,
1647 2715 1714 2753 28.

1112 2765 1210 2819 ὀργᾶ
1245 2765 1429 2818 οἷμᾶσθαί
1461 2785 1501 2809 τε
1532 2768 1600 2809 καὶ
1625 2784 1715 2819 τρυ-

1056 2824 1222 2877 γᾶσθαι]
1265 2827 1488 2875 Sclmeigh.:
1536 2825 1716 2873 „Maritiz

1056 2896 1131 2919 mus
1167 2886 1302 2919 tractus
1330 2882 1510 2933 fructibus
1536 2886 1655 2931 turget
1684 2886 1715 2919 et
