1863 3256
527 125 1217 167 MELPOMENE.1V.

1429 133 1514 172 859

206 237 469 295 ΩΑἰγύπτου
500 236 643 293 Λιβύη
672 236 755 294 ἤδη
786 235 1018 280 ἐκδέκεται.
1077 235 1189 278 κατά
1218 234 1299 289 μέν
1324 252 1410 279 νυν
1436 241 1514 281 Αἵ·
1571 254 1653 281 otae
1671 253 1721 280 hui
1694 254 1846 281 musane-

233 327 401 366 γυπτον
441 310 467 366 ἡ
508 308 616 365 άκτὴ
656 307 767 363 αὕτη
804 305 948 363 στεινή
989 306 1100 350 ἐστι·
1151 304 1240 349 άπὸ
1270 305 1354 362 γὰρ
1384 311 1512 363 τῆσδε

232 386 307 439 τῆς
335 381 559 437 θαλάσσης
588 380 630 432 ἐς
659 380 740 436 τὴν
767 378 988 434 Ἐρυθρὴν
1015 377 1270 430 θάλασσαν,
1302 379 1407 422 δέκα
1435 396 1512 434 μυ-

232 451 380 508 ριάδες
409 452 490 495 εἰσὶ
521 450 761 507 ὀργυιέων·

815 447 943 494 αὗται
974 447 1018 494 δ’
1050 449 1105 493 ἂν
1135 447 1222 493 εἷεν
1250 451 1384 506 χίλιοι
1416 449 1510 494 στά-

201 526 336 567 3διοι.
397 521 447 565 τὸ
480 523 527 566 δὲ
568 522 655 567 dno*
686 525 768 565 τοῦ
799 524 974 564 στεινοῦ
1002 521 1188 573 τούτου,
1230 519 1372 577 κάρτα
1401 527 1512 566 πλα-

230 593 305 638 τέα
335 592 541 649 τυγχάνει
582 595 717 637 ἐοῦσα
748 592 776 649 ή
809 590 944 648 άκτή,
986 591 1081 649 ἥτις
1110 591 1256 650 Λιβύη
1291 595 1510 651 κέκληται
1522 600 1569 633 70

102 675 168 719 42
231 663 459 720 Θωυμάζω
497 660 560 708 ὧν
589 670 679 709 τῶν
710 663 1033 719 διουρισάντων
1062 666 1137 708 καὶ
1168 663 1403 710 διελόντων
1431 669 1507 709 Λι-

170 848 260 896 VII,
293 849 386 888 176.
422 847 535 892 Quod
556 859 642 884 vero
668 847 750 884 hinc
773 860 839 898 pa-

169 910 248 944 tere
285 905 483 941 arbitratur
504 904 669 953 Breiger.
699 904 720 941 l.
752 903 773 940 l.
803 917 839 954 p.

170 964 248 1009 80,
286 961 522 999 Herodotum
552 960 695 1010 Libyae
733 962 838 998 adiu-

168 1020 311 1056 dicasse
331 1017 567 1070 Aegyptum,
596 1031 675 1055 cum
690 1047 701 1065 ,
733 1017 838 1055 aliter

169 1077 200 1113 si
228 1076 424 1123 sensisset,
455 1076 512 1112 vix
541 1075 661 1112 locum
684 1075 836 1112 haberet

169 1128 270 1179 άπὸ,
301 1133 368 1170 sed
398 1129 517 1183 μετά,
545 1136 608 1169 aut
624 1131 836 1181 simpliciter

166 1189 397 1227 scribendum
447 1190 576 1226 suisset
626 1187 834 1239 Αἴγυπτον

165 1244 365 1286 ἐκδέκεται
402 1240 563 1296 Λιβύη,
602 1245 689 1282 mihi
730 1257 834 1282 secus

165 1303 332 1340 videtur:
394 1316 476 1340 cum
512 1306 680 1339 neutrum
715 1301 835 1339 valere

165 1359 222 1397 hic
238 1372 363 1411 posse,
389 1360 447 1397 vix
466 1372 687 1410 quemquam
706 1359 834 1408 fugiat.

163 1415 373 1467 Aegyptum
405 1417 452 1453 ab
476 1417 670 1454 Herodoto
689 1415 833 1466 Libyae

164 1474 363 1521 accenseri,
379 1486 491 1524 supra
501 1474 550 1510 ad
561 1473 607 1520 II,
624 1475 671 1513 16
689 1473 832 1510 monui-

164 1543 245 1568 mus
268 1536 305 1568 et
323 1531 392 1567 hoc
406 1531 486 1567 loeo
498 1531 627 1568 iterum
641 1542 831 1567 monemus

164 1588 212 1624 ob
244 1588 357 1625 verba
386 1587 515 1624 Nostri
549 1587 733 1637 scriptoris
766 1587 831 1632 IV,

163 1645 242 1691 39,
272 1645 332 1681 ubi
358 1642 469 1682 Asiae
496 1644 649 1681 alteram
678 1645 831 1694 paenin-

164 1700 280 1739 sulam
311 1702 360 1738 ad
391 1702 600 1752 Aegyptum
627 1714 763 1750 usque,
794 1701 829 1737 in

163 1771 273 1808 quam
293 1759 457 1805 desinat,
481 1759 621 1808 porrigi
643 1758 751 1803 dicit,
777 1759 831 1794 ita

162 1819 204 1852 ut
221 1813 414 1865 Aegyptus
437 1816 547 1853 Asiae
576 1815 735 1853 adscribi
762 1828 829 1852 ne-

162 1878 286 1921 queat.
339 1872 487 1909 Dicitur
534 1877 656 1909 autem
697 1870 829 1920 Libya,

160 1928 278 1965 latiori
298 1941 422 1975 sensu,
445 1930 493 1967 de
512 1929 622 1971 omni,
639 1941 747 1978 quam
762 1942 829 1965 nos

159 1999 308 2035 quoque
328 1987 502 2033 dicimus,
530 1985 677 2033 Africa,
713 1985 827 2022 inclu-

160 2044 202 2079 sa
219 2043 405 2093 AegyptO,
431 2049 496 2080 aut
516 2043 721 2093 angustiori
741 2056 826 2080 sen-

159 2112 203 2136 su
241 2101 289 2138 de
321 2099 460 2149 reliqua
489 2100 633 2147 Africa,
674 2100 827 2150 excepta

158 2155 345 2207 Aegypto.
388 2157 471 2194 Vid.
491 2157 647 2195 Rennel.
676 2171 711 2208 p.
732 2158 826 2199 567.

160 2213 436 2251 Schlichthorst.
456 2214 478 2251 l.
501 2214 524 2252 l.
547 2228 584 2265 p.
612 2214 676 2255 15.
715 2212 825 2251 Gallo

158 2271 360 2321 interprete
379 2272 600 2310 observante
619 2271 726 2317 Miot‚
748 2271 827 2309 He-

159 2328 312 2365 rodotus
342 2329 399 2366 hic
425 2330 463 2366 in
490 2329 614 2366 medio
643 2328 829 2378 relinquit,

161 2385 302 2423 cuinam
325 2391 506 2424 terrarum
525 2387 624 2436 parti
636 2385 827 2435 Aegyptus

163 2442 320 2479 adscribi
338 2443 487 2480 debeat.
525 2443 586 2480 Tu
600 2444 697 2480 conf.
718 2443 829 2480 etiam

165 2497 214 2535 de
242 2498 311 2536 hac
341 2499 601 2538 distributione
625 2501 724 2538 orbis
755 2503 829 2536 ter-

166 2566 284 2591 rarum
313 2557 413 2606 apud
438 2562 582 2595 veteres
611 2557 827 2608 lnterprett.

166 2611 216 2647 ad
243 2611 307 2648 Sil.
336 2612 416 2650 Ital.
447 2615 486 2662 I,
517 2614 598 2656 195
631 2619 670 2652 et
686 2614 828 2652 Lucan.

164 2668 237 2715 lX,
267 2667 363 2708 411

217 2721 318 2763 κατά
349 2722 420 2774 μέν
446 2741 522 2765 νυν
542 2725 749 2778 Αἴγυπτον
771 2749 827 2756 —-

162 2793 294 2832 στεινη
334 2780 437 2832 ἐστι]
487 2783 620 2822 Monet
658 2784 825 2834 Breiger.

896 845 919 883 Ι.
941 845 962 882 l.
983 859 1020 896 p.
1044 848 1100 887 80
1126 851 1323 896 angustam
1345 846 1441 884 hanc
1461 859 1564 884 oram

896 915 977 941 esse
1004 903 1199 951 Isthmum,
1231 906 1292 954 qui
1328 904 1426 941 inter
1446 904 1564 941 medi-

895 964 1101 998 terraneum
1120 973 1221 999 mare
1243 975 1286 999 ac
1301 962 1418 998 sinum
1431 959 1562 998 Arabi-

894 1030 975 1054 cum
1007 1017 1208 1055 interiacet.
1242 1039 1299 1047 —-
1343 1018 1383 1054 ln
1410 1017 1480 1054 loci
1509 1016 1562 1056 le·-

894 1074 1015 1110 ctione
1033 1079 1186 1111 recentt.
1206 1075 1292 1112 edd.
1308 1078 1456 1112 secutus
1467 1087 1560 1112 sum.

951 1125 1032 1168 άπο1
1056 1127 1131 1181 γάρ
1163 1131 1283 1181 τῆσδε
1306 1133 1378 1181 τῆς
1398 1127 1561 1170 θαλάσ-

893 1197 966 1236 σης
996 1201 1031 1224 κ.
1065 1202 1097 1225 τ.
1126 1187 1174 1237 λ.]
1207 1187 1325 1224 Hocce
1356 1200 1458 1224 mare
1486 1188 1560 1225 dici

891 1243 1186 1281 mediterraneum
1202 1245 1289 1281 satis
1309 1248 1475 1290 constat3
1498 1258 1560 1281 ru-

892 1301 953 1337 bro
982 1303 1076 1337 mari
1103 1302 1202 1339 sinus
1225 1302 1405 1339 indicatur
1426 1299 1561 1338 Arabi-

891 1371 978 1405 cus,
1017 1359 1078 1407 qui
1119 1360 1169 1395 ad
1206 1358 1275 1396 hoc
1308 1359 1426 1409 ipsum
1458 1371 1559 1397 mare

889 1416 1053 1465 pertinet
1079 1420 1115 1453 et
1139 1415 1258 1452 latiori
1277 1415 1346 1453 hac
1362 1415 1461 1452 rubri
1479 1428 1560 1453 ma·-

889 1473 938 1509 ris
956 1471 1202 1523 appellatione
1221 1472 1483 1524 comprehendi
1496 1485 1558 1510 so-

889 1528 948 1566 let.
993 1530 1052 1566 Cf.
1072 1529 1241 1578 Breiger.
1273 1529 1294 1566 l.
1330 1529 1353 1567 l.
1379 1542 1467 1580 pag.
1493 1533 1558 1571 11.

893 1585 955 1627 14.
992 1586 1052 1624 De
1080 1586 1230 1636 reliquis
1260 1587 1355 1624 conf.
1388 1586 1443 1632 II,
1477 1587 1558 1627 158

888 1643 976 1692 ibiq.
1023 1647 1141 1690 nott.,
1190 1643 1237 1681 de
1275 1644 1480 1680 stadiorum
1521 1648 1558 1681 et

887 1700 1096 1748 orgyiarum
1128 1700 1330 1737 rationibus
1358 1700 1429 1737 vid.
1460 1704 1556 1738 nott.

887 1758 936 1794 ad
956 1756 1009 1803 II,
1035 1757 1130 1797 149.

944 1810 989 1852 τό
1019 1810 1062 1852 δὲ
1091 1808 1170 1852 άπὸ
1189 1815 1262 1852 τοῦ
1279 1815 1439 1852 στεινοῦ
1458 1809 1553 1852 τοῦ·

886 1886 956 1910 του
984 1885 1018 1909 κ.
1046 1885 1078 1909 τ.
1108 1871 1157 1921 λ]
1190 1871 1212 1908 i.
1247 1884 1280 1909 e.
1302 1871 1394 1920 quod
1424 1871 1553 1907 attinet

887 1928 937 1965 ad
964 1928 1042 1964 loca
1067 1927 1240 1964 ulteriora
1269 1929 1315 1964 ab
1343 1928 1398 1965 his
1431 1940 1553 1976 angu-

886 1987 991 2032 stiis,
1027 1985 1103 2022 sive
1134 1984 1227 2021 ultra
1256 1985 1352 2022 hunc
1383 1985 1554 2022 isthmum

883 2043 980 2088 sita,
1019 2041 1125 2079 valde
1158 2042 1279 2092 ampla
1314 2056 1359 2078 ac
1395 2044 1555 2092 spatiosa

883 2101 1006 2136 existit
1020 2112 1083 2136 ora
1095 2099 1229 2145 haecce,
1246 2112 1341 2148 quae
1352 2099 1472 2148 Libya
1482 2111 1550 2136 vo-

883 2162 998 2194 catur.
1024 2155 1122 2194 Ante
1140 2151 1239 2206 άκτή
1250 2169 1330 2193 cum
1341 2155 1549 2205 Schweigh.

884 2218 922 2252 et
952 2214 1072 2251 Gaisf.
1103 2214 1238 2251 inserui
1256 2210 1303 2264 ἧς
1349 2213 1412 2262 qui
1439 2212 1551 2262 vulgo

884 2271 990 2309 abest
1007 2270 1190 2307 articulus.

1084 2328 1207 2393 Cap
1232 2325 1351 2365 XLII.

945 2379 1151 2434 Θωυμάζω
1174 2385 1232 2423 ὠν
1249 2399 1284 2422 κ.
1302 2398 1334 2422 τ.
1354 2381 1404 2433 λ.]
1431 2383 1551 2420 Gaisf.

885 2443 1040 2480 dederat
1059 2437 1250 2493 θωμάζω.
1285 2441 1363 2479 Sed
1376 2441 1448 2478 vid.
1460 2444 1551 2477 nott.

886 2500 934 2537 ad
956 2499 1018 2545 IV,
1040 2500 1106 2539 28.
1131 2501 1225 2539 111.
1255 2497 1314 2536 De
1332 2501 1551 2548 argumento

884 2557 954 2594 loci
977 2557 1075 2594 conf.
1103 2556 1151 2603 II,
1180 2558 1232 2597 17
1254 2555 1342 2605 ibiq.
1364 2558 1457 2592 nott.
1497 2553 1552 2591 Ac

884 2615 1038 2652 miratur
1058 2613 1132 2650 hoc
1148 2613 1228 2650 loco
1239 2612 1455 2650 Herodotus
1475 2623 1553 2655 eos,

884 2672 949 2721 qui
980 2683 1127 2708 omnem
1149 2675 1328 2707 terrarum
1355 2669 1481 2705 orbem
1515 2667 1554 2703 in

882 2733 959 2766 tres
989 2733 1116 2778 partes
1150 2727 1218 2764 sibi
1249 2724 1439 2774 aequales,
1483 2723 1555 2760 Li-

882 2785 992 2833 byam
1023 2798 1050 2821 S.
1078 2783 1257 2830 Africam,
1289 2781 1437 2829 Asiam,
1477 2779 1555 2817 Eu-

1570 287 1664 347 'limaz
1667 296 1702 322 pa
1708 296 1736 327 rs
1748 321 1781 348 d
1799 287 1847 315 Li—

1592 328 1644 379 11111111
1622 330 1847 416 “Iuli-lug&—

1587 391 1679 454 ς11111ει
1715 422 1744 447 Μ
1785 427 1846 449 ata-

1568 428 1597 479 di
1590 462 1694 481 1.0ru1n
1717 456 1844 491 [2‚158.]

1564 669 1647 696 Euro
1631 677 1687 705 opa
1707 674 1765 697 tam
1783 671 1809 697 lo
1794 680 1830 698 on

1564 711 1624 739 ga,
1644 712 1681 738 qu
1686 711 1732 730 am
1752 704 1843 731 ethi-
