1863 3256
486 159 1170 202 MELPOMENE.1V.
1379 169 1463 208 583

192 273 350 329 ἄνεμος
379 273 431 317 τά
462 273 618 328 ἔλυτρα
647 275 736 315 τῶν
764 269 940 316 ὑδάτων
970 269 1172 327 ἐξηύῃνε·
1210 269 1236 326 ἡ
1268 272 1313 313 δὲ
1343 275 1460 331 χώρη
1472 282 1572 334 6οξᾖέ
1595 276 1794 338 ζζζέὧὶᾙῶ

191 358 270 398 σφι
308 348 426 388 πᾶσα
465 346 587 396 ἐντὸς
628 345 764 388 ἐοῦσα
803 346 879 399 τῆς
908 339 1122 397 Σύρτιος,
1162 336 1220 396 ἦν
1261 339 1460 398 ἄνυδρος.
1518 329 1607 370 ‘³⁰²3-

160 420 236 460 202
265 417 332 468 δὲ,
364 415 729 473 βουλευσάμενοι,
761 419 898 471 κοινῷ
924 413 1039 471 λόγῳ
1061 412 1370 467 ἐστρατεύοντο
1393 415 1461 459 ἐπὶ

188 488 268 532 τὸν
312 488 445 532 νότον
461 505 468 513 ·

530 488 656 544 (λέγω
697 487 743 531 δὲ
781 490 918 530 ταῦτα
957 484 1009 528 τά
1044 485 1220 540 λέγουσι
1257 485 1458 542 Alam-29)

187 560 261 604 καὶ
307 559 399 603 ἐπεί
443 578 488 605 τε
534 560 732 614 ἐγίνοντο
778 559 825 602 ἐν
873 560 927 613 τῇ
967 555 1154 612 ψάμμῳ,
1203 555 1397 606 πνεύσας
1434 554 1457 599 ὁ

157 630 318 682 3νότος
355 628 568 686 κατέχωσέ
609 640 760 685 σφεας.

124 832 367 881 „Herodotus
392 829 554 870 fabulam
577 843 617 868 se
645 830 793 868 tradere

127 889 279 926 formula
296 890 479 939 significat
497 888 662 924 adiecta:
692 884 791 938 λέγω

127 944 171 985 δὲ
198 948 321 985 ταῦτα
350 943 397 985 τὰ
427 942 586 995 λέγουσι
614 943 790 994 Λίβυες;

126 1003 296 1053 qualibus
326 1004 437 1040 utitur
462 1001 499 1037 in
527 1000 700 1038 sabulosis
728 1006 791 1038 aut

125 1065 225 1097 certe
254 1060 361 1097 robus
394 1057 528 1097 dubiae
554 1057 642 1095 fidei
679 1057 789 1106 [conf.

124 1116 188 1164 IV,
211 1118 303 1157 187.
325 1119 416 1158 191.
442 1112 549 1164 195].
579 1114 652 1158 Qui
670 1114 788 1152 lenem

124 1185 196 1209 non
216 1175 376 1210 sentiunt
393 1172 552 1209 historici
569 1171 687 1207 nostri
705 1184 789 1207 sna-

122 1230 292 1277 vitatem,
323 1230 555 1267 Herodotum
575 1228 621 1264 ob
642 1227 712 1264 ista
732 1232 788 1264 ta-

123 1286 193 1332 lia,
235 1287 265 1322 si
293 1285 415 1333 lubet,
461 1284 649 1332 exagitent
680 1284 786 1320 huius

122 1342 231 1380 seculi
251 1343 375 1392 sophi!
418 1342 522 1386 Quas
545 1341 785 1377 innumerabi-

121 1399 170 1436 les
191 1412 270 1437 esse
296 1399 421 1436 scribit
445 1397 545 1448 apud
566 1396 785 1434 Herodotum

119 1456 259 1494 fabulas
276 1456 352 1498 (De
372 1455 491 1504 Legg.
509 1455 537 1502 l,
560 1456 624 1501 1),
654 1467 701 1492 ne
719 1455 784 1491 Ci-

120 1526 204 1551 cero
231 1513 381 1562 quidem
410 1513 497 1549 vitio
527 1512 635 1549 vertit
671 1512 785 1548 histo-

119 1570 195 1607 riae
236 1569 333 1620 patri
374 1581 496 1617 neque
538 1568 784 1605 severissimus

120 1626 231 1676 ipsius
265 1625 496 1674 Thucydidis
541 1637 584 1662 ac
619 1625 783 1662 Platonis

118 1695 248 1720 censor
277 1681 612 1719 Halicarnassensis
640 1681 783 1731 Diony-

117 1739 212 1786 sius3
230 1740 293 1788 qui
312 1742 351 1776 et
371 1739 636 1788 antiquioribus
652 1743 688 1776 et
705 1738 780 1776 He-

116 1796 249 1833 rodoto
294 1808 446 1833 necesse
493 1796 606 1832 fuisse
655 1796 778 1840 docet,

116 1865 208 1902 quas
245 1866 268 1889 a
305 1852 455 1901 singulis
496 1852 568 1889 sibi
605 1852 778 1900 gentibus

117 1910 270 1946 traditas
294 1910 552 1959 accepissent,
596 1909 778 1946 fabulosas

116 1967 224 2003 etiam
240 1966 467 2003 narrationes
485 1967 629 2003 tradere
639 1978 778 2004 memo-

115 2023 216 2069 riae,
250 2026 362 2072 atque
384 2023 435 2059 ita
455 2023 673 2062 ποικίλλειν
694 2026 778 2069 τοῖς

115 2075 350 2130 μυθώδεσιν
367 2078 606 2125 ἐπεισοδίοις
624 2075 696 2126 τοὶς
715 2095 776 2119 το-

113 2133 235 2183 πικὰς
255 2131 495 2188 ἀναγραφάς
517 2136 609 2173 T.11
631 2150 666 2186 p.
680 2138 775 2184 226,

113 2194 169 2234 32
188 2191 254 2244 [Τ.
273 2193 322 2230 Vl
346 2207 382 2243 p.
406 2196 487 2235 823
507 2192 691 2243 Reisk.].“
719 2192 776 2230 Ac

113 2250 202 2287 sane
219 2250 277 2287 hic
293 2249 393 2287 locus
412 2250 562 2299 insignis
585 2254 641 2287 est
662 2251 776 2287 (locu-

113 2310 258 2353 mento,
299 2311 472 2356 quantam
492 2307 529 2343 in
548 2305 699 2355 singulis
717 2320 775 2345 re-

114 2364 179 2400 bus
198 2364 410 2400 enarrandis
427 2364 536 2401 crisin
552 2363 692 2401 Noster
706 2364 774 2400 ad-

112 2419 285 2466 hibuerit,
314 2433 370 2467 ea,
401 2433 497 2470 quae
515 2433 600 2458 vera
621 2421 689 2457 sibi
715 2421 768 2457 vi-

113 2475 285 2514 derentur
320 2481 384 2513 aut
421 2490 518 2526 quae
555 2490 642 2514 vera
685 2490 768 2515 esse

114 2532 197 2581 Ipse
214 2538 382 2583 expertus
403 2538 521 2581 esset,
551 2534 668 2585 probe
692 2534 767 2571 dis-

113 2601 267 2626 cernens
293 2589 340 2626 ab
365 2590 431 2637 iis,
461 2603 558 2640 quae
571 2591 682 2640 vulgo
697 2591 768 2629 etsi

113 2645 318 2683 dicerentur
338 2649 374 2683 et
390 2647 644 2695 crederentur,
674 2660 696 2684 a
715 2660 775 2686 re-

113 2714 194 2739 rum
221 2706 355 2738 natura
381 2702 577 2742 abhorrere
604 2704 774 2742 videren-

112 2762 181 2795 tur.
242 2759 283 2795 ln
317 2770 392 2807 quo
415 2759 612 2809 »scriptoris
651 2762 773 2798 studio

111 2826 198 2853 vera
221 2828 243 2853 a
265 2814 401 2853 fictitiis
422 2816 659 2864 secernendi,
699 2830 774 2867 quo

819 627 1154 684 ἐξαπολομένων
1191 627 1238 672 δὲ
1275 627 1456 677 τούτων,

849 830 930 880 ipso
954 829 1110 866 maxime
1133 827 1192 866 ille
1214 841 1236 865 a
1255 827 1512 879 Logographis

847 887 1026 938 prioribus
1071 884 1216 932 differt,
1265 885 1381 922 latent
1422 886 1510 922 artis

848 944 995 981 criticae
1018 942 1144 990 initia,
1181 955 1291 992 quam
1310 942 1427 991 magis
1448 955 1511 980 ex-

848 999 979 1038 cultam
1007 1001 1279 1050 perfectamque
1308 999 1422 1037 serior
1446 1012 1510 1037 ae-

847 1062 905 1094 tas
945 1057 1117 1096 exhibuit.
1177 1056 1287 1093 Conf.
1335 1056 1509 1094 Creuzer.

846 1114 943 1151 Hist.
963 1114 1088 1151 Kunst
1108 1114 1145 1149 d.
1165 1113 1231 1149 Gr.
1249 1126 1286 1163 p.
1308 1115 1389 1153 102
1402 1126 1508 1162 seqq.

847 1171 900 1208 Ut
922 1172 970 1208 ad
991 1172 1108 1222 ipsam
1125 1169 1311 1207 Herodoti
1332 1170 1379 1207 de
1401 1169 1508 1219 Psyl-

844 1227 886 1264 lis
915 1228 1161 1265 narrationem
1190 1227 1359 1273 redeam,
1401 1227 1509 1263 mini-

843 1296 903 1321 me
923 1297 1003 1321 eam
1024 1285 1069 1320 ab
1090 1296 1133 1320 ea
1158 1282 1251 1319 illius
1272 1283 1433 1332 regionis
1452 1283 1509 1319 in-

843 1340 927 1378 dole
970 1339 1169 1377 abhorrere
1217 1340 1388 1385 credam,
1442 1340 1505 1376 ubi

840 1398 1026 1447 hodieque
1044 1400 1165 1433 tantas
1182 1408 1317 1433 arenae
1340 1396 1504 1434 turbines

840 1459 950 1493 vento
981 1453 1130 1491 excitari
1163 1453 1348 1499 scribunt,
1385 1456 1424 1489 ut
1449 1453 1506 1491 vel

841 1512 911 1562 ipsi
930 1511 1095 1548 homines
1114 1510 1333 1547 coniunctim
1351 1508 1510 1560 plerum-

843 1581 915 1618 que
952 1568 1042 1605 haec
1086 1567 1235 1603 deserta
1276 1570 1509 1616 permeantes

841 1637 952 1662 arena
975 1624 1210 1672 obtegantur.
1260 1623 1319 1660 Cf.
1340 1623 1503 1661 Heeren.

839 1683 952 1719 Ideen
974 1681 1020 1728 ΙΙ,
1044 1684 1062 1720 1
1087 1694 1122 1731 p.
1145 1680 1239 1721 223.
1263 1679 1330 1719 52.
1368 1679 1500 1718 Ritter.

838 1739 953 1776 Erdk.
977 1738 991 1774 Ι
1023 1751 1058 1788 p.
1073 1734 1177 1784 934,
1222 1736 1286 1785 qui
1301 1736 1398 1774 bene
1420 1750 1501 1773 mo-

837 1800 901 1833 net
949 1795 1204 1831 Herodoteam
1250 1794 1498 1831 narrationem

834 1853 901 1890 sub
919 1851 1066 1889 fabulae
1079 1849 1274 1887 involucris
1292 1854 1498 1888 accuratam

834 1909 993 1962 prodere
1039 1911 1192 1944 naturae
1239 1906 1380 1943 illorum
1423 1911 1499 1944 tra-

833 1971 954 2005 ctuum
974 1964 1233 2014 cognitionem.
1264 1962 1381 2001 Valde
1401 1964 1497 2002 enim

834 2022 1031 2069 credibile,
1093 2020 1298 2069 Psyllorum
1346 2025 1494 2069 gentem

833 2092 1009 2130 aquarum
1035 2078 1159 2128 inopia
1180 2076 1228 2114 ad
1258 2080 1418 2115 extrema
1438 2090 1495 2114 re-

832 2138 978 2174 dactam
1014 2134 1178 2184 aliasque
1213 2134 1320 2171 sedes
1358 2138 1397 2171 ut
1424 2134 1492 2170 sibi

832 2195 1026 2243 quaereret
1062 2190 1311 2241 compulsam,
1356 2192 1392 2228 in
1425 2191 1494 2228 hac

831 2252 911 2301 ipsa
932 2248 1164 2300 profectione
1185 2247 1233 2285 ad
1254 2246 1333 2284 loca
1349 2246 1494 2285 Africae

829 2307 1002 2345 interiora
1035 2308 1072 2342 et
1109 2305 1258 2354 quidem
1295 2304 1495 2355 probabili-

828 2369 885 2402 ter
912 2364 961 2401 ad
990 2373 1070 2400 eam
1094 2364 1250 2409 terram,
1282 2374 1376 2410 quae
1396 2374 1494 2399 nunc

826 2424 976 2458 vocatur
1007 2418 1181 2463 Fezzan,
1230 2422 1346 2455 totam
1381 2418 1494 2456 inter-

826 2478 912 2515 iisse
942 2476 1055 2513 arena
1080 2475 1201 2513 ventis
1232 2474 1393 2512 adducta
1423 2476 1491 2512 ob—

823 2538 972 2573 tectam.

880 2589 928 2629 τοὶ
948 2587 1108 2641 ἔλυτρα]
1142 2589 1252 2626 Conf.
1277 2590 1370 2623 nott.
1393 2586 1440 2622 ad
1466 2586 1495 2632 l,

833 2647 925 2689 185.
947 2669 1004 2674 —
1039 2648 1081 2683 In
1111 2658 1216 2694 seqq.
1245 2643 1355 2681 verba
1387 2638 1495 2687 ἐντὸς

829 2706 904 2754 τῆς
941 2699 1112 2753 Σύρτιος
1150 2702 1198 2738 de
1236 2700 1368 2736 minori
1393 2698 1495 2748 Syrti

829 2761 1041 2811 accipienda
1061 2762 1157 2796 sunt.
1201 2755 1310 2794 Cons.
1335 2759 1426 2792 nott.
1448 2754 1495 2792 ad

830 2817 893 2864 1V,
919 2818 1010 2858 169.
