1946 3272
36 0 41 179 !

621 215 972 258 THALIA.
1029 216 1091 255 111.
1437 223 1494 262 45

189 333 260 376 323
289 331 437 375 ἐλαίου
467 330 553 384 ε’ίη·
606 327 720 382 ὄζειν
751 326 798 370 δὲ
828 323 905 369 ἀπ’
939 324 1072 382 αὐτῆς
1098 325 1198 370 ὡσεὶ
1228 328 1322 370 ἰ’ων.
1366 326 1494 372 ἀσθε-

217 403 289 453 νὲς
323 402 369 444 δὲ
397 399 447 442 τό
478 399 602 452 ὕδωρ
632 403 709 455 τῆς
739 396 901 455 κρήνης
921 397 1081 453 ταύτης
1113 397 1228 441 οὕτω
1261 396 1314 454 δή
1343 413 1384 440 τι
1415 399 1500 441 ἔλε-

218 490 298 529 γον
327 470 440 514 εἶναι
471 471 515 513 οἱ
544 469 831 521 κατάσκοποι,
875 469 985 513 ὥστε
1017 469 1152 527 μηδὲν
1183 466 1282 512 οἷόν
1312 485 1357 512 τε
1387 467 1502 512 εἶναι

217 542 288 587 ἐπ’
326 541 468 586 αὐτοῦ
500 540 738 593 ἐπιπλέειν,
787 539 892 597 μήτε
933 541 1089 593 ξύλον,
1140 538 1246 596 μήτε
1282 544 1373 584 τῶν
1416 540 1499 584 ὅσα

218 613 352 667 ξύλου
391 614 477 657 ἐστὶ
508 612 803 669 ἐλαφρότερα·
853 610 959 656 ἄλλα
991 611 1134 655 πάντα
1166 611 1278 667 σφέα
1318 612 1499 668 χωρέειν

187 685 265 736 4ἐς
295 683 474 741 βυσσόν.
533 684 583 728 τό
616 686 661 728 δὲ
692 683 816 738 ὕδωρ
847 688 981 727 τοῦτο
1014 685 1054 727 εἴ
1079 695 1159 739 σφι
1188 683 1277 726 ἔστι
1304 681 1499 739 ἀληθέως
1512 689 1557 723 25

219 754 316 800 οἷόν
345 774 386 800 τι
416 755 600 811 λέγεται,
631 754 704 799 δια
725 759 858 799 τοῦτο
891 754 946 798 ἂν
976 753 1084 807 εἶεν,
1115 755 1257 810 τούτῳ
1282 754 1335 798 τὰ
1354 754 1500 798 πάντα

189 828 475 885 5χρεώμενοι,
507 826 756 883 μακρόβιοι.
817 826 902 871 ἀπὸ
931 831 1006 882 τῆς
1026 824 1192 883 κρήνης
1215 826 1260 870 δὲ
1283 825 1500 870 ἀπαλλασ-

218 900 438 956 σομένων,
489 897 669 954 οἷγαγεῖν
707 898 844 954 σφέας
886 899 926 950 ές
970 898 1268 954 δεσμωτήριον
1309 896 1499 953 ἀνδρῶν,

219 971 327 1014 ἔνθα
375 969 481 1022 τοὺς
521 970 688 1022 πάντας
738 970 785 1014 ἐν
822 969 977 1027 πέδῃσι
1030 971 1239 1027 χρυσέῃσι
1288 968 1505 1013 δεδέσθαι.
1565 977 1649 1017 206

189 1042 311 1085 6ἔστι
341 1041 387 1085 δὲ
417 1041 465 1085 ἐν
491 1041 688 1086 τούτοισι
717 1046 830 1085 τοῖσι
859 1043 1047 1093 Αἰθίοψι
1082 1040 1259 1084 πάντων
1289 1038 1313 1084 ὁ
1345 1041 1555 1097 χαλκόςδ1

219 1113 522 1158 σπανιώτατον
552 1114 624 1158 καὶ
654 1111 930 1169 τιμιώτατον.
988 1112 1255 1169 θεησάμενοι
1281 1113 1420 1156 δὲκαὶ
1449 1111 1499 1156 τό

220 1185 542 1241 δεσμωτήριον,
585 1185 832 1241 ἐθηήσαντο
862 1185 937 1229 καὶ
973 1184 1054 1241 τήν
1084 1189 1164 1228 τοῦ
1197 1183 1349 1227 Ἡλίου
1378 1187 1501 1239 λεγο-

91 1258 156 1303 24
214 1256 350 1314 μένην
378 1255 604 1313 τράπεζαν.
665 1256 790 1301 Mami
822 1257 868 1302 δὲ
897 1257 1085 1314 ταύτην,
1126 1256 1372 1308 τελευταίας
1402 1256 1501 1313 ἐθη-

165 1457 261 1494 Sunt
293 1457 423 1507 opinor
448 1459 568 1496 sontes
597 1452 781 1497 bituminis
803 1472 833 1497 s.

163 1513 254 1564 picis
285 1513 408 1564 pleui3
447 1515 547 1553 unde
572 1517 674 1565 quod
699 1530 835 1567 prove-

164 1571 219 1607 nit
244 1570 449 1620 petroleum
478 1572 553 1610 sive
581 1573 759 1624 naphtha,
788 1586 832 1610 eo

165 1631 308 1664 veteres
344 1627 414 1665 olei
445 1629 525 1667 vice
555 1643 642 1667 usos
675 1643 755 1667 esse
784 1630 832 1667 ad

166 1683 323 1721 eundem
345 1682 507 1723 Ctesiam
530 1699 564 1736 p.
587 1686 670 1727 346
696 1687 831 1723 monui.

214 1736 319 1786 ὄζειν
341 1738 382 1779 δὲ
396 1736 462 1780 ἀπ’
481 1737 606 1792 αὐτῆς
631 1741 723 1781 ὦσεὶ
747 1741 833 1792 ἴων]

166 1796 224 1834 De
249 1800 428 1835 structura
450 1800 591 1836 monuit
611 1799 747 1837 Matth.
767 1800 835 1837 Gr.

167 1853 233 1890 Gr.
249 1851 285 1903 ἓ.
300 1855 394 1901 376,
408 1855 467 1891 ubi
486 1855 604 1892 locum
624 1857 676 1893 sic
691 1857 835 1893 reddit:

166 1908 265 1957 „Die
276 1909 399 1952 Quelle
420 1912 533 1948 rz‘eclec
550 1915 615 1949 wie
633 1913 724 1950 nack
741 1913 835 1950 Veit-

168 1966 297 2003 cleen.“
339 1967 397 2005 Ad
431 1970 541 2006 verba
571 1965 677 2008 οὕτω
711 1965 762 2021 δή
796 1985 834 2008 τι

168 2025 262 2061 conf.
284 2024 345 2071 ΙΙΙ,
371 2027 434 2065 12.

224 2079 386 2131 χωρέειν
419 2080 459 2128 ές
486 2078 702 2135 βυσσόν]
747 2083 834 2121 Duo

167 2136 247 2174 libri
271 2133 420 2189 βυθόν.
463 2139 510 2176 At
532 2136 684 2190 βυσσόν
707 2140 834 2177 Ionum

170 2206 249 2231 esse
267 2208 288 2232 e
302 2194 435 2232 Scholl.
448 2194 631 2247 Aristoph.
643 2197 740 2234 Ran.
756 2198 834 2238 183

168 2255 294 2289 monet
311 2252 526 2302 Wesseling.
564 2253 622 2290 Ad
642 2254 774 2291 verba:
801 2252 841 2292 εἴ

171 2319 242 2357 σφι
266 2307 345 2346 ἔστι
367 2305 599 2359 α’ληθέως
622 2311 665 2347 cf.
689 2310 753 2357 lll,
772 2312 835 2351 17.

227 2361 293 2402 διοέ
321 2367 440 2404 τοῦτο
478 2362 528 2405 ἂν
570 2363 674 2418 εἶεν]
725 2368 833 2405 Conf-

170 2420 303 2458 Matth.
333 2422 399 2459 Gr.
435 2423 501 2460 Gr.
534 2422 570 2474 ἓ.
605 2423 701 2471 514,
735 2427 772 2466 2.
802 2437 836 2461 a.

169 2476 353 2515 Herodoti
385 2480 544 2517 rationes
570 2479 699 2518 allatas
725 2481 837 2518 miras

172 2533 283 2572 videri
314 2535 452 2573 iudicat
476 2536 638 2575 Heeren.
661 2536 682 2573 l.
702 2536 724 2573 l.
749 2550 836 2588 pag.

173 2589 254 2631 338
273 2596 348 2629 not.
386 2591 436 2630 At
451 2593 650 2631 Hammero
670 2591 837 2641 (Annall.

173 2644 303 2684 Vienn.
332 2648 385 2685 IX
428 2663 465 2700 p.
497 2648 569 2701 64)
604 2650 722 2688 omnis
750 2651 841 2688 haec

174 2705 332 2741 narratio
351 2706 400 2742 ad
422 2706 563 2744 fabulas
594 2719 714 2745 sacras
743 2709 841 2746 refe-

174 2758 288 2795 renda
316 2761 462 2800 videtur
497 2764 657 2813 indeque
693 2763 841 2802 Macro-

175 2814 316 2852 biorum
336 2817 417 2855 sons
447 2819 570 2858 similis
589 2821 640 2858 illi
663 2821 756 2858 fonti
785 2822 839 2858 vi-

175 2869 260 2918 tali,
301 2873 365 2922 qui
383 2874 420 2911 in
440 2874 538 2914 libris
557 2877 753 2916 Persarum
779 2890 839 2916 sa-

892 1459 960 1496 cris
988 1461 1140 1496 vocatur
1163 1456 1363 1506 Ardnisur,
1405 1462 1442 1497 et
1462 1471 1563 1497 com-

891 1520 1114 1554 memoratur
1144 1516 1181 1553 in
1219 1517 1379 1561 carmine
1421 1515 1563 1554 Schah-

890 1573 1035 1611 nameh.

937 1628 979 1668 ἐν
994 1628 1138 1684 πέδῃσι
1153 1626 1340 1682 χρυσέῃσι
1354 1627 1560 1680 δεδέσθαι]

889 1686 949 1724 De
971 1700 1038 1724 usu
1067 1686 1352 1736 praepositionis
1385 1685 1428 1726 έν
1459 1687 1560 1724 dixi-

893 1756 972 1780 mus
993 1744 1041 1780 ad
1062 1744 1093 1789 1,
1113 1745 1177 1784 66.
1217 1741 1279 1780 Ad
1303 1747 1563 1792 argumentum

893 1800 1009 1837 citant
1041 1799 1152 1837 Dion.
1182 1799 1373 1848 Chrysost.
1418 1801 1482 1839 Or.
1507 1802 1561 1841 79

893 1870 928 1907 p.
942 1856 1024 1897 664
1036 1856 1079 1893 Β.
1100 1861 1138 1894 et
1156 1856 1346 1893 Heliodor.
1363 1856 1563 1907 Aethiopp.

892 1913 944 1949 IX
983 1927 1021 1964 p.
1044 1912 1112 1954 40.
1164 1912 1230 1950 Cr.
1262 1913 1368 1950 addit
1394 1913 1560 1951 Linden-

891 1969 997 2018 brog.
1041 1970 1090 2006 ad
1132 1968 1311 2007 Ammian.
1357 1969 1559 2008 Marcellin.

891 2026 1044 2073 XXVII,
1060 2029 1125 2074 12,
1152 2031 1176 2069 3
1199 2040 1235 2077 p.
1250 2029 1333 2068 207
1351 2027 1408 2064 ed.
1422 2027 1558 2076 Wagn.

892 2087 930 2121 et
952 2083 1029 2120 Erf.
1059 2083 1220 2121 Heeren.
1245 2083 1268 2120 l.
1288 2083 1309 2120 l.
1330 2097 1367 2134 p.
1392 2083 1475 2125 347
1500 2097 1559 2131 ea,

892 2153 988 2190 quae
1007 2141 1054 2178 de
1075 2141 1194 2178 aureis
1217 2140 1456 2191 compedibus
1478 2153 1564 2177 nar-

892 2202 1019 2234 rantur
1038 2226 1049 2244 ,
1101 2197 1149 2234 ad
1187 2197 1329 2234 fabulas
1365 2197 1564 2235 reiicienda

894 2267 975 2292 esse
997 2258 1150 2300 censet3
1193 2254 1259 2291 sed
1291 2254 1377 2292 ferri
1405 2258 1443 2292 et
1469 2254 1564 2292 aeris

893 2311 1082 2348 raritatem
1100 2312 1136 2348 in
1156 2311 1255 2348 hisce
1274 2311 1482 2360 regionibus
1504 2323 1564 2348 sa-

893 2368 939 2404 tis
960 2367 1011 2405 ait
1032 2381 1112 2406 esse
1135 2372 1261 2405 notam
1283 2368 1563 2417 confirmarique

894 2424 1054 2462 Cosmae
1075 2425 1307 2472 narratione,
1338 2425 1401 2475 qui
1424 2425 1563 2462 ferrum

893 2481 931 2517 in
951 2482 993 2518 iis
1013 2482 1122 2519 rebus
1146 2487 1348 2529 recenseat,
1380 2494 1471 2531 quas
1490 2480 1565 2518 Ae-

893 2538 1039 2589 thiopes
1073 2539 1150 2575 auri
1189 2538 1268 2576 loco
1303 2551 1325 2576 a
1357 2538 1562 2589 peregrinis

897 2599 1113 2633 mercentur.
1173 2594 1232 2633 De
1261 2596 1358 2633 ferro
1389 2600 1428 2633 et
1464 2606 1563 2640 aere,

897 2652 998 2701 quod
1028 2652 1149 2702 prisco
1176 2652 1376 2689 admodum
1405 2664 1496 2690 aevo
1527 2651 1564 2686 in

896 2708 1052 2746 maxime
1071 2710 1239 2760 pretiosis
1263 2708 1468 2746 habebatur
1488 2719 1565 2743 me-

895 2765 1014 2811 tallis,
1043 2765 1217 2802 nonnulla
1238 2765 1364 2803 notavi
1382 2765 1429 2801 ad
1448 2763 1476 2809 Ι,
1497 2760 1562 2803 25.

896 2824 960 2863 68.
976 2842 1033 2849 —
1063 2821 1124 2858 Ad
1149 2823 1303 2859 formam
1329 2814 1558 2870 ἐθηήσαντο

895 2880 990 2917 cons.
1010 2882 1102 2917 nott.
1123 2879 1172 2917 ad
1192 2878 1222 2926 I,
1246 2880 1310 2921 10.

1559 1255 1713 1291 Quomodo
1727 1255 1836 1291 sepeu-

1559 1293 1612 1319 θυι
1629 1294 1775 1319 mortuos·
