1863 3256
87 250 248 277 ficientium
260 271 268 284 ‚
295 253 328 277 ut

70 284 344 310 manente-sumnus

234 687 331 730 131
391 677 519 759 μένςρ-

65 748 156 776 Dario
176 750 262 776 mali.
285 751 337 776 iin-

66 783 165 818 pedito
196 783 304 809 caicvdi
289 791 337 809 o-a

90 822 111 842 t«
114 824 137 842 ι·
160 825 178 842 a
196 792 228 841 5.(
228 816 314 850 :nbis

65 851 119 877 mis
123 858 172 876 sisi
192 858 229 882 ‘¹1¹
233 858 267 876 ue
287 848 337 876 do-

64 891 105 912 na
121 884 234 911 tulerit

402 145 485 185 508

399 251 447 295 ἐν
483 255 538 309 τῇ
569 257 796 308 Σκυθικῇ,
840 254 913 296 καὶ
951 254 1270 308 παραμένοντες
1308 251 1524 310 ἆνιςόατο,

70 318 170 353 ⁵¹¹⁰P¹³
191 322 343 348 vexentur.
370 322 576 366 Ξπάντων
605 324 816 372 ἐπιδευέες
844 322 1008 373 ἐόντες,
1039 323 1214 366 ἐποίευν
1242 321 1401 366 τοιάδε.
1443 323 1555 374 ὅκως
1571 329 1659 367 τῶν
1724 330 1804 369 338

792 145 1255 186 HERODOTI

1573 257 1660 297 τῶν
1670 262 1714 297 95

399 395 631 451 προβοίτων
669 397 757 435 τῶν
794 391 1016 445 σφετέρων
1056 391 1202 434 αὐτῶν
1237 395 1516 436 καταλίποιεν
1556 394 1659 449 μετα

399 469 487 508 τῶν
521 463 712 519 νομέων,
755 459 878 504 αὐτοὶ
917 460 972 504 ἂν
1008 460 1309 518 ὑπεξήλαυνον
1342 463 1385 514 ἐς
1415 462 1547 506 ἄλλον
1575 466 1660 518 χῶ-

399 553 481 591 ρον
495 550 505 560 ·

573 535 614 576 οἱ
655 532 700 574 δὲ
740 531 793 574 ἂν
836 533 1003 587 Πέρσαι
1040 533 1292 585 ἐπελθόντες
1333 533 1567 589 ἐλάβεσκον
1606 534 1658 577 τὰ

398 605 619 660 πρόβατα,
658 602 733 645 καὶ
770 603 998 659 λαβόντες,
1043 603 1259 660 ἐπήροντο
1299 604 1352 647 ἂν
1388 609 1449 661 τῷ
1484 621 1656 661 πεποιη-

579 672 798 723 Πολλάκις
823 674 868 717 δὲ
897 674 1103 717 τοιούτου
1132 675 1386 730 γινομένου,
1422 678 1542 726 τέλος
1568 681 1655 718 Δα-

395 745 509 801 ρεῖός
536 761 580 787 τε
610 744 657 787 ἐν
687 743 892 800 ἀπορίῃσι
921 747 1077 800 εἴχετο·
1117 746 1190 788 καὶ
1221 747 1264 787 οἱ
1288 745 1504 788 Σκυθέων
1533 749 1652 801 βασι·
1665 753 1680 786 1

396 816 486 866 λέες
522 814 735 870 μαθόντες
763 818 918 866 τοῦτο,
962 816 1155 885 ἔπεμπον
1183 814 1373 870 κήρυκα,
1415 818 1537 869 δῶρα
1566 822 1652 859 Δα-

394 889 494 945 ρείῳ
529 885 739 942 φέροντα,
777 884 938 938 ὄρνιθα
965 901 1032 936 τε,
1068 886 1140 928 καὶ
1176 889 1286 940 μῦν,
1326 886 1397 928 καὶ
1426 886 1653 941 βάτραχον,

365 957 470 1002 Ξκαὶ
500 955 671 1007 ὀϊστους
699 955 837 998 πέντε.
880 956 1045 1011 Πέρσαι
1077 956 1122 999 δε
1145 957 1223 999 τόν
1243 956 1436 1012 φέροντα
1456 974 1507 999 τα
1530 960 1651 1010 δῶρα

393 1026 650 1084 ἐπειρώτεον
689 1027 765 1071 τὸν
804 1027 912 1070 νόον
951 1031 1038 1070 τῶν
1068 1027 1326 1083 διδομένων·

1387 1026 1410 1070 ὁ
1446 1027 1491 1070 δὲ
1521 1025 1678 1070 ου’δὲνό

393 1099 477 1156 ἔφη
529 1100 572 1142 οἱ
617 1098 873 1142 ἐπεστάλθαι
920 1097 1024 1142 ἄλλο
1070 1097 1097 1156 ἢ
1146 1097 1280 1143 δόντα
1325 1098 1406 1155 τήν
1449 1099 1650 1153 ταχίστην

390 1305 586 1362 ἐπῄροντο
619 1303 670 1345 ἄν
693 1309 750 1360 τῷ
775 1305 989 1358 πεποιημέ-

330 1363 404 1417 νῳ]
429 1365 453 1403 i.
477 1378 508 1402 e.
528 1364 760 1412 efferebantur
775 1378 811 1400 re
826 1368 985 1414 peracta,

326 1421 464 1471 praeda
481 1424 613 1457 coacta.
645 1420 815 1467 „Scilicet
833 1421 901 1457 hoc
917 1421 987 1457 suit

329 1477 547 1525 Scytharum
589 1476 794 1523 consilium,
842 1481 882 1513 ut
920 1489 986 1526 spe

330 1532 444 1570 Dario
474 1534 570 1569 facta
590 1533 750 1582 praedae
772 1533 985 1579 identidem,

329 1589 429 1625 unde
454 1589 647 1625 exercitum
679 1590 811 1635 aleret,
850 1589 985 1626 facien-

328 1645 420 1691 dae,
463 1645 682 1682 retineretur
702 1658 765 1682 rex
784 1645 833 1681 cis
850 1644 985 1681 Istrum

328 1702 499 1747 fluvium,
542 1701 658 1738 donec
696 1701 742 1737 ad
772 1705 983 1748 extremum,

327 1761 440 1807 ponte
468 1756 548 1793 Istri
579 1758 625 1794 ab
660 1757 806 1794 Ionibus
830 1758 984 1795 rescisso

329 1813 423 1861 (coll.
445 1827 474 1850 c.
496 1813 567 1864 33)
589 1814 709 1850 reditu
736 1813 898 1851 exclusus
922 1826 984 1850 ex-

327 1870 459 1907 ercitus
494 1871 591 1907 same
625 1874 723 1907 esset
757 1870 983 1921 periturus.“

327 1925 361 1963 S
369 1925 539 1974 chwez'g
551 1926 584 1964 Ιι.

494 1983 525 2020 C
540 1995 610 2033 ap.
642 1981 812 2019 CXXXI.

380 2037 424 2077 ἐν
467 2034 657 2092 ἀπορίῃσι
697 2037 834 2089 εἴχετο]
893 2039 918 2076 i.
948 2051 980 2076 e.

326 2095 468 2131 consilii
483 2097 603 2146 inopia
622 2096 822 2141 tenebatur,
852 2108 981 2145 anceps

325 2151 506 2198 haerebat,
550 2152 636 2202 quid
664 2152 804 2189 consilii
835 2155 980 2202 caperet.

322 2207 381 2243 Ad
401 2207 616 2245 locutionem
635 2209 727 2245 conf.
750 2209 786 2254 l,
817 2210 896 2249 190
916 2208 978 2245 fin.

321 2261 409 2299 Mox
439 2277 506 2313 pro
529 2265 715 2315 βασιλῆες
738 2264 882 2302 exhibui
905 2265 979 2315 βα-

321 2317 454 2364 σιλέες.
502 2320 635 2369 Fugit,
673 2325 712 2357 ut
737 2321 902 2368 videtur,
941 2324 979 2358 et

320 2375 439 2411 Gaisf.
473 2380 510 2413 et
539 2377 658 2414 Struv.
691 2376 798 2427 Spec.
828 2377 861 2413 ll
889 2389 976 2428 pag.

323 2429 387 2471 14.
422 2433 472 2472 16

377 2482 527 2538 ὄρνιθά
552 2501 604 2533 τε,
629 2486 696 2526 καὶ
717 2489 798 2536 μῦν
818 2503 853 2526 κ.
872 2503 904 2526 τ.
924 2487 974 2538 L]

322 2543 522 2593 Exscripsit
552 2544 683 2581 Athen.
708 2543 812 2590 vlu,
839 2546 863 2583 9
888 2557 974 2594 pag.

321 2601 404 2640 334
438 2600 479 2636 A.
554 2600 586 2636 Ε
630 2601 837 2648 Ρῒιρῑεο)όο
893 2602 974 2648 Syr.

323 2657 411 2693 haec
441 2657 656 2705 Scytharum
688 2657 784 2693 dona
811 2657 877 2693 sed
910 2669 975 2692 au-

322 2713 437 2748 ctiora
470 2717 659 2749 enumerat
691 2713 863 2749 Clemens
891 2712 976 2749 Ale-

321 2769 448 2807 xandr.
468 2770 640 2809 Stromat.
662 2770 693 2806 V
708 2783 744 2820 p.
766 2771 843 2810 671
868 2769 974 2819 (pag.

1008 2579 1012 2583 ,
1031 2545 1184 2594 sophus,

1045 1307 1098 1349 57
1154 1309 1323 1356 sragmm.
1379 1307 1581 1357 Pherecyd.
1640 1309 1699 1345 ed.

1044 1366 1198 1412 Sturz.).
1228 1366 1287 1401 Ad
1308 1361 1504 1415 βάτραχον
1519 1364 1700 1401 confiliu-

1044 1422 1150 1458 stath.
1173 1421 1220 1457 ad
1238 1421 1386 1458 Homer.
1411 1421 1512 1458 Iliad.
1545 1434 1581 1470 p.
1601 1420 1697 1467 468,

1044 1479 1095 1517 31
1121 1490 1148 1513 s.
1171 1478 1252 1517 356
1272 1482 1361 1514 extr.
1391 1478 1438 1513 ad
1458 1476 1593 1524 Odyss.
1613 1490 1697 1525 pag.

1045 1532 1153 1572 1570
1178 1545 1205 1568 s.
1226 1534 1322 1578 271,
1357 1532 1422 1573 46.
1456 1553 1513 1559 —
1560 1561 1585 1579 ‚,
1599 1532 1699 1573 Quid

1041 1590 1110 1625 sibi
1132 1588 1257 1625 vellent
1288 1590 1359 1625 ista
1388 1589 1503 1636 dona,
1542 1589 1699 1638 primum

1042 1645 1131 1682 dicit
1159 1642 1226 1684 τὸν
1246 1640 1341 1683 νόον
1359 1647 1440 1683 τῶν
1464 1643 1697 1694 διδομένων,

1041 1705 1118 1738 tum
1138 1698 1181 1740 τὸ
1198 1699 1325 1740 ἐθέλει
1343 1698 1391 1739 τοὶ
1413 1701 1521 1751 δῶρα
1549 1699 1696 1754 λέγειν,·

1040 1757 1079 1794 id
1107 1762 1184 1805 est,
1233 1758 1270 1795 τί
1313 1756 1595 1808 διανοηθέντες
1633 1763 1698 1795 aut

1040 1811 1140 1865 πρός
1166 1813 1203 1852 τί
1228 1809 1479 1865 ἀφορῶντες,
1516 1816 1590 1852 sive
1617 1815 1696 1853 τίνι

1039 1868 1133 1909 ποτὲ
1147 1885 1285 1923 γνωμῃ
1301 1885 1492 1935 χρωμένοι
1508 1869 1695 1921 ἔπεμπον.

1038 1927 1071 1963 V
1075 1927 1198 1964 erbum
1221 1927 1385 1964 Noster
1377 1941 1414 1964 111
1434 1927 1566 1964 talibus
1587 1927 1694 1964 adhi-

1038 1983 1101 2020 bet
1147 1981 1297 2030 ἐθέλει,
1347 1983 1498 2021 Homer.
1536 1989 1693 2023 secutus.

1038 2039 1202 2088 Euripid.
1230 2039 1380 2089 Hippol.
1406 2041 1500 2080 865.
1549 2040 1692 2077 Herod.

1037 2095 1085 2141 Il,
1105 2097 1170 2136 13.
1203 2097 1248 2142 V,
1272 2098 1337 2135 86.
1368 2096 1430 2141 VI,
1451 2099 1516 2136 37.
1556 2095 1693 2133 Homil.

1038 2152 1213 2189 Clement.
1232 2152 1330 2197 XlV,
1347 2154 1384 2191 9.
1414 2152 1534 2200 Magis
1557 2153 1692 2189 usitata

1036 2212 1119 2244 sunt
1161 2208 1199 2246 τί
1235 2210 1352 2247 τοῦτο
1390 2205 1594 2258 βούλεται,
1653 2212 1691 2245 et

1035 2260 1217 2315 βούλεται
1270 2263 1394 2314 λέγειν
1457 2264 1514 2301 vel
1577 2267 1689 2302 εἰιαι.

1033 2320 1156 2358 Etiam
1175 2321 1272 2369 apud
1291 2320 1429 2358 Herod.
1454 2321 1508 2367 11,
1532 2321 1587 2360 30
1616 2320 1690 2369 [ubi

1034 2377 1106 2413 vid.
1128 2381 1219 2412 nott.
1242 2375 1304 2422 lv,
1335 2374 1428 2425 110]
1463 2371 1660 2414 &wama
1652 2388 1689 2413 ln

1034 2432 1164 2469 talibus
1183 2432 1381 2469 adhibetur.
1393 2433 1419 2451 “
1471 2432 1499 2468 V
1508 2446 1530 2468 (ι
1543 2433 1580 2468 lc
1594 2433 1614 2468 l.-
1628 2446 1687 2469 en.

1032 2489 1163 2536 Attigit
1188 2488 1403 2524 Herodotea
1424 2489 1551 2525 Gallus
1571 2489 1688 2539 philo-

1242 2544 1433 2581 Rousseau
1480 2545 1573 2582 Emil
1622 2545 1687 2592 lV,

1032 2604 1393 2647 commonstraturus,
1460 2606 1595 2650 quanta
1649 2602 1685 2638 in

1033 2657 1207 2694 eiusmodi
1229 2657 1340 2704 siguis
1357 2669 1385 2692 s.
1409 2658 1579 2707 symbolis
1602 2657 1687 2694 insit

1031 2714 1107 2757 xis,
1137 2713 1233 2749 omui
1255 2713 1411 2763 scripto,
1454 2715 1620 2751 omnibus
1642 2714 1685 2750 li-

1032 2770 1141 2817 teris,
1172 2769 1293 2806 maior.
