1946 3272
21 1125 31 1707 .-,.--.—.——-----.—-—

582 192 933 235 THALIA.
993 191 1056 230 111.

1405 198 1460 236 79

188 316 318 370 ἔργον
343 311 386 356 δὲ
417 306 471 364 ἦν
496 305 728 360 Θεοδώρου
762 307 844 347 τοῦ
870 300 1108 359 Τηλεκλέος
1133 301 1330 356 Σαμίου.
1372 301 1463 346 ἐπεὶ

157 393 177 426 3
191 381 253 429 ὧν
273 381 434 435 ταύτην
453 380 498 421 οἱ
516 376 658 421 ἐδόκεε
680 372 954 430 ἄποβαλέειν,
974 374 1112 417 ἐποίεε
1130 370 1290 416 τοιάδε.
1321 382 1519 429 πεντη-8ο

185 455 392 506 κόντερον
419 447 650 504 πληρώσας
681 445 880 500 ἀνδρῶν,
924 444 1048 501 ἐσέβη
1080 444 1122 495 ἐς
1154 442 1309 499 αὐτήν·
1355 443 1462 500 μετὰ

188 527 251 575 δὲ,
297 522 531 577 ἀναγαγεῖν
561 520 726 563 ἐκέλευε
767 518 809 568 ἒς
842 516 891 560 τὸ
932 518 1144 572 πέλαγος·
1191 515 1251 566 ὥς
1289 515 1334 559 δὲ
1376 514 1463 559 οἷπὸ

183 599 256 651 τῆς
277 592 414 649 νήσου
436 590 537 641 ἕκοὶς
561 591 752 647 ἐγένετο,
784 590 1087 645 περιελόμενος
1118 588 1197 644 τὴν
1228 590 1463 643 σφρηγῖδα,

182 665 357 710 πάντων
394 661 614 718 ὁρεόντων
650 666 739 705 τῶν
770 659 1029 716 συμπλόων,
1074 662 1213 714 ῥίπτει
1244 659 1286 710 ἐς
1314 659 1363 703 τὸ
1392 660 1462 703 πέ-
1476 665 1520 700 85

181 741 334 791 λαγος·
374 739 505 778 τοῦτο
539 733 583 777 δὲ
614 732 828 789 ποιήσας,
861 730 1059 775 ἀπέπλεε.
1118 729 1382 785 ἀπικόμενος
1413 731 1459 774 δὲ

59 814 124 860 42
181 808 222 858 ἐς
251 807 304 850 τὰ
334 807 475 857 οἰκία,
521 809 735 863 συμφορῇ
766 805 930 860 ἐχρῆτο.

184 879 321 935 ἡμέρῃ
362 876 450 921 ἀπό
491 877 688 930 τούτων,
736 874 839 919 τάδε
888 877 931 918 οἱ
973 872 1198 930 συνήνεικε
1245 873 1463 930 γενέσθαι.

185 949 295 1006 ἀνὴρ
342 948 510 1001 ἁλιεύς,
558 948 708 1006 λαβών
751 949 882 1003 ἰχθῦν
922 947 1059 1002 μέγαν
1099 962 1142 989 τε
1190 946 1264 990 καὶ
1310 945 1460 998 καλὸν,

185 1020 312 1078 ἠξίου
351 1039 427 1078 μιν
459 1020 735 1076 Πολυκράτεϊ
775 1021 922 1074 δῶρον
960 1021 1171 1075 δοθῆναι·
1221 1019 1370 1075 φέρων
1407 1017 1460 1074 δή
1474 1024 1520 1058 90

188 1199 302 1252 ἔργον
326 1197 368 1238 δὲ
400 1193 453 1251 ἧν
485 1194 719 1264 Θεοδωρου]
752 1193 795 1235 δὲ

130 1259 183 1308 ἡν
200 1271 280 1295 cum
294 1261 446 1294 recentt
465 1257 549 1294 edd.
572 1255 794 1306 scripsimus,

130 1314 310 1366 probante
338 1326 489 1351 censoie
517 1313 661 1350 lenensi
686 1313 793 1352 1817

132 1384 185 1408 nr
202 1372 280 1412 163
301 1383 385 1420 pag·
396 1372 491 1410 363
524 1370 646 1418 Vulgo
668 1384 720 1419 ην
740 1365 793 1405 δε.

133 1451 184 1456 -
212 1427 270 1465 De
303 1427 482 1463 ΊΙιεοιΙοιο
512 1427 668 1463 diximus
696 1426 743 1462 ad
768 1424 797 1471 Ι,

133 1484 199 1526 51.
235 1483 452 1533 Intelligitur
478 1484 511 1520 h.
537 1483 560 1520 l.
593 1483 796 1520 Theodorus

132 1543 244 1577 minor
276 1544 389 1588 natu,
427 1541 487 1590 qui
524 1554 603 1577 cum
637 1538 795 1577 'l'eleclis

132 1597 224 1634 filius
258 1602 429 1644 vocetur,
475 1597 649 1644 distingui
687 1596 798 1633 debet

135 1655 180 1690 ab
201 1653 314 1690 altero
332 1654 547 1700 Theodoro,
568 1654 707 1691 Rhoeci
727 1653 796 1700 (de

133 1724 207 1759 quo
230 1711 276 1746 ad
295 1710 355 1757 ΙΙΙ,
375 1712 449 1759 60)
478 1711 550 1747 filio
577 1709 797 1758 alteriusque

139 1767 287 1804 Teleclz's
314 1768 436 1804 fratre.
479 1768 550 1810 Qui
570 1766 681 1803 multo
700 1767 800 1816 prior

135 1824 183 1861 ad
204 1823 461 1874 Olympiadum
480 1824 585 1860 initia
604 1825 679 1861 fere
700 1837 721 1860 a
744 1822 798 1859 vi-

137 1881 187 1917 ris
220 1880 337 1916 doctis
371 1885 578 1917 removetur
607 1884 798 1928 artemque

136 1937 228 1974 aeris
252 1937 432 1974 fundendi
456 1937 636 1987 reperisse
660 1937 799 1982 fertur3

137 2006 159 2030 a
193 2005 267 2042 quo
297 1994 406 2030 istum
439 1994 613 2031 annulum
651 1995 798 2039 factum,

137 2049 333 2087 multorum
362 2063 538 2088 annorum
568 2051 725 2088 decursu
752 2050 800 2086 ad

138 2106 365 2155 Polycratem
385 2109 594 2157 pervenisse
609 2108 706 2145 haud
720 2120 800 2144 ma-

139 2163 194 2212 gis
215 2164 405 2213 probabile
422 2169 490 2210 est,
522 2177 632 2214 quam
652 2164 802 2201 calicem

139 2221 265 2257 Croesi
306 2220 371 2268 (cf.
412 2221 446 2268 Ι,
475 2221 545 2270 51)
585 2221 631 2258 ab
669 2222 802 2258 eodem

141 2276 353 2324 Theodoro,
385 2278 547 2327 quinque
576 2277 706 2315 saltem
737 2278 803 2314 ho-

141 2333 274 2369 minum
297 2335 477 2372 aetatibus
496 2334 702 2384 antiquiori,
729 2334 804 2372 ela·

141 2388 306 2427 boratum
338 2404 419 2428 esse
441 2392 469 2427 si
499 2392 647 2428 dixeris.
691 2391 803 2441 Apud

142 2444 294 2483 Diodor.
315 2447 341 2492 I,
355 2449 408 2488 98
429 2453 466 2485 et
481 2447 802 2497 Athenagor.XlV

143 2514 179 2549 p.
203 2503 250 2541 61
287 2504 438 2540 Telecles
469 2505 527 2542 ille
553 2506 669 2541 maior
698 2509 801 2552 natu,

145 2556 325 2596 Theodori
353 2561 485 2610 prioris
513 2564 637 2609 frater,
668 2561 803 2599 intelli-

147 2613 184 2660 gi
214 2614 346 2662 debet3
375 2619 474 2666 apud
505 2618 736 2655 Herodotum
765 2622 804 2656 et

148 2669 362 2709 Pausaniam
375 2671 489 2723 (Vin,
505 2673 568 2721 14,
580 2676 615 2717 5
628 2676 676 2722 X,
689 2677 741 2716 38
745 2674 803 2724 ,3)

153 2724 302 2763 Telecles
328 2731 439 2767 minor
467 2735 583 2779 natu,
613 2731 805 2769 Theodori

853 1196 888 1233 d
918 1195 1005 1234 bild.
1034 1195 1170 1233 Konst.
1195 1209 1281 1246 pag.
1310 1199 1385 1237 181
1416 1209 1521 1246 seqq.

853 1253 911 1291 ed.
934 1254 1083 1290 secund.
1090 1267 1232 1302 ‚quem
1255 1255 1332 1291 iure
1355 1254 1521 1304 sequitur

853 1309 968 1359 Sillig.
992 1310 1015 1346 Ι.
1041 1309 1061 1346 Ι,
1093 1323 1179 1360 pag.
1209 1309 1290 1351 435
1313 1323 1390 1359 seq.
1422 1309 1519 1350 442·

852 1366 912 1404 Tu
932 1368 1028 1404 conf.
1051 1372 1244 1416 praeterea
1262 1367 1432 1404 Panofka
1453 1367 1523 1402 Sa-

854 1423 976 1460 miorr.
1008 1424 1083 1461 Res
1113 1437 1198 1473 pag.
1229 1424 1282 1465 53
1304 1437 1381 1474 seq.
1412 1427 1450 1461 et
1476 1423 1520 1463 C.

855 1480 901 1516 O.
917 1480 1060 1517 Miiller.
1084 1480 1138 1518 l.l.
1161 1494 1245 1532 pag.
1267 1483 1332 1522 38.
1368 1481 1420 1517 Ac
1438 1479 1523 1530 plu—

853 1550 911 1574 res
935 1537 1170 1582 Theodoros‚
1188 1538 1332 1574 Samios
1353 1538 1524 1575 eosdem-

854 1607 926 1643 que
949 1595 1119 1641 artifices,
1141 1595 1423 1643 distinguendos
1442 1607 1523 1632 esse

856 1652 1006 1698 dudum,
1038 1657 1192 1689 notante
1218 1651 1298 1698 Cr„
1330 1654 1525 1689 monuerat

855 1708 1039 1757 Bottiger.
1054 1710 1090 1745 in
1103 1708 1277 1747 Andeutt.
1292 1722 1324 1746 z.
1336 1708 1524 1746 Archaeo-

854 1764 928 1815 log.
953 1779 1038 1815 pag.
1061 1765 1125 1805 52.

913 1817 1194 1871 περιελόμενος
1219 1818 1292 1872 τήν
1321 1821 1524 1873 σφρηγῖδα

854 1899 910 1906 -—
934 1878 1076 1929 ῥίπτει]
1110 1880 1131 1916 i.
1151 1893 1181 1917 e.
1208 1891 1378 1928 gemnmm
1403 1879 1521 1915 detra-

856 1939 949 1973 ctam
976 1936 1044 1983 (de
1066 1936 1204 1986 digito)
1233 1938 1271 1973 in
1296 1948 1391 1972 mare
1413 1937 1523 1972 conii-

857 1995 916 2031 cit.
958 1992 1018 2029 Ad
1043 1995 1195 2030 verbum
1226 1997 1525 2044 περιαιρεῖσθαι

858 2050 1072 2087 detrahendi
1089 2052 1239 2088 notione
1251 2051 1346 2087 conf.
1360 2049 1422 2095 ΙΙΙ,
1446 2050 1524 2091 128

859 2107 939 2144 coll.
962 2107 1053 2147 159.
1099 2107 1180 2145 Nec
1199 2108 1268 2145 alia
1289 2107 1343 2143 vis
1364 2119 1524 2157 praepo-

858 2164 997 2201 sitionis
1020 2162 1110 2215 περὶ
1132 2165 1168 2201 in
1192 2164 1304 2202 verbo
1324 2163 1526 2215 περιτίθε-

862 2225 961 2260 σθαι
979 2221 1047 2267 (de
1066 2234 1139 2270 quo
1162 2222 1236 2258 vid.
1253 2225 1349 2258 nott.
1365 2221 1415 2258 ad
1438 2219 1525 2257 Plu-

860 2278 975 2316 tarch.
991 2277 1121 2327 Pyrrh.
1146 2281 1194 2319 11
1217 2292 1302 2329 pag.
1317 2276 1432 2327 170),
1456 2291 1530 2315 πε-

863 2335 1047 2383 ριτίλλειν
1068 2335 1230 2382 (Herod.
1244 2335 1306 2381 ΙΙΙ,
1329 2332 1417 2384 32),
1438 2333 1529 2371 aliis.

860 2392 918 2430 De
942 2391 1126 2429 locutione
1150 2393 1341 2444 συμφορῇ
1354 2393 1532 2442 χρῆσθαι

860 2448 1065 2486 notavimus
1088 2450 1270 2497 quaedam
1293 2448 1390 2494 adl,
1415 2447 1482 2489 35.

1065 2506 1177 2557 Cap.
1206 2506 1322 2543 XIII.

917 2556 996 2600 ἀπὸ
1021 2577 1041 2600 τ
1053 2577 1072 2601 ο
1085 2558 1111 2600 ύ
1125 2579 1144 2600 τ
1158 2579 1187 2602 ω
1200 2564 1246 2613 ν]
1286 2563 1388 2599 Cave
1409 2560 1529 2598 corri-

861 2632 928 2668 gas
952 2614 1030 2658 από
1048 2634 1246 2659 τουτου.
1285 2619 1400 2656 Haud
1427 2617 1530 2655 aliter

862 2674 904 2714 ἐκ
935 2671 1088 2714 τούτων
1110 2678 1147 2714 in
1170 2675 1351 2714 Plutarch.
1372 2674 1528 2712 Flamin.

862 2734 888 2773 9
907 2733 997 2777 init.⁹
1022 2733 1085 2770 ubi
1115 2735 1187 2772 vid.
1218 2738 1311 2772 nott.
1328 2745 1415 2783 pag.
1438 2732 1530 2775 100,

146 2782 292 2819 minoris
312 2789 424 2833 pater.
482 2787 540 2825 De
562 2788 693 2837 quibus
715 2789 804 2825 arti-
859 2788 939 2826 coll.
961 2789 1102 2828 Herod.
1121 2791 1152 2838 Ι,
1171 2790 1208 2831 4.
1239 2790 1336 2829 Add.
1358 2785 1524 2834 Aeschyl

146 2837 274 2875 ficibus
301 2841 434 2878 consul.
456 2842 647 2883 Thiersch
659 2845 801 2896 Epoeh.
859 2845 961 2884 Pers.
980 2848 1075 2887 793.

994 803 1176 859 Πέμπτι]
1217 803 1261 846 δὲ
1302 802 1330 858 ἢ
1361 802 1462 859 ἕκτη
1520 803 1673 877 ἰέιιῇὶέἳί
1721 825 1797 866 ιιι

1523 905 1530 911 ,
1640 871 1777 906 annulum

1522 908 1671 933 inventus.

1523 870 1604 905 dau,

1695 804 1787 838 pincis
