1863 3256
24 643 121 690 150

458 234 1145 274 MELPOMENE.1V.

1355 243 1437 282 537

169 359 405 414 ἱδρύσαντο
446 359 493 402 ἐκ
530 360 803 414 θεοπροπίου
838 357 1053 413 Ἐρινύων
1092 362 1181 402 τῶν
1216 362 1359 403 Λαΐου
1395 380 1440 407 τε

167 433 240 474 καὶ
269 431 512 475 Οἰδιπόδεω
541 429 663 484 ἱρόν·
702 431 775 475 καὶ
795 430 898 486 μετὰ
921 435 1051 474 τοῦτο
1073 429 1275 486 ὑπέμεινε
1297 430 1437 476 τωύτό

169 507 299 546 τοῦτο
338 504 412 546 καὶ
449 502 496 545 ἐν
529 500 652 558 Θήρῃ
685 507 798 546 τοῖσι
827 502 912 545 ἀπὸ
942 507 1032 546 τῶν
1061 502 1236 557 ἀνδρῶν
1264 500 1436 545 τούτων
1450 511 1493 543 85

166 573 381 629 γεγονόσι.

278 645 420 699 Μέχρι
458 643 538 698 μέν
574 659 658 686 νυν
696 642 858 686 τούτου
892 646 974 687 τοῦ
1003 643 1140 699 λόγου
1171 643 1437 700 Λακεδαιμό-

164 732 255 758 νιοι
305 715 538 770 Θηραίοισι
585 713 697 756 κατὰ
741 713 880 757 ταύτὰ
919 713 1111 769 λέγουσι·

1170 713 1219 758 τὸ
1261 716 1306 759 δὲ
1347 713 1433 759 ἀπό

130 785 322 829 Ξτούτου
353 790 511 839 μοῦνοι
536 789 723 841 Θηραῖοι
750 779 835 828 οἶδε
864 784 1068 841 γενέσθαι
1096 785 1286 841 λέγουσι.
1327 790 1434 842 Γρῖ-

163 874 240 908 νος
272 854 295 900 ὁ
331 858 571 910 Αἰσανίου,
611 854 696 900 ἐών
732 855 856 912 Θήρα
885 855 1048 901 τούτου
1078 853 1322 913 ἀπόγονος,
1360 858 1434 901 καὶ
1494 853 1616 917 ιῖἑῆἷῖιῖζ
1638 857 1740 909 3‘23'31

106 1053 237 1090 Laium
272 1066 422 1102 quoque
457 1052 557 1090 dirae
591 1052 770 1090 dederant

105 1110 352 1160 praecipitem,
379 1110 508 1159 quibus
524 1109 620 1146 illum
635 1108 769 1158 Pelops

106 1168 306 1204 devoverat
338 1167 385 1203 ob
419 1173 562 1216 raptum
592 1166 770 1215 Chrysip-

105 1237 205 1274 pum.
235 1218 421 1272 Ἐριννῦν
439 1223 574 1272 Oedipi
592 1223 691 1258 diras
707 1235 770 1258 vo-

106 1284 191 1316 cant
202 1279 366 1329 Tragici,
386 1279 515 1318 Aesch.
540 1280 579 1314 S.
597 1293 626 1316 c.
648 1278 768 1316 Theb.

106 1339 172 1376 70.
202 1335 372 1386 Sophocl.
395 1336 491 1373 Oed.
511 1336 547 1371 in
560 1336 640 1372 Col.
660 1333 768 1375 1294

105 1391 246 1442 (1434
266 1392 366 1440 Br.).
421 1388 547 1442 Eurip.
577 1391 766 1428 Phoeniss.

105 1450 229 1490 627.“
282 1449 341 1485 Ad
362 1449 515 1485 formam
540 1442 767 1486 Οἰδιπόδεω

103 1506 199 1544 conf.
222 1505 358 1542 Matth.
383 1506 449 1541 Gr.
470 1506 535 1541 Gr.
563 1518 650 1555 pag.
674 1506 766 1544 196.

102 1557 297 1614 Ἐρινύων
318 1575 361 1599 ex
383 1575 455 1598 uno
467 1562 681 1599 Florentino
700 1562 767 1597 de-

104 1620 142 1656 di
171 1633 252 1656 cum
275 1618 393 1656 Gaisf.
428 1631 498 1667 pro
522 1617 619 1667 vulg.
643 1613 767 1668 Ἐριν-

106 1671 228 1714 νύων.
259 1673 587 1713 Conf.Blomfield.
608 1675 643 1711 in
656 1674 767 1711 Glos-

102 1745 175 1770 sar.
219 1733 266 1770 ad
291 1730 460 1780 Aeschyl.
492 1731 678 1768 Prometh.
712 1732 764 1770 53

102 1803 138 1839 p.
159 1790 212 1830 83
232 1788 333 1839 LipS.
394 1787 506 1838 Apud
534 1787 764 1838 Apollonium

102 1846 286 1882 Rhodium
317 1849 500 1894 quotquot
518 1845 606 1882 locis
629 1844 765 1894 reperi-

103 1908 161 1938 tur
184 1902 311 1939 vocula
336 1902 451 1950 (conf.
474 1914 558 1951 pag.
581 1900 663 1942 234
684 1900 762 1938 lnd.

107 1958 341 2006 Wellauer.),
375 1959 411 1995 in
439 1959 480 1994 iis
506 1964 664 2008 quatuor
685 1957 764 2008 ple-

104 2028 257 2065 rumque
289 2021 351 2053 aut
382 2016 545 2064 quinque
574 2015 654 2051 libri
682 2027 763 2052 eam

102 2099 168 2137 per
199 2099 307 2124 unam
339 2086 480 2123 literam
510 2101 531 2123 v
552 2086 723 2123 afferunt.

159 2142 227 2181 καὶ
269 2139 365 2193 μετα
408 2144 527 2180 τοῦτο
574 2140 764 2192 ύπέμεινε

103 2194 229 2238 τώυτὸ
256 2201 375 2237 τοῦτο
407 2197 474 2236 καὶ
505 2198 546 2237 ἐν
579 2194 693 2251 Θήρῃ
729 2214 762 2237 κ.

103 2271 135 2295 τ.
157 2254 204 2306 λ.]
244 2257 398 2294 Comma
423 2260 507 2305 post
533 2256 644 2292 verba
668 2253 763 2306 μετοὲ

103 2315 218 2352 τοῦτο
240 2313 346 2362 vulgo
376 2312 533 2363 positum
557 2312 762 2361 Schweigh.

104 2370 258 2417 delevit,
298 2370 471 2407 maiorem
501 2368 682 2406 collocans
707 2369 764 2405 di-

103 2426 336 2464 stinctionem
380 2430 466 2476 post
498 2423 686 2475 ύπέμεινε
726 2429 764 2463 et

103 2487 187 2533 post
210 2479 334 2522 τώυτὸ
360 2484 476 2521 τοῦτο
507 2483 670 2520 inserens
694 2494 761 2521 συ-

105 2538 201 2589 νέβη
249 2540 390 2577 Reiskii
439 2552 484 2576 ex
534 2540 762 2584 coniectura3

105 2608 214 2644 quam
250 2609 374 2633 vocem
411 2596 531 2632 denuo
577 2597 763 2633 eiecerunt

106 2653 221 2688 Gaisf.
239 2656 275 2690 et
295 2651 429 2689 Matth.
458 2652 642 2702 Equidem
665 2653 764 2690 omni

105 2710 181 2746 fere
208 2709 244 2746 in
272 2708 326 2744 his
355 2708 474 2745 verbis
503 2722 598 2758 quae
615 2710 765 2759 ponitur

105 2766 338 2802 distinctione
356 2764 519 2811 sublata,
559 2768 611 2802 sie
630 2768 707 2804 fere
727 2766 762 2802 h.

106 2823 127 2859 l.
151 2821 334 2870 intelligo:
386 2820 438 2856 Ac
455 2825 576 2870 postea
594 2823 657 2860 Ιιοι·
673 2823 765 2859 idem

108 2880 274 2916 remansit
291 2876 413 2927 (quod
431 2877 503 2914 scil.
523 2879 680 2928 Spartae
701 2893 763 2917 re-

828 1056 1031 1097 manserat,
1073 1054 1113 1088 ut
1145 1049 1248 1089 liberi
1277 1053 1490 1102 superstites

827 1113 1019 1147 manerent
1046 1109 1260 1158 parentibus
1287 1122 1354 1146 nec
1374 1114 1490 1147 morte

827 1165 1146 1212 consumerentur)
1173 1166 1280 1201 etiam
1300 1179 1414 1202 eorum
1426 1180 1490 1216 po-

828 1225 930 1259 steris
943 1252 954 1270 ‚
984 1224 1022 1258 in
1038 1219 1153 1258 Thera
1174 1223 1237 1271 qui
1252 1223 1488 1260 consederant.

1047 1293 1157 1343 Cap.
1189 1292 1268 1331 CL.

886 1351 1030 1399 Γρῖνος
1057 1347 1077 1388 ὁ
1107 1349 1319 1396 Αἰσανίου,
1344 1347 1422 1388 ἔων
1454 1365 1488 1387 κ.

825 1419 856 1443 τ.
880 1403 928 1455 λ.]
962 1405 1004 1441 C.
1028 1406 1076 1442 O.
1098 1405 1243 1443 Miiller.
1268 1406 1488 1444 Orchomen.

825 1476 860 1512 p.
882 1461 962 1503 341
983 1462 1030 1499 de
1050 1462 1117 1499 hac
1136 1476 1176 1500 re
1198 1463 1390 1513 disputans
1410 1476 1487 1499 cum

824 1519 1051 1556 Herodoteis
1089 1520 1245 1557 conferri
1273 1519 1351 1556 vult
1379 1519 1487 1556 Pind.

824 1575 929 1624 Pyth‚
952 1575 1014 1621 1V,
1036 1573 1131 1616 462.
1171 1576 1292 1613 Schol.
1314 1576 1419 1613 Pind.
1438 1577 1485 1613 ad

823 1631 933 1682 Pyth.
964 1632 1034 1679 lV,
1080 1634 1144 1672 10.
1199 1632 1397 1682 Spanhem.
1437 1633 1485 1669 ad

825 1688 1036 1726 Callimach.
1064 1689 1101 1724 in
1131 1686 1291 1738 Apollin.
1324 1688 1390 1729 65.
1420 1688 1488 1734 74,

824 1746 1005 1795 additque
1066 1745 1291 1794 Polymnesti
1353 1757 1489 1782 nomen

823 1807 1000 1851 tanquam
1020 1802 1168 1838 victoris
1189 1803 1340 1852 reperiri
1358 1802 1395 1838 in
1408 1802 1486 1851 Cy-

822 1872 910 1896 rene
931 1858 989 1895 Ol.
1009 1858 1180 1896 LXXXI.
1209 1879 1266 1886 —-
1304 1858 1377 1902 Qui
1400 1858 1487 1895 Gri-

821 1929 890 1952 nus
930 1915 1032 1964 quod
1080 1910 1304 1965 βασιλεύων
1349 1911 1486 1965 Θήρης

825 1974 894 2022 τῆς
915 1968 1044 2022 νήσου
1063 1985 1145 2009 mox
1164 1972 1315 2018 dicitur,
1352 1972 1486 2008 indicio

821 2034 898 2075 est,
929 2029 1078 2066 Therae
1096 2028 1210 2074 illius,
1241 2029 1303 2078 qui
1322 2028 1485 2066 coloniae

821 2086 940 2123 suerat
987 2086 1084 2133 dux,
1137 2089 1308 2135 posteros
1344 2086 1484 2134 regiam

821 2143 891 2179 sibi
912 2143 1105 2180 retinuisse
1124 2142 1339 2191 dignitatem
1353 2171 1363 2188 ,
1394 2154 1484 2191 qua-

821 2199 890 2237 lem
922 2199 995 2236 scil.
1031 2200 1066 2235 in
1099 2198 1240 2236 Dorum
1277 2199 1484 2235 civitatibus

822 2256 1024 2293 obtinuisse
1059 2256 1235 2292 novimus.
1303 2254 1364 2292 Tu
1386 2256 1484 2292 conf.

822 2312 963 2350 Miiller.
994 2312 1017 2348 l.
1044 2311 1065 2348 l.
1096 2324 1181 2362 pag.
1215 2313 1312 2352 337.
1374 2311 1485 2349 Unde

823 2371 932 2406 etiam
951 2369 1032 2415 hoc,
1060 2369 1204 2419 opinor,
1228 2369 1485 2418 repetendum,

821 2427 920 2475 quod
934 2425 1098 2476 Delphos
1124 2425 1366 2463 hecatomben
1387 2425 1486 2462 ducit

820 2496 882 2520 rex
900 2482 1047 2532 publice
1067 2482 1197 2519 missus
1215 2495 1236 2519 e
1258 2480 1401 2519 civitate
1419 2493 1485 2518 sua

820 2540 870 2577 ad
900 2538 1106 2590 Apollinem
1141 2538 1283 2576 Dorum
1326 2539 1484 2589 patrium

820 2597 928 2634 deum
955 2609 998 2633 ac
1025 2595 1238 2641 tutelarem,
1289 2595 1388 2632 cuius
1425 2599 1484 2630 ut-

820 2658 909 2704 pote
939 2649 1171 2705 Ἀρχηγέτου
1212 2665 1315 2689 sacra
1360 2649 1484 2700 procul

821 2711 935 2747 dubio
964 2711 1075 2747 etiam
1103 2710 1140 2746 in
1171 2708 1334 2746 Theram
1366 2720 1386 2743 e
1406 2706 1482 2743 La-

822 2768 1047 2804 cedaemone
1083 2765 1201 2802 coloni
1241 2764 1481 2800 adduxerant.

821 2823 880 2861 De
891 2823 1068 2873 Apollinis
1087 2821 1196 2858 sacris
1208 2820 1328 2856 Thera
1339 2819 1375 2855 in
1384 2819 1480 2855 insu—

822 2879 856 2916 la
874 2880 919 2918 cf.
931 2879 1028 2916 idem
1040 2876 1181 2915 Milller.
1192 2875 1213 2913 l.
1227 2874 1249 2913 l.
1260 2889 1297 2926 p.
1310 2877 1391 2918 328
1403 2887 1479 2925 seq.

1497 646 1707 675 'Pheraeorum
1736 650 1772 676 de

1497 679 1585 719 Batto
1621 690 1654 706 nn
1661 684 1771 715 rtatim

1507 713 1619 740 Grinus
1633 714 1756 742 'l'lwrae

1492 746 1608 773 insulae
1619 756 1686 774 rm:
1703 750 1757 775 nat

1492 784 1558 813 tun,
1578 789 1611 807 ex
1627 781 1757 815 Huphem

1491 816 1686 848 Argonautae
1721 824 1756 849 po

1734 850 1753 876 li

1742 891 1770 910 10
