1863 3256
392 163 478 203 380

782 165 1255 204 HERODOTI

393 270 536 327 βύζων
574 271 767 328 ῥέοντες,
803 274 993 329 Ἄθρυς,
1037 275 1111 318 καὶ
1143 273 1289 330 Νόης,
1329 275 1402 318 καὶ
1439 273 1657 334 Ἀρτάνης,

393 341 617 387 ἐκδιδοῦσι
642 344 685 395 ἐς
713 344 793 388 τόν
810 344 1007 399 Ἴστρον·
1041 346 1086 389 ἐκ
1118 346 1163 389 δὲ
1185 343 1392 388 Παιόνων
1411 347 1482 389 καὶ
1504 346 1659 400 οὔρεος
1671 355 1715 388 20

387 410 617 469 Ῥοδόπης,
652 417 787 466 Σκίος
815 415 1031 471 ποταμὸς,
1061 416 1195 472 μέσον
1226 418 1378 472 σχίζων
1402 416 1480 460 τὸν
1502 415 1658 474 Αἷμον,

334 550 515 598 cognitos.
556 549 639 585 vid.
669 548 852 586 Gatterer.
874 549 910 586 Τ
914 549 996 586 hra-

333 606 425 643 cien.
451 610 519 642 etc.
538 617 624 654 pag.
644 605 696 645 35
719 617 797 654 seq.

380 658 560 710 '‘AQvg]
594 661 646 696 lta
674 660 900 698 librariorum
935 675 995 699 so-

333 717 457 754 cordia
484 716 657 766 scriptum
686 730 768 755 esse
797 717 873 755 vult
898 719 993 756 Gat-

333 778 442 810 terer.
461 772 483 809 Ι.
503 772 526 808 l.
545 772 600 822 (p.
616 775 691 813 101
704 773 836 811 Thrac.
858 787 895 824 p.
909 777 994 821 30),

331 842 398 880 pro
435 825 627 880 ’Ἰαθρυςτ
686 830 994 878 quemadmodum

332 885 430 935 apud
456 884 621 922 lornand.
643 885 748 922 Rerr.
780 886 881 923 Gett.
911 899 992 937 cap.

334 944 385 982 18
409 939 554 978 Iatrus:
586 942 647 990 qui
664 942 761 979 idem
781 943 880 992 apud
900 942 994 980 Plin.

330 997 409 1043 Ill,
438 1000 492 1038 26
514 997 649 1035 Ieterus
674 1005 712 1036 et
736 1012 831 1036 nunc
851 999 993 1036 Ianira.

330 1053 589 1092 Assentiuntur
611 1054 792 1094 Mannert.
813 1055 881 1092 Vll
899 1070 935 1106 p.
955 1060 993 1097 9.

330 1109 506 1148 Larcher.
528 1111 575 1149 T.
598 1110 682 1148 Vlll
700 1126 737 1163 p.
753 1113 834 1154 567
852 1116 889 1150 et
905 1113 995 1150 Rei-

330 1167 453 1204 chard.
473 1181 558 1218 pag.
581 1171 647 1209 42.

390 1219 528 1274 Νόης]
561 1224 643 1262 Duo
664 1224 746 1262 libri
773 1224 908 1271 Νοίας,
933 1238 992 1262 ac-

329 1281 486 1319 cedente
515 1281 638 1327 Valla,
669 1295 736 1319 nec
764 1282 993 1331 improbante

331 1337 531 1386 Gatterer.,
549 1339 610 1387 qui
624 1336 732 1375 Noies
743 1339 875 1376 rectius
885 1339 993 1375 scribi

329 1395 544 1444 pronuntiat
561 1394 584 1431 l.
606 1394 626 1431 l.
649 1408 684 1444 p.
707 1397 761 1435 29
781 1408 857 1444 seq.
883 1392 990 1445 (sive,

332 1445 499 1500 Νούης,
529 1455 569 1487 ut
601 1451 674 1488 vult
706 1463 790 1501 pag.
824 1450 895 1502 32)
929 1464 990 1489 eo-

330 1519 403 1555 que
424 1520 466 1544 ex
490 1508 599 1543 fluvio
618 1509 813 1558 repetitum
834 1508 908 1544 vult
930 1521 991 1544 ur-

328 1563 408 1608 bis,
447 1576 542 1612 quae
568 1564 626 1600 Ad
666 1562 792 1601 Novas
828 1564 990 1614 appella-

321 1623 388 1663 ,tur
405 1623 442 1656 et
462 1621 499 1656 in
510 1620 719 1658 Ptolemaeo
732 1621 796 1667 ΙΙΙ,
820 1624 869 1661 10
882 1622 989 1658 item-

329 1687 402 1724 que
423 1675 596 1713 inTabul.
628 1677 829 1726 Peutinger
864 1690 989 1714 occur-

327 1732 397 1778 rit,
433 1745 587 1770 nomen:
637 1735 775 1784 quippe
810 1747 905 1784 quae
944 1748 989 1772 eo

327 1788 408 1825 loco
428 1789 665 1839 probabiliter
688 1790 759 1828 sita
780 1791 899 1837 suerit,
930 1791 990 1827 ubi

327 1845 456 1882 fluvius
469 1845 561 1882 lstro
581 1859 620 1884 se
642 1847 850 1885 immisceat.
881 1847 991 1884 Man-

327 1906 431 1939 nerto
457 1902 525 1939 Vll
553 1916 638 1953 pag.
664 1904 688 1943 9
729 1905 872 1942 videtur
907 1917 990 1942 esse

327 1959 457 1996 fluvius
492 1957 599 1996 Iscka
635 1972 663 1996 s.
693 1960 829 2004 Ostra,
871 1974 989 2011 prope

327 2014 524 2065 Nicopolin
566 2017 603 2054 in
640 2017 773 2054 Istrum
808 2018 988 2063 influens3

326 2072 534 2109 Reichardo
575 2073 632 2123 (p.
664 2076 736 2122 42)
776 2075 827 2120 is,
868 2075 930 2123 qui
966 2088 988 2111 a

326 2128 445 2165 Plinio
481 2134 630 2166 vocatur
659 2130 836 2168 Escamus
874 2136 912 2169 et
951 2131 988 2167 in

327 2184 474 2222 Tabula
523 2185 731 2236 Peutinger.
774 2189 985 2234 Anasamus,

326 2253 422 2278 nunc
442 2242 555 2279 Osme.
614 2243 691 2280 Viri
719 2244 816 2282 docti
843 2245 987 2295 opinio-

326 2309 423 2343 nem,
442 2299 515 2346 qua
528 2298 624 2337 Noes
639 2302 826 2351 proprium
845 2302 890 2338 sit
908 2301 988 2337 Da-

325 2354 428 2390 nubii
463 2368 616 2403 nomen,
654 2358 815 2406 praefixa
849 2356 987 2407 syllaba

328 2409 408 2455 Da,
459 2411 580 2448 retulit
626 2412 855 2460 Larcherus‚
908 2414 986 2463 ipse

328 2466 512 2504 Gattereri
543 2468 730 2518 amplexus
757 2470 987 2507 sententiam.

327 2522 433 2567 Quae
464 2523 549 2560 mihi
579 2537 729 2574 quoque
763 2525 986 2575 probabilior

328 2591 408 2616 esse
432 2580 584 2618 videtur.
627 2581 723 2618 lnter
741 2586 880 2619 veteres
899 2582 985 2618 scri-

326 2639 451 2686 ptores
501 2650 594 2674 unus
632 2636 795 2674 Valerius
834 2636 984 2674 Flaccus

326 2693 463 2742 Argon.
502 2692 569 2741 vl,
614 2696 692 2735 100
730 2694 828 2731 fluvii
865 2694 984 2741 huius,

326 2749 376 2786 ad
417 2761 526 2799 quem
571 2747 751 2789 Alazones
797 2756 986 2800 memorat,

327 2805 409 2844 fecit
432 2806 665 2845 mentionem.

1106 544 1327 601 Ἀρτάνης]
1361 551 1400 588 ln
1430 551 1624 590 itinerariis
1649 566 1713 590 vo-

1052 610 1153 643 catur
1189 606 1301 654 Utus,
1341 621 1362 644 a
1400 614 1547 646 nostrae
1580 612 1712 647 aetatis

1051 662 1257 700 hominibus
1295 664 1373 700 Vid.
1413 665 1547 702 Docuit
1579 666 1713 704 Gatte-

1051 732 1121 756 rer.
1143 718 1164 755 l.
1189 719 1209 756 l.
1232 734 1267 770 p.
1287 723 1356 767 29,
1382 733 1489 770 quem
1511 727 1713 771 sequuntur

1051 774 1235 813 Mannert.
1257 776 1278 812 l.
1296 776 1316 813 l.
1346 782 1383 814 et
1400 778 1595 815 Reichard.
1622 792 1712 829 pag.

1051 831 1118 871 43.
1149 831 1178 867 Ε
1196 833 1379 869 veteribus
1399 846 1490 869 unus
1510 847 1590 871 eum
1612 849 1712 872 com-

1051 892 1232 924 memorat
1254 887 1391 926 Plinius
1410 889 1432 926 l.
1455 890 1478 926 l.
1498 890 1567 938 lll,
1596 893 1663 931 26.

1109 998 1151 1039 ἐκ
1184 997 1226 1039 δὲ
1249 996 1440 1039 Παιόνων
1474 999 1542 1039 καὶ
1571 998 1712 1052 οὔρεος

1046 1052 1260 1108 Ῥοδόπης]
1298 1056 1356 1094 De
1382 1056 1582 1094 Paeonibus
1615 1060 1710 1097 conf.

1051 1113 1102 1160 V,
1136 1115 1187 1154 13
1212 1126 1318 1163 seqq.
1357 1113 1527 1164 Rhodope
1554 1127 1711 1154 monsa

1050 1170 1198 1207 Scomio
1230 1172 1408 1207 orientem
1438 1184 1562 1208 versus
1593 1173 1711 1221 porri-

1050 1228 1146 1275 gitur
1176 1240 1243 1277 per
1272 1227 1487 1272 Thraciam3
1538 1241 1634 1265 nunc
1661 1228 1710 1266 illi

1049 1296 1183 1320 nomen
1210 1283 1361 1333 Despoto
1390 1297 1418 1321 s.
1443 1283 1592 1334 Despotz'
1611 1284 1708 1334 Dag.

1050 1339 1158 1377 Plura
1187 1339 1371 1377 Mannert.
1399 1339 1465 1376 V11
1499 1354 1583 1390 pag.
1616 1343 1652 1380 6.
1682 1343 1708 1381 7

1048 1409 1090 1433 ac
1105 1397 1152 1434 de
1165 1397 1270 1433 variis
1286 1396 1390 1433 huius
1403 1398 1534 1433 montis
1546 1397 1710 1447 appella-

1048 1453 1210 1489 tionibus
1226 1453 1325 1502 apud
1339 1458 1480 1490 veteres
1492 1453 1709 1492 Tzschucke

1047 1509 1096 1546 ad
1117 1509 1295 1559 Pompon.
1315 1508 1401 1546 Mel.
1422 1509 1476 1555 ll,
1501 1513 1527 1550 2
1548 1522 1634 1559 pag.
1654 1513 1709 1552 72

1047 1570 1141 1603 nott.
1162 1569 1319 1615 exegett.
1338 1564 1418 1602 Vol.
1437 1566 1487 1602 [11
1506 1565 1546 1602 Ρ.
1560 1565 1602 1603 lI.

1104 1676 1252 1728 Σκίος]
1288 1677 1345 1715 Ita
1370 1682 1521 1715 recentt.
1543 1678 1627 1716 edd.
1650 1692 1708 1717 se-

1047 1739 1151 1772 cutus
1172 1735 1320 1784 scripsi3
1350 1747 1428 1771 cum
1451 1735 1485 1771 iu
1513 1734 1706 1773 Wesseliu-

1047 1792 1158 1841 giana
1206 1792 1370 1828 editione
1418 1790 1571 1840 aliisque
1611 1797 1708 1829 esset

1049 1850 1171 1894 Κῐος,
1213 1848 1312 1884 cuius
1352 1847 1431 1884 loco
1471 1847 1707 1885 Florentinus

1045 1904 1136 1941 liber
1154 1904 1261 1942 offert
1273 1900 1380 1949 Κιός.
1412 1903 1521 1954 Apud
1532 1904 1706 1942 Strabon.

1045 1961 1131 1998 Xlll
1151 1974 1187 2010 p.
1205 1961 1286 2001 590
1305 1973 1332 1996 s,
1351 1961 1431 2001 883
1453 1961 1495 2000 C.
1528 1960 1708 1999 Thraciae

1045 2018 1176 2054 fluvius
1208 2012 1358 2062 Σκαιός
1390 2022 1708 2064 commemoratur,

1045 2075 1106 2123 qui
1128 2074 1225 2112 idem
1248 2073 1457 2122 Thucydidi
1485 2073 1541 2120 11,
1572 2075 1625 2114 96
1652 2078 1708 2111 est

1033 2127 1199 2176 ’Όσκιος
1233 2143 1276 2167 ac
1318 2129 1435 2167 Plinio
1472 2130 1522 2167 H.
1561 2129 1610 2169 N.
1643 2130 1707 2179 ΙΙΙ,

1046 2185 1137 2238 (26)
1167 2189 1221 2228 29
1254 2186 1395 2223 Oescus.
1437 2186 1548 2223 Unde
1572 2186 1707 2225 Gatte-

1044 2256 1113 2280 rer.
1155 2244 1356 2292 (Thracien
1390 2242 1482 2279 nach
1502 2242 1642 2281 Herod.
1669 2256 1704 2280 u.

1045 2299 1254 2349 Thucydid.
1275 2312 1361 2350 pag.
1383 2300 1448 2340 28.
1476 2300 1549 2346 29)
1579 2311 1703 2336 verum

1044 2357 1142 2393 fluvii
1198 2368 1332 2393 nomen
1390 2355 1502 2391 fuisse
1558 2355 1705 2392 coniicit

1031 2409 1198 2458 ’Ήσκιος
1221 2425 1250 2449 s·
1263 2409 1436 2458 ’'Eoumg,
1466 2412 1568 2459 quod
1585 2412 1705 2462 ipsum

1044 2469 1081 2505 in
1120 2468 1311 2505 recentiori
1346 2467 1503 2504 fluminis
1538 2467 1706 2518 appella-

1043 2526 1141 2561 tione
1162 2522 1289 2570 Isclna,
1316 2522 1462 2570 kehar,
1488 2522 1589 2561 Isker
1606 2537 1706 2561 com·

1042 2585 1181 2631 pareat.
1237 2580 1490 2630 Adstipulatur
1520 2580 1704 2619 Mannert.

1044 2638 1107 2674 VII
1129 2650 1164 2686 p.
1191 2639 1241 2678 10
1267 2637 1345 2674 coll.
1364 2637 1559 2674 Reichard.
1578 2650 1614 2688 p.
1635 2636 1702 2678 42.

1044 2715 1095 2721 —
1127 2693 1215 2730 Mox
1245 2692 1366 2743 μέσον
1397 2694 1549 2741 retinui,
1579 2693 1626 2731 ob
1656 2693 1704 2740 11,

1046 2753 1109 2818 η.
1133 2752 1185 2790 33
1209 2750 1286 2788 0011.
1320 2751 1394 2798 lv,
1425 2749 1490 2792 55.
1531 2749 1600 2788 Alii
1624 2749 1702 2787 iibri

1043 2819 1172 2858 μεσος.
