1863 3256
429 144 515 184 346
834 146 1313 185 HERODOTI

93 261 140 290 hia
169 262 219 296 qni
246 262 374 289 honores

94 295 280 323 habeantur:
295 297 370 322 (nen

95 329 224 366 Lycius,
250 331 371 364 hymno-

93 372 196 398 POL'UY‘.

433 249 744 308 ἀποφερούσας
770 253 866 298 ἀντὶ
891 259 973 298 τοῦ
1007 254 1235 298 ωκυτόκου
1270 254 1349 298 τόν
1386 244 1589 308 ἐτάξαντο
1620 258 1697 313 φό-

432 340 515 378 ρον
551 323 806 370 ἀπικέσθαι·
852 343 934 382 την
981 326 1027 368 δὲ
1058 325 1225 382 ’Ἄργην
1264 342 1308 370 τε
1345 328 1417 370 καὶ
1456 327 1535 382 τὴν
1568 329 1699 371 Ὠπιν

429 395 520 451 ἅμα
559 395 732 442 αὐτοῖσι
771 403 883 441 τοῖσι
921 401 1065 438 θεοῖσι
1104 394 1337 441 ἀπικέσθαι
1377 399 1576 453 λέγουσι,
1627 402 1701 443 καί

429 479 511 523 σφι
552 469 678 524 τιμάς
715 468 846 518 ἄλλοις
885 465 1094 510 δεδόσθαι
1133 467 1244 522 πρὸς
1283 467 1451 524 σφέων·
1502 471 1576 512 καὶ
1612 471 1697 526 γοὶρ

429 537 619 594 ἀγείρειν
641 553 718 595 σφι
749 537 826 588 τοὶς
853 542 1088 593 γυναῖκας,
1119 538 1474 595 ἐπονομαζούσας
1494 541 1546 584 τὰ
1571 541 1698 584 ου’νό-

427 625 543 664 ματα
580 611 627 653 ἐν
665 613 726 664 τῷ
765 608 914 666 ὕμνῳ,
969 608 1048 652 τόν
1087 623 1166 665 σφι
1201 609 1337 668 Ὠλήν
1381 609 1492 668 ἀνὴρ
1534 611 1699 664 Λύκιος

373 752 446 789 τοῦ
466 744 674 788 ω’κυτόκου
701 749 723 786 i.
747 761 779 786 e.
809 761 873 798 pro
900 753 1032 799 partus

370 806 571 852 celeritate,
614 808 688 843 sive
705 808 817 855 partu
837 810 1031 852 maturato,

368 863 417 899 ad
463 863 758 911 cosmogonicam
812 863 1028 909 doctrinam,

368 919 470 955 cuius
490 918 706 956 incunabula
727 919 765 955 in
784 919 850 956 hac
869 919 949 969 ipsa
970 919 1029 955 Ili-

369 974 491 1024 thyiae
515 976 635 1013 sabula
663 976 822 1022 lateant,
870 977 1031 1013 referen-

365 1031 426 1068 da.
480 1031 540 1069 Tu
563 1034 659 1069 conf.
686 1033 734 1069 de
753 1032 896 1081 ilithyia
913 1033 1031 1069 Creu-

365 1101 438 1125 zer.
469 1089 632 1137 Symbol.
668 1089 698 1125 ll
732 1101 808 1138 pag
842 1090 921 1130 118
951 1102 1028 1138 seq.

367 1146 447 1186 123
483 1158 587 1195 seqq.
644 1146 774 1195 Itaque
806 1158 935 1195 parum
969 1158 1030 1182 ae-

366 1207 489 1239 cnrate
516 1202 610 1240 hunc
640 1202 756 1239 locum
798 1215 820 1238 a
845 1201 1028 1239 Larchero

367 1270 578 1308 expressum
619 1272 699 1297 esse
732 1262 836 1308 patet
867 1258 962 1295 hunc
992 1259 1029 1294 in

368 1316 540 1353 modum:
597 1315 687 1362 „Le
729 1316 841 1352 tribnt
880 1314 1030 1364 qn'elles

368 1371 508 1409 etoient
530 1372 706 1421 chargees
728 1371 867 1408 d'offrir
887 1385 980 1422 pour
996 1371 1030 1408 le

368 1433 517 1479 prompt
561 1434 598 1465 et
635 1430 795 1467 heureux
833 1428 1030 1466 aecouche-

368 1492 470 1522 ment
488 1486 552 1522 des
570 1486 719 1523 femmes
736 1485 783 1522 de
801 1484 878 1522 leur
896 1487 1030 1535 pays.“

367 1561 425 1568 —
446 1541 688 1579 Locutionem
723 1536 857 1590 φόρον
891 1537 1027 1580 τάσσε-

368 1601 467 1636 σθαι
489 1598 676 1647 attigimus
698 1598 746 1636 ad
769 1597 834 1644 ΙΙΙ,
858 1599 924 1638 97.

340 1661 343 1665 “
426 1650 509 1703 ἅμα
539 1650 694 1693 αὐτοῖσι
728 1657 832 1692 τοῖσι
867 1650 1028 1704 θεοῖσι]

366 1710 580 1761 Apollinem
606 1716 644 1749 et
680 1711 838 1749 Dianam
877 1710 1031 1760 intelligi

366 1768 546 1806 existimat
566 1768 758 1805 Schubart.
778 1766 799 1804 l.
820 1767 844 1804 l.
863 1780 949 1818 pag.
963 1769 1030 1807 48.

364 1824 424 1863 De
452 1824 593 1861 Lucina
631 1825 845 1873 deabusque
884 1824 1032 1874 parien-

364 1882 454 1919 tium
474 1882 704 1931 praesidibus
727 1881 817 1918 alius
835 1882 916 1931 quis
929 1881 1031 1930 cogi-

364 1942 522 1976 taverat.

425 1990 610 2046 ἐγείρειν]
660 1994 723 2031 Sic
759 1993 871 2061 paulo
920 1998 1027 2044 post:

365 2046 630 2102 ὀνομάζοντες
667 2048 734 2089 καὶ
779 2045 1028 2101 ἐγείρον-

363 2122 471 2155 τες,
517 2109 616 2146 cuius
655 2107 734 2144 loco
774 2106 848 2144 Th.
886 2107 1024 2145 Galeus

364 2166 570 2202 coniecerat
633 2163 860 2216 ἐγείροντες.
948 2164 1026 2201 Sed

368 2217 541 2272 ἀγείρειν
559 2234 685 2259 eorum
707 2225 784 2267 est,
814 2220 876 2270 qui
895 2221 1026 2271 stipem

368 2278 575 2326 efflagitant
610 2278 648 2314 in
681 2278 842 2327 speeiem
877 2278 1027 2326 quidem

369 2334 439 2370 diis
478 2346 676 2383 eorumque
709 2334 813 2382 quasi
848 2335 884 2370 in
910 2333 1027 2371 hono-

368 2402 468 2436 re1n3
493 2391 593 2438 qnod
612 2403 694 2426 mox
713 2391 749 2427 in
766 2390 928 2427 deterius
945 2403 1027 2428 ver-

370 2459 450 2483 sum
469 2447 515 2482 ab
532 2447 575 2482 iis
597 2446 828 2493 sacrificulis,
851 2446 932 2495 qni,
953 2459 1026 2495 qno

367 2502 580 2553 plebeculae
609 2502 763 2539 stolidae
786 2502 958 2552 pecunias
978 2503 1026 2538 ad

369 2571 410 2597 se
428 2560 654 2605 derivarent,
700 2559 760 2595 dei
793 2559 934 2596 deaeve
960 2558 1027 2594 ali-

368 2616 468 2653 cuius
492 2615 616 2664 effigie
643 2615 825 2662 assumta,
867 2627 933 2665 per
956 2627 1026 2665 op-

368 2672 455 2722 pida
482 2673 656 2721 vicosque
678 2671 913 2721 vagabundi,
942 2684 1026 2721 spe-

367 2729 422 2766 cie
461 2729 609 2778 quidem
642 2741 685 2766 ac
714 2728 827 2766 verbo
860 2727 907 2764 illi
941 2728 1024 2775 deo,

368 2785 466 2823 cuius
504 2797 594 2837 prae
632 2797 671 2823 se
699 2785 867 2823 ferebant
894 2785 1024 2834 imagi-

1089 763 1194 797 nem,
1237 763 1365 788 revera
1392 756 1511 789 antem
1531 752 1598 788 sibi
1621 752 1752 802 stipem

1089 807 1328 855 quaerebant.
1387 807 1534 844 Monuit
1554 807 1752 846 Ruhnken.

1089 863 1138 899 ad
1167 862 1263 899 Tim.
1288 862 1378 900 Lex.
1404 863 1547 900 Pluton.
1576 876 1660 914 pag.
1684 867 1748 905 10.

1087 919 1171 955 Hoc
1209 922 1332 956 antem
1373 918 1452 956 loco
1488 932 1562 956 non
1590 920 1638 957 de
1664 933 1753 957 con-

1088 976 1288 1011 temnenda
1312 976 1381 1011 ista
1401 987 1443 1011 ac
1461 975 1670 1013 detestabili
1693 988 1752 1013 sa·

1087 1031 1324 1068 crificulorum
1382 1032 1532 1069 istorum
1591 1032 1750 1080 ratione,

1088 1088 1154 1125 sed
1184 1088 1231 1125 de
1252 1087 1461 1125 honestiore
1489 1089 1622 1138 stipem
1649 1088 1751 1126 colli-

1087 1145 1200 1193 gendi
1226 1157 1363 1193 genere
1386 1145 1646 1194 cogitandum,
1675 1158 1751 1183 non

1087 1201 1195 1238 aliter
1223 1205 1336 1250 atque
1358 1203 1456 1251 apud
1478 1202 1660 1239 Iamblich.
1690 1201 1750 1240 De

1089 1258 1150 1295 vit.
1184 1257 1291 1306 Pyth.
1325 1261 1375 1299 19
1412 1258 1525 1305 (91)
1557 1271 1642 1309 pag.
1678 1261 1748 1306 76,

1087 1315 1149 1351 ubi
1199 1314 1331 1351 Abaris
1387 1310 1560 1366 ἀγείρειν
1617 1316 1749 1352 dicitnr

1086 1370 1248 1420 Apollini
1269 1371 1601 1421 Hyperboreornm.
1621 1372 1748 1415 Quare

1086 1427 1197 1464 nolim
1227 1440 1307 1464 cum
1340 1427 1507 1465 Lobeck.
1546 1428 1746 1478 (Aglaoph.

1086 1497 1122 1533 p.
1143 1484 1245 1531 314)
1268 1483 1336 1520 hoc
1355 1485 1405 1520 ita
1424 1485 1680 1534 interpretari,
1708 1489 1748 1522 ut

1087 1539 1218 1577 Abaris
1236 1540 1313 1577 eius
1330 1542 1432 1588 artis,
1451 1553 1560 1590 quam
1580 1541 1619 1578 S.
1629 1541 1748 1578 Fran-

1086 1597 1202 1633 ciscus
1227 1596 1392 1634 alumnos
1420 1609 1507 1634 suos
1541 1598 1748 1648 perdocuit,

1086 1654 1273 1703 specimen
1303 1654 1483 1700 ediderit,
1538 1654 1645 1704 stipis
1686 1667 1746 1692 sa-

1087 1722 1171 1747 crae
1190 1709 1418 1758 colligendae
1433 1723 1541 1748 causa
1555 1718 1653 1748 terra
1669 1723 1746 1748 ma-

1087 1767 1190 1815 rique
1237 1767 1508 1804 circumvectus.
1565 1767 1625 1805 De
1667 1768 1747 1818 ipsa

1086 1836 1176 1861 voce
1192 1817 1365 1874 ἐγείρειν
1377 1836 1474 1861 nnnc
1492 1836 1641 1873 qnoque
1658 1837 1747 1861 con·

1085 1881 1225 1917 feratur
1256 1880 1306 1917 H.
1337 1880 1517 1931 Stephani
1548 1879 1660 1917 Thes.
1697 1879 1744 1917 L.

1087 1936 1153 1973 Gr.
1187 1936 1276 1983 (ed.
1305 1936 1419 1974 Hase.
1439 1937 1542 1974 Paris
1565 1934 1697 1988 1831)
1729 1936 1744 1974 Ι

1083 2005 1171 2043 pag.
1193 1994 1287 2034 261.
1329 1993 1396 2030 Cr.
1424 1993 1580 2030 conferri
1595 2005 1746 2042 quoque

1083 2049 1161 2086 vult
1180 2049 1336 2086 Porsoni
1357 2050 1528 2087 Adverss.
1551 2062 1639 2100 pag.
1663 2051 1744 2090 109

1080 2107 1139 2144 ed.
1159 2105 1261 2157 Lips.

1138 2157 1210 2201 τόν
1230 2175 1304 2212 σφι
1322 2157 1446 2212 Ὠλήν
1467 2157 1570 2213 οἷνήρ
1588 2157 1744 2208 Λύκιος

1082 2218 1260 2270 ἐποίησε]
1301 2218 1416 2256 Simili
1445 2219 1555 2256 modo
1584 2218 1744 2268 loquitur

1083 2276 1239 2313 Pausan.
1263 2276 1329 2322 IX,
1352 2277 1429 2321 27,
1452 2277 1502 2322 2,
1532 2275 1613 2312 loco
1632 2287 1744 2327 supra

1082 2333 1132 2370 ad
1160 2333 1203 2381 ll,
1224 2333 1276 2374 53
1299 2332 1380 2380 (ubi
1398 2331 1471 2368 vid
1493 2336 1634 2368 annott.
1654 2344 1742 2382 pag.

1084 2391 1195 2438 610)
1235 2388 1395 2426 laudato.
1449 2385 1547 2424 Add.
1584 2387 1741 2426 Pausan.

1083 2445 1173 2491 Vll,
1203 2447 1256 2486 23
1290 2443 1326 2496 ὃ.
1346 2447 1372 2484 2
1395 2445 1442 2481 de
1463 2444 1649 2494 Pampho,
1697 2440 1742 2491 ὃς

1081 2496 1207 2551 Ἀθηι
1211 2501 1313 2546 αίοις
1335 2515 1428 2546 τους
1459 2495 1743 2551 ἆρχαιοτᾶτους
1774 2523 1785 2529 ·

1083 2553 1225 2608 ν’μνων
1246 2556 1502 2607 ἐποίησεν.

1140 2614 1201 2650 Ad
1237 2619 1491 2663 argumentum
1532 2613 1601 2650 loci
1639 2613 1742 2663 qnod

1079 2671 1238 2717 attinet,
1281 2684 1362 2708 cum
1391 2670 1611 2708 Herodoteis
1643 2669 1740 2707 conf.

1082 2727 1291 2765 Callimach.
1329 2727 1365 2764 in
1394 2726 1476 2765 Del.
1506 2725 1590 2768 304
1625 2731 1739 2776 atque

1080 2784 1239 2822 Pausan.
1260 2783 1307 2831 X,
1333 2784 1358 2825 5
1381 2782 1418 2834 ἓ.
1445 2782 1482 2823 4.
1514 2783 1543 2830 l,
1568 2785 1618 2825 18
1639 2781 1677 2834 ἓ.
1698 2783 1737 2823 5·
