1863 3256
430 191 515 231 574

825 185 1292 227 HERODOTI

401 299 479 341 Ξαὶ
522 298 568 342 δὲ
611 302 814 353 γυναῖκες
862 295 1008 339 αὐτῶν
1052 295 1206 347 ψέλιον
1244 294 1341 349 περὶ
1379 293 1559 352 ἑκατέρῃ
1599 300 1717 339 τῶνὸ

430 368 629 424 κνημέων
674 367 889 422 φορέουσι
935 365 1135 420 χάλκεον·
1194 365 1269 415 τὰς
1306 364 1498 420 κεφαλάς
1538 366 1583 409 δὲ
1617 382 1689 409 κο-

431 442 599 494 μῶσαι,
645 438 749 487 τούς
798 441 986 491 φθεῖρας
1025 436 1151 480 ἐπεάν
1190 435 1355 491 λάβωσι
1390 435 1492 487 τούς
1530 437 1690 492 ἑωυτῆς

401 507 592 562 δέκάστη
618 505 882 558 ἀντιδάκνει,
917 508 990 551 καὶ
1020 507 1133 550 οὕτω
1165 507 1313 562 ῥίπτει.
1357 501 1479 550 οὗτοι
1509 507 1554 550 δὲ
1585 512 1691 562 μοῦ-

430 594 501 621 νοι
545 575 724 632 Λιβύων
771 582 903 622 τοῦτο
955 578 1229 634 ἐργάζονται·

1296 577 1369 621 καὶ
1415 581 1478 634 τῷ
1525 578 1694 634 βασιλέϊ

430 650 591 703 μοῦνοι
621 646 698 698 τας
726 649 978 702 παρθένους
1007 647 1244 703 μελλούσας
1274 650 1516 692 συνοικέειν
1539 650 1690 692 ἐπιδει-

427 715 634 761 κνύουσι·
685 717 714 774 ἢ
748 719 792 761 δὲ
823 719 877 761 ἄν
906 723 966 776 τῷ
995 719 1165 775 βασιλέϊ
1193 719 1349 776 ἅρεστή
1379 720 1569 776 γένηται,
1600 719 1688 763 ὑπό
1703 727 1746 760 10

398 786 591 830 4τούτου
638 788 1036 843 διαπαρθενεύεται.

1102 789 1349 844 παρήκουσι
1399 789 1444 833 δὲ
1485 786 1607 834 οὗτοι
1647 791 1690 834 οἱ

424 855 731 914 Ἀδυρμαχίδαι
772 857 849 901 ἀπ’
880 858 1108 914 Αἰγύπτου
1142 859 1264 915 μέχρι
1293 860 1485 916 λιμένος,
1524 865 1585 918 τῷ
1615 859 1689 903 οὔ-

433 1067 593 1119 ψέλιον]
622 1068 883 1117 Significantur
909 1069 1033 1105 armil-

377 1125 454 1171 lae,
486 1129 632 1175 torquex.
673 1126 780 1162 Conf.
800 1125 960 1162 l’ierson.
984 1126 1032 1162 ad

374 1180 493 1219 Moer.
522 1195 560 1232 p.
587 1182 669 1222 420
693 1194 770 1230 seq.
803 1185 840 1218 et
873 1181 920 1218 de
945 1182 1032 1218 scri-

374 1242 484 1288 ptura
501 1238 599 1274 vocis
627 1240 730 1283 (nam
755 1237 813 1274 alii
846 1236 1031 1286 ψέλλιον)

376 1299 469 1331 nott.
501 1295 550 1330 ad
575 1295 757 1331 Herodot.
790 1293 861 1340 lli,
891 1296 955 1333 20.
975 1315 1031 1321 —-

377 1348 545 1387 Eundem
566 1363 652 1387 vero
677 1362 812 1386 morem
839 1350 957 1386 adhuc
980 1350 1036 1386 in-

377 1409 433 1442 ter
459 1407 611 1442 seminas
645 1407 749 1454 regni
776 1405 942 1453 Angolae
972 1419 1036 1442 va-

376 1461 462 1508 lere,
488 1475 507 1499 e
527 1464 764 1499 recentiorum
785 1462 1035 1510 peregrinato-

373 1530 452 1554 rum
471 1519 661 1554 itinerariis
683 1518 844 1555 enotavit
861 1517 1034 1555 Larcher.

431 1570 525 1619 τούς
560 1578 733 1624 φθεῖρας
772 1569 843 1612 ε’ἀν
881 1570 1033 1624 λάβωσι

376 1644 411 1667 κ.
431 1644 461 1667 τ.
484 1628 534 1679 λ.]
577 1630 684 1666 Conf.
709 1631 771 1677 1V,
800 1632 878 1670 109
910 1631 1033 1679 ibique

375 1690 469 1723 nott.
511 1685 601 1722 Mox
633 1699 759 1724 omnes
788 1686 867 1722 libri
893 1686 1032 1736 ῥίπτει.

375 1742 460 1778 vid.
482 1746 575 1779 nott.
597 1743 645 1779 ad
670 1743 741 1790 lv,
773 1742 837 1783 94.
856 1764 912 1770 —-—
942 1742 1034 1780 Ver-

375 1799 462 1835 bum
489 1795 867 1848 διαπαρθενεύεται,
899 1799 967 1837 hoc
991 1811 1034 1835 ex

374 1854 456 1891 loco
486 1856 577 1891 citat
605 1855 729 1892 Pollux
757 1855 826 1901 lli,
849 1853 915 1895 42.
973 1854 1033 1891 Ad

374 1911 495 1961 ipsum
532 1916 782 1959 argumentum
815 1912 912 1960 quod
948 1911 1035 1948 atti-

374 1971 460 2012 net,
490 1967 599 2003 italus
620 1969 816 2017 interpres,
848 1967 960 2004 simile
979 1968 1035 2004 in-

375 2024 535 2060 stitutum
556 2025 591 2059 in
613 2024 726 2060 insula
737 2024 924 2061 Teneriss'a
936 2036 1034 2060 com-

373 2084 552 2116 memorat
566 2081 727 2128 itemque
744 2080 797 2116 ius
816 2080 915 2126 illud,
933 2080 1033 2128 quod

376 2136 497 2172 medio
545 2148 636 2173 aevo
690 2137 847 2174 valuisse
895 2137 1033 2182 dicunt,

376 2192 471 2227 droit
506 2192 547 2228 cle
577 2194 761 2240 cuissage,
814 2192 870 2229 vel
909 2193 1031 2242 potius

377 2248 466 2284 droit
487 2248 528 2284 de
553 2249 701 2297 culage,
744 2251 800 2285 ius
815 2251 952 2298 primae
971 2262 1032 2284 uo—

377 2306 461 2347 c!is;
501 2305 549 2341 de
581 2318 652 2354 quo
684 2306 772 2353 quid
801 2306 1031 2342 statuendum

375 2360 440 2403 sit,
478 2373 572 2396 nunc
595 2363 752 2401 omnium
778 2362 913 2411 optime
940 2362 1031 2398 eilo-

375 2416 446 2451 cuit
468 2416 721 2462 Mittermaier,
741 2418 974 2453 Grnndsiitze
995 2418 1030 2453 d.

375 2471 534 2518 geme-in.
566 2472 762 2509 deutschen
789 2473 1032 2509 Privatrechts

378 2529 459 2565 1ste
479 2526 585 2562 Abtli.
609 2526 644 2576 ξ.
660 2531 710 2567 77
725 2542 760 2577 p.
782 2530 862 2568 213
876 2542 952 2577 seq.
975 2530 1032 2565 ed.

374 2586 538 2631 quartae.
576 2582 694 2618 Alium
714 2597 849 2619 morem
870 2597 942 2620 non
965 2585 1032 2620 mi-

375 2651 443 2675 nus
465 2643 607 2689 turpem
626 2639 710 2675 Her.
732 2641 842 2675 refert
857 2640 917 2687 lv,
942 2642 1030 2679 172.

433 2697 490 2747 τῷ
535 2691 688 2745 οὕνομα
730 2691 888 2741 Πλυνός
925 2693 1030 2744 ἐστι]

379 2751 474 2787 Olim
496 2753 687 2797 ΙΙλεῦνος.
730 2750 885 2789 Πλυνοὶ
905 2757 1030 2801 portus

379 2807 476 2857 apud
506 2807 642 2856 Scylac.
683 2805 719 2858 ᾗ.
753 2811 829 2849 107
861 2820 948 2858 pag.
975 2807 1030 2849 45

270 931 370 976 169
427 946 543 985 νομα
572 929 747 981 Πλυνός
777 930 875 973 ἐστι.
928 928 1108 973 Τούτων
1138 930 1182 974 δὲ
1214 930 1384 986 ἔχονται
1417 931 1688 992 Γιλιγάμμαι,

1088 1068 1205 1105 Huds.
1225 1081 1260 1118 p.
1280 1070 1360 1109 308
1383 1069 1479 1106 Gail.
1509 1067 1556 1106 At
1580 1066 1746 1109 Πλυνόν

1088 1124 1228 1173 Libyae
1276 1126 1401 1162 urbem
1450 1131 1626 1163 memorat
1670 1126 1746 1174 Ly·-

1089 1182 1212 1230 cophr.
1252 1179 1355 1218 Alex.
1397 1182 1497 1226 149,
1553 1183 1614 1219 ubi
1649 1183 1745 1220 conf.

1089 1237 1221 1274 Tzetz,
1272 1238 1568 1275 Schlichthorsti.‘›
1597 1252 1631 1289 p.
1665 1241 1744 1279 120

1089 1294 1185 1329 idem
1217 1295 1362 1331 videtur
1389 1308 1467 1332 esse
1495 1300 1644 1344 portus,
1682 1296 1746 1343 qui

1096 1349 1265 1386 Panormi
1280 1351 1425 1388 nomine
1442 1352 1598 1387 obvenit.
1637 1351 1747 1387 Man-

1090 1410 1183 1443 nert.
1205 1406 1237 1442 X
1268 1420 1303 1456 p.
1324 1409 1396 1452 20,
1437 1407 1493 1443 hie
1523 1407 1569 1443 de
1595 1406 1746 1443 convalli

1091 1475 1244 1498 arenosa
1257 1463 1489 1499 Catabathmi
1509 1463 1746 1511 cogitandum

1091 1523 1226 1555 censet.

1261 1575 1374 1624 Cap.
1415 1574 1578 1611 CLXIX.

1149 1626 1404 1681 Γιλιγάμμαι]
1443 1631 1638 1668 Fluctuant
1665 1630 1746 1668 libri

1090 1688 1213 1737 scripti
1234 1689 1269 1723 in
1287 1687 1352 1724 hac
1373 1700 1473 1724 voce.
1528 1687 1636 1737 Apud
1663 1688 1746 1725 Ste-

1090 1744 1201 1793 phau.
1225 1744 1315 1793 Byz.
1343 1755 1426 1792 pag.
1446 1746 1528 1784 273
1560 1739 1747 1794 Γιλιγάμ-

1092 1800 1183 1850 βαι,
1222 1812 1312 1848 gens
1331 1799 1471 1847 Libyae
1493 1813 1535 1837 ex
1553 1800 1745 1836 Herodoto

1091 1857 1240 1903 citatur,
1270 1868 1377 1904 quam
1400 1855 1638 1893 Marmaricae
1659 1868 1746 1893 orae

1091 1917 1128 1949 et
1158 1913 1378 1961 Cyrenaicae
1409 1917 1549 1961 partem
1584 1913 1745 1949 tenuisse

1091 1972 1264 2005 statuunt.
1298 1968 1355 2004 Cs.
1374 1968 1641 2005 Schiiehlhorst.
1658 1981 1746 2018 pag.

1093 2027 1172 2064 120
1194 2038 1270 2072 seq.
1301 2023 1455 2061 Rennel.
1474 2038 1509 2074 p.
1533 2027 1625 2065 652.

1148 2081 1381 2129 Aphrodisias
1410 2080 1526 2116 insuia
1553 2082 1651 2116 iuxta
1668 2080 1744 2128 Cy·

1091 2150 1203 2174 renen
1243 2142 1463 2174 memoratur
1505 2150 1526 2173 a
1556 2136 1745 2186 Stephano

1090 2194 1181 2241 Byz.
1200 2206 1284 2242 pag.
1305 2195 1381 2233 201
1404 2197 1441 2229 et
1460 2193 1608 2241 Scylace
1638 2205 1672 2242 p.
1691 2191 1744 2232 45

1088 2249 1208 2286 Huds.
1238 2263 1275 2299 p.
1308 2251 1388 2290 309
1410 2249 1526 2294 Gail.;
1567 2261 1674 2295 quam
1697 2249 1745 2284 ad

1089 2306 1314 2342 occidentem
1335 2306 1500 2358 'Cyrenes
1532 2304 1635 2340 sitam
1658 2317 1746 2341 ean·

1090 2362 1173 2398 dem
1221 2366 1331 2409 atque
1374 2360 1579 2409 DI'PPHIHIIN.
1628 2372 1743 2409 prope

1089 2417 1248 2454 Dernzim
1274 2429 1353 2453 esse
1376 2418 1570 2452 arbitratur
1591 2416 1743 2453 Rennel.

1089 2473 1111 2509 l.
1145 2473 1167 2508 l.
1216 2472 1264 2508 At
1293 2473 1371 2508 mezi
1399 2485 1442 2508 ex
1480 2473 1662 2509 sententia
1696 2473 1742 2509 ab

1089 2529 1221 2565 orienti
1270 2529 1432 2577 Cyrenes
1491 2529 1581 2565 haec
1628 2528 1743 2565 insuia

1089 2585 1301 2632 quaerenda
1344 2584 1438 2620 intra
1476 2585 1742 2621 Cherronesum

1090 2645 1127 2676 et
1155 2639 1444 2676 Nausratlunum.
1495 2641 1599 2677 Conf.
1635 2640 1744 2677 Man-

1089 2701 1178 2732 nert.
1200 2697 1245 2741 X,
1265 2700 1290 2737 2
1314 2709 1397 2746 pag.
1420 2698 1483 2737 80.
1511 2697 1649 2744 'l'hrige
1674 2696 1695 2732 l.
1718 2696 1740 2732 1.

1088 2765 1124 2802 p-
1159 2752 1248 2792 147.
1310 2754 1394 2796 Quo
1422 2752 1536 2800 magis
1563 2752 1741 2798 dolemus,

1087 2809 1336 2847 recentissimo
1373 2809 1637 2860 peregrinaturi
1670 2807 1741 2845 Pa-
