1863 3256
426 90 1117 156 MELPOMENE.1V.

105 237 224 273 3σαν
254 229 444 286 ἐρήμην,
482 225 540 282 ἥν
576 239 674 267 τινα
706 225 791 266 νῦν
820 220 1002 265 Σκύθαι
1040 219 1262 276 νέμονται.
1325 226 1406 279 Γη-

1326 116 1409 156 287

136 301 298 354 ρυόνεα
328 300 373 343 δὲ
403 296 582 347 οἰκέειν,
625 295 703 346 ἔξω
745 297 826 337 τοῦ
860 292 1040 337 Πόντου
1076 290 1408 347 κατοικημένον,

134 372 214 426 τήν
242 373 285 414 οἰ
302 370 504 425 Ἕλληνες
532 368 707 421 λέγουσι
735 363 970 419 Ἐρύθειαν
998 368 1163 419 νῆσον,
1195 362 1276 419 τὴν
1298 363 1408 417 πρὸς

138 445 179 484 Γ
175 443 386 496 ηδείροισι
426 444 541 482 τοῖσι
582 438 659 490 ἔξω
694 435 970 491 Ἡρακληΐων
1009 435 1201 491 στηλέων
1239 434 1308 478 ἐπὶ
1345 437 1407 490 τῷ

103 511 342 568 4Ώκεανῷ.
400 511 478 555 τὸν
518 510 564 555 δὲ
602 507 814 552 Ὠκεανὸν
852 506 969 564 λόγῳ
1001 506 1081 562 μὲν
1111 505 1287 563 λέγουσι
1318 503 1406 549 ἀπὸ

77 675 318 725 prehensione
335 673 610 725 perstrinxerit,
631 685 741 723 supra

76 733 147 768 iam
183 731 389 768 monuimus
420 734 532 779 atque
569 729 626 766 hic
659 730 740 779 ipse

76 788 174 825 Iocus
192 788 340 834 indicat,
364 789 401 824 in
422 800 495 835 quo
518 799 621 823 suam
640 799 739 824 eam-

76 857 148 894 que
158 844 342 893 vulgatam
361 844 460 895 apud
474 843 638 881 Graecos
655 856 738 880 sen-

75 902 227 939 tentiam
263 901 310 938 de
340 900 522 949 Geryonis
557 900 738 937 domicilio

76 957 216 995 Noster
237 957 415 1004 consulto,
439 961 477 994 ut
500 957 657 1002 videtur,
677 970 739 994 ex-

76 1015 194 1065 ponit,
225 1014 378 1051 alteram
401 1013 575 1051 Hecataei
597 1014 740 1063 opinio-

77 1083 161 1108 nem
200 1070 343 1108 silentio
373 1082 521 1120 prorsus
548 1083 737 1120 premens3

78 1139 299 1176 quamquam
329 1131 472 1164 veteres
499 1127 572 1163 iam
595 1127 642 1164 de
658 1127 738 1164 Ge-

77 1196 189 1232 ryone
210 1183 400 1232 insulaque
418 1183 572 1232 Erythia
594 1184 737 1220 dissen-

74 1241 186 1287 sisse,
216 1253 236 1277 e
267 1239 375 1277 Plinii
403 1239 483 1277 loco
516 1240 616 1276 Hist.
647 1239 736 1277 Nat.

73 1297 137 1343 lV,
148 1298 203 1337 36
224 1296 284 1334 fin.
300 1297 530 1334 manifestum
547 1302 622 1344 est3
644 1309 737 1345 quo-

74 1365 156 1390 cum
183 1341 278 1390 con'f.
298 1353 470 1390 Strabon.
493 1353 515 1389 l.
547 1366 629 1390 mox
658 1353 738 1389 lau-

74 1410 238 1446 dandum
266 1423 308 1446 ac
339 1410 518 1460 Pompon.
549 1409 635 1446 Mel.
669 1409 736 1457 III,

76 1469 116 1512 6,
145 1466 216 1506 15:
247 1479 320 1515 quo
341 1472 488 1504 auctore
511 1467 684 1515 Erythia,
713 1478 737 1503 a

77 1523 252 1571 Geryone
279 1523 442 1560 habitata
472 1524 508 1559 in
530 1523 735 1570 Lusitania,

76 1592 290 1629 summaque
344 1581 504 1630 regionis
555 1580 735 1627 fertilitas,

76 1636 253 1673 Straboni
272 1649 422 1686 quoque
448 1636 629 1675 celebrata
656 1636 737 1674 loco

0 1701 4 1715 ¹
76 1692 225 1730 classico
244 1694 306 1741 ΙΙΙ,
333 1693 357 1733 5
384 1692 421 1744 §.
441 1691 466 1733 4
488 1706 573 1744 pag.
599 1696 678 1735 169
707 1707 737 1730 s,

77 1749 158 1790 257
171 1750 212 1786 C.
243 1749 415 1799 Namque
433 1750 587 1799 Erythia
606 1750 738 1797 insula,

75 1806 221 1843 minime
241 1806 302 1843 illa
321 1807 467 1855 quidem
490 1807 668 1853 sabulosa,
699 1811 740 1844 ut

75 1862 294 1911 quibusdam
326 1863 462 1913 placuit
496 1864 737 1913 (quamquam

74 1923 265 1969 poetarum
287 1920 445 1968 ingeniis
468 1921 554 1957 talia
577 1925 684 1958 aucta
700 1925 738 1958 et

76 1975 249 2025 ampliata
269 1989 351 2014 esse
372 1990 447 2014 non
466 1982 523 2015 est
543 1977 646 2027 quod
672 1989 739 2015 ne·

75 2030 242 2084 gemus),
294 2034 418 2071 media
472 2034 567 2071 inter
608 2034 738 2071 Gades

71 2089 169 2138 ipsas
191 2095 228 2127 et
246 2094 377 2127 terram
399 2091 647 2128 continentem
666 2091 737 2128 sita

72 2145 224 2182 dicitur:
255 2147 294 2183 id
316 2148 417 2196 quod
438 2149 608 2185 convenit
631 2148 666 2184 in
682 2147 737 2184 lo·-

71 2214 176 2249 cum,
216 2204 272 2240 cui
297 2216 394 2240 nunc
434 2217 568 2242 nomen
600 2204 636 2241 T
636 2217 736 2240 roca-

75 2258 179 2303 ‹ler05
221 2260 251 2296 si
282 2261 429 2309 quidem
468 2261 570 2311 ipsae
607 2261 735 2298 Gades

73 2314 158 2352 olim
178 2315 355 2364 insulam,
391 2330 484 2366 quae
506 2331 602 2355 nunc
623 2331 734 2355 voca-

73 2374 134 2407 tur
153 2370 210 2408 St.
232 2371 344 2420 Leon,
376 2374 618 2424 occupabant.
650 2374 735 2411 Vid.

75 2425 247 2466 Mannert
266 2430 404 2478 Geogr.
429 2432 466 2467 d.
485 2431 550 2468 Gr.
576 2445 609 2468 u.
624 2431 734 2469 Rom.

74 2482 89 2518 l
112 2495 148 2532 p.
173 2486 253 2526 287
269 2499 324 2535 sq.
345 2489 428 2527 292
456 2488 515 2525 ed.
535 2492 619 2525 tert.
652 2488 734 2525 coll.

75 2539 246 2578 Gosselin
268 2543 316 2579 ad
335 2543 427 2582 Plin.
450 2543 472 2580 l.
492 2543 515 2581 l.
536 2556 625 2595 pag.
650 2546 733 2585 369

74 2608 152 2644 seq.
179 2595 237 2633 De
260 2597 411 2648 Erythia
431 2600 607 2646 fabulosa,
637 2614 735 2651 quae

75 2664 118 2688 ex
138 2651 222 2689 solis
243 2655 442 2693 occidentis
467 2657 579 2694 radiis
599 2671 733 2696 nomen

73 2709 264 2755 invenerit,
285 2710 377 2748 dixit
397 2712 423 2748 1.
442 2713 491 2750 Η.
505 2714 599 2750 Voss
616 2714 735 2752 weit·

72 2764 199 2802 kunde
216 2766 283 2803 der
301 2766 407 2805 Alten
429 2781 466 2819 p.
494 2770 595 2807 XXI.
632 2768 732 2809 Add.

797 671 1013 718 Bernhardy
1052 671 1099 707 ad
1131 670 1285 721 Dionys.
1318 670 1461 719 Perieg.

798 729 879 769 558
901 740 987 778 pag.
1011 729 1105 767 678.

853 782 1160 835 κατοικημένον]
1211 784 1330 822 activa
1368 784 1463 821 acci-

796 842 971 892 piendum
990 842 1154 888 notione,
1177 853 1298 891 neque
1317 845 1461 878 mutan-

796 899 883 935 dum
913 899 949 935 in
985 896 1297 948 κατοικημένην,
1343 902 1385 934 ut
1411 897 1462 934 ad

798 957 927 1006 νῆσον
966 955 1155 992 referatur.
1213 956 1329 992 Recte
1365 955 1462 992 enim

797 1013 848 1048 sic
880 1012 1054 1048 statuisse
1084 1012 1229 1048 videtur
1258 1011 1463 1057 Letronne,

795 1069 921 1104 Journ.
953 1068 987 1104 d.
1020 1068 1162 1104 Savans
1188 1070 1298 1108 1817
1333 1081 1369 1118 p·
1395 1070 1463 1115 46,

796 1125 896 1161 cuius
916 1125 1028 1161 verba
1066 1126 1210 1174 potiora
1244 1124 1315 1161 huc
1342 1129 1464 1161 trans-

795 1181 972 1217 scribam:
1005 1180 1063 1227 „ll
1085 1194 1144 1217 me
1166 1183 1290 1231 paroit
1310 1182 1463 1227 certain,

795 1251 867 1287 que
903 1236 1195 1288 κατοικημένον
1228 1242 1284 1275 est
1315 1238 1360 1274 ici
1388 1251 1461 1276 une

794 1294 1009 1344 tautologie‚
1022 1308 1069 1331 au
1083 1307 1216 1343 moyen
1236 1294 1329 1333 dela
1341 1294 1462 1344 quelle

794 1351 985 1389 He'rodote
1000 1353 1157 1402 reprend
1169 1352 1201 1388 le
1216 1365 1300 1389 sens
1315 1352 1364 1388 du
1375 1352 1462 1403 pre-

793 1408 925 1445 cedent
947 1407 1105 1455 οἰκέειν,
1125 1413 1162 1446 et
1183 1412 1281 1446 cette
1301 1408 1461 1446 locution

793 1465 828 1501 n'
851 1477 874 1502 a
895 1466 972 1502 rien
1004 1466 1052 1503 de
1077 1465 1159 1516 plus
1192 1465 1367 1515 singulier
1388 1479 1462 1515 que

793 1519 974 1572 ἐχρέοντο
996 1544 1041 1549 -
1061 1517 1262 1573 χρεόμενοι
1285 1522 1341 1568 ΙΙ,
1377 1524 1458 1563 108

795 1584 831 1616 et
856 1575 1092 1630 αἱρεόμενον
1119 1600 1167 1606 -
1190 1577 1354 1618 ἑλέσθαι
1379 1579 1462 1628 VII,

799 1637 891 1674 10.“
921 1635 1020 1673 Add.
1043 1636 1072 1700 Ι,
1103 1638 1170 1683 67,
1200 1636 1261 1673 ubi
1288 1631 1462 1690 ἐγεγόνε-

797 1704 871 1731 σαν
890 1715 941 1720 —-
962 1707 1180 1745 γενομενοι.

853 1754 956 1788 τοῖσι
993 1749 1065 1797 ἔξω
1091 1747 1342 1800 Ἡρακληΐων
1370 1761 1462 1799 στη-

796 1803 912 1856 λέων]
963 1806 1065 1844 Cave
1106 1807 1242 1843 scribas
1281 1804 1357 1844 ἔσω
1392 1819 1460 1856 pro

796 1862 881 1910 ἔξω.
913 1863 995 1900 vid.
1012 1867 1102 1900 nott.
1122 1864 1169 1900 ad
1191 1863 1235 1908 II,
1254 1864 1320 1904 33.
1343 1862 1461 1900 Nam-

795 1933 867 1969 que
888 1920 1015 1958 Gades
1037 1924 1140 1958 extra
1163 1919 1349 1957 columnas
1360 1920 1460 1957 Her-

794 1976 915 2014 culeas
936 1977 1048 2015 fuisse
1076 1977 1166 2014 sitas
1197 1989 1306 2014 nemo
1329 1977 1459 2022 nescit,

795 2038 898 2071 extra
916 2035 1043 2072 orbem
1067 2038 1244 2071 terrarum
1260 2063 1270 2080 ‚
1300 2038 1341 2070 ut
1362 2032 1459 2070 Livii

794 2096 878 2127 utar
896 2091 1013 2128 verbis
1033 2090 1205 2136 XXVIII,
1223 2092 1290 2137 32,
1311 2090 1460 2127 circum-

794 2149 912 2184 fusam
934 2148 1085 2185 Oceano
1109 2147 1275 2184 insulam.

850 2201 918 2243 τὸν
957 2201 1001 2244 δὲ
1029 2199 1217 2243 Ὠκεανὸν
1252 2198 1356 2257 λόγῳ
1387 2200 1460 2255 μὲν

793 2259 954 2314 λέγουσι
982 2276 1018 2300 κ.
1048 2277 1078 2299 τ.
1109 2261 1154 2311 λ.]
1202 2261 1263 2298 De
1295 2261 1352 2297 his
1383 2261 1459 2298 vid.

793 2322 885 2355 nott.
924 2318 972 2355 ad
1009 2317 1039 2354 II
1054 2347 1065 2365 ,
1104 2320 1173 2358 21.
1209 2320 1275 2358 23.
1338 2317 1460 2355 Ukert

795 2375 934 2424 Geogr.
958 2375 994 2411 d.
1008 2375 1074 2411 Gr.
1095 2374 1123 2422 I,
1146 2378 1173 2416 2
1193 2387 1279 2425 pag.
1303 2377 1368 2415 10.
1391 2375 1458 2416 26,

792 2432 1023 2469 Hecataeum
1048 2431 1230 2469 Milesium
1249 2431 1307 2469 hic
1325 2431 1459 2483 respici

792 2489 870 2526 iure
889 2501 1036 2538 quoque
1054 2488 1185 2526 statuit
1205 2488 1380 2525 Klausen.
1410 2487 1459 2524 ad

792 2545 970 2582 Hecataei
991 2546 1162 2594 fragmm.
1184 2557 1271 2596 pag.
1292 2548 1360 2585 40.
1395 2543 1458 2582 Tu

793 2602 889 2639 conf.
929 2602 1038 2639 etiam
1075 2606 1168 2638 nott.
1209 2602 1256 2638 ad
1292 2602 1354 2647 lv,
1393 2602 1458 2639 36.

791 2657 846 2696 Ac
877 2659 999 2707 tangit
1033 2658 1250 2696 Herodotea
1283 2656 1453 2694 Eustath.

792 2715 841 2752 ad
860 2714 1015 2764 Dionys.
1036 2715 1181 2762 Perieg.
1201 2713 1270 2760 41,
1289 2713 1348 2750 ubi
1367 2712 1456 2749 haec

791 2771 982 2820 leguntur:
1005 2792 1061 2799 ——
1079 2767 1192 2810 καθοὲ
1213 2768 1280 2808 καὶ
1296 2763 1456 2820 Ἡρόδο-

1466 230 1563 266 emto,
1584 228 1674 254 boves
1694 228 1742 255 ab·

1465 268 1582 294 egltffle?
1634 267 1744 296 lesslpe-

1467 298 1545 319 state
1566 298 1649 327 orta,
1676 294 1744 321 dor-

1467 327 1572 354 mienti
1586 328 1746 356 subductos

1467 368 1578 394 equus:
