1863 3256
519 216 558 253 M
592 215 622 252 E
654 214 684 251 L
717 214 744 251 P
777 216 810 251 Ο
845 214 883 250 Μ
915 214 945 251 E
977 214 1012 252 N
1046 215 1089 252 E.
1152 216 1208 253 lv.
1412 225 1491 263 (531

225 321 514 378 αὐτόχθονες·
559 326 602 367 οἱ
630 323 709 379 μὲν
738 322 790 366 τὰ
816 321 929 378 πρὸς
956 322 1122 379 βορέω,
1155 325 1198 365 οἱ
1227 325 1272 367 δὲ
1303 327 1354 369 τοὶ
1385 331 1494 382 πρὸς

222 393 358 437 νότου
389 399 467 451 τῆς
496 395 664 451 Λιβύης
695 394 928 445 οἰκέοντες
982 395 1184 445 Φοίνικες
1225 394 1271 437 δὲ
1308 398 1381 439 καὶ
1399 398 1492 442 Ἕλ-

77 468 175 513 198
217 468 363 520 ληνες,
393 464 614 522 ἐπήλυδες.
675 466 831 509 Δοκέει
869 464 914 509 δέ
944 482 1021 520 μοι
1054 462 1156 509 οὐδ’
1191 462 1348 520 ἄρετὴν
1379 465 1490 512 εἷναί
1548 474 1666 534 ῐιῑὺᾱὺυει
1670 480 1762 568 ξείνω
1741 518 1828 549 qnam

226 552 289 587 τις
327 534 355 592 ἡ
386 536 530 594 Λιβύη
571 540 807 593 σπουδαίη,
858 535 965 580 ὥστε
1003 535 1032 594 ἦ
1068 534 1186 593 Ἀσίῃ
1226 535 1255 592 ἢ
1293 535 1492 595 Εὐρώπη
1705 547 1763 610 ζμ

218 610 580 691 παραβληθῆναι,
619 607 731 663 πλὴν
761 609 966 659 Κίνυπος
995 607 1186 664 μούνης·
1235 607 1283 650 τὸ
1313 607 1398 663 γὰρ
1430 610 1602 665 δὴδοεῑῃ
1550 613 1599 638 ‘2⁷¹⁰
1606 608 1826 668 ¹⁹¹¹3¹¹⁸⁰c¹223

194 676 335 722 20c13to
366 677 538 734 οὕνομα
567 676 594 734 ἡ
624 682 681 735 γῆ
708 683 769 736 τῷ
800 681 984 737 ποταμῷ
1015 678 1108 734 ἔχει.
1161 677 1269 734 αὕτη
1292 678 1337 722 δὲ
1357 676 1489 735 ὁμοίη
1548 673 1658 733 ἷξξῆξᾶ,
1668 675 1823 711 Empffl'

217 764 270 803 τῃ
309 747 462 806 ἀρίστῃ
500 752 615 805 γεῶν
644 749 881 807 Δήμητρος
917 749 1091 805 καρπὸν
1122 747 1343 804 ἐκφέρειν·
1388 748 1491 795 οὐδὲ

188 815 315 862 δοῖκε
345 818 477 864 οὐδὲν
494 825 548 878 τῇ
565 819 673 877 ἄλλῃ
697 821 854 878 Λιβύῃ.
916 817 1175 877 μελάγγαιός
1205 836 1249 863 τε
1278 819 1361 877 γάρ
1387 821 1490 872 ἐστι,

161 933 288 982 abest,
318 940 359 973 ut
376 936 522 985 Mauri,
563 939 626 987 qui
650 950 746 976 nunc
768 939 824 975 ‹li-

161 997 310 1038 cuntur,
365 994 413 1030 ad
457 994 652 1043 indigenas
693 1001 824 1044 gentes

160 1048 230 1084 sint
249 1050 453 1098 referendi,
484 1052 545 1100 qui
567 1051 689 1102 potius
708 1051 825 1089 aliun-

161 1104 208 1142 de
224 1105 377 1153 ingressi
390 1106 532 1156 Libyae
550 1120 652 1145 oram
673 1113 824 1159 septen-

160 1162 353 1200 trionalem
384 1176 565 1201 armorum
596 1166 631 1202 vi
664 1178 823 1216 occupa-

159 1221 263 1266 runt,
295 1219 473 1269 prioribus
490 1220 617 1258 incolis
639 1222 715 1260 sive
735 1221 822 1258 sub-

159 1275 250 1311 actis
272 1276 348 1313 sive
367 1277 513 1323 eiectis,
542 1278 593 1314 ita
612 1282 650 1315 ut
668 1279 715 1315 ab
729 1278 822 1314 Ara-

159 1331 244 1368 bum
292 1332 378 1370 inde
425 1333 691 1371 incursionibus
728 1334 822 1372 hanc

157 1392 290 1425 terram
330 1389 484 1439 eiusque
531 1390 669 1427 incolas
709 1389 819 1441 plane

156 1448 316 1482 mutatos
353 1458 435 1484 esse
473 1447 632 1484 credam.
689 1447 820 1496 ltaque

156 1506 340 1552 praestat,
363 1503 514 1553 opinor,
538 1504 712 1541 Heerenii
736 1516 820 1541 sen-

157 1559 271 1595 tentia
293 1558 426 1605 (ldcen
445 1559 491 1605 ll,
518 1562 538 1600 1
559 1573 595 1610 p.
621 1562 701 1601 309
715 1561 818 1609 sqq.)

156 1614 291 1663 Libyes
317 1621 457 1653 veteres
487 1616 532 1653 ab
556 1617 738 1654 Arabibus
764 1617 818 1653 vi-

155 1672 318 1708 ctoribus
340 1676 454 1721 atque
471 1672 543 1709 iam
562 1682 670 1711 antea
684 1686 705 1711 a
719 1673 749 1710 V
751 1685 817 1710 an-

156 1727 249 1765 dalis
279 1730 324 1765 ab
354 1742 419 1766 ora
445 1730 628 1766 maritima
657 1730 818 1779 regioni-

155 1786 299 1833 busque
324 1787 498 1835 proximis
526 1786 691 1837 repulsos
722 1799 818 1824 nunc

154 1841 191 1878 in
225 1841 383 1879 Atlantis
432 1843 607 1880 tractibus
648 1843 817 1893 iugisque

154 1897 317 1936 habitare
348 1902 385 1936 et
411 1900 448 1936 iu
477 1901 687 1948 regionibus
710 1901 817 1938 meri-

155 1954 250 1992 diem
271 1968 395 1992 versus
412 1956 496 1993 hinc
513 1958 714 2007 porrectis3
733 1970 816 1994 eos-

154 2024 227 2060 que
274 2024 371 2049 nunc
416 2014 538 2050 vocari
578 2013 751 2060 Berbers,
793 2026 815 2051 a

153 2067 291 2104 Mauris
325 2081 444 2117 aeque
470 2082 514 2106 ac
543 2069 670 2119 Nigris
698 2071 816 2121 probe

152 2124 424 2162 discernendos.
484 2125 526 2163 In
563 2127 693 2176 quibus
723 2128 814 2164 duas

150 2181 381 2231 potissimum
414 2183 524 2220 refert
553 2188 684 2231 gentes
714 2184 814 2221 Hee-

150 2238 296 2284 renius,
355 2239 487 2287 quibus
537 2252 634 2277 nunc
678 2253 812 2278 nomen

156 2294 265 2331 Tibho
295 2298 332 2332 et
365 2293 515 2333 Tuarilc.
572 2296 668 2333 Add.
700 2296 810 2336 Pach.

150 2350 305 2400 Voyage
325 2355 393 2389 etc.
415 2365 452 2403 p.
467 2354 533 2393 28.
555 2354 608 2394 29
627 2357 704 2390 not.
735 2353 813 2390 Sed

152 2407 332 2458 Aethiopes
357 2420 430 2458 quo
462 2409 579 2446 minus
609 2410 657 2446 ad
674 2408 812 2458 Nigros

152 2464 375 2512 referantur,
415 2465 503 2503 nihil
525 2466 666 2514 obstat,
705 2479 812 2517 prae-

153 2521 278 2558 sertim
299 2522 330 2557 si
348 2534 457 2571 quam
477 2522 650 2560 latissime
660 2523 812 2560 Aethio-

152 2589 239 2627 pum
275 2581 388 2626 atqne
421 2578 639 2630 Aethiopiae
677 2592 811 2617 nomen

152 2633 252 2683 apud
270 2639 411 2671 veteres
429 2639 553 2685 pateat
573 2638 742 2686 adeoque
763 2637 811 2674 de

152 2690 250 2726 omni
272 2691 348 2727 fere
367 2690 488 2728 Africa
506 2694 735 2731 meridionali
754 2693 811 2730 di-

153 2751 275 2793 catur,
304 2751 525 2796 reputemus.

308 2803 339 2840 c
353 2815 374 2839 a
388 2815 424 2852 p.
455 2803 655 2842 cxcvm.

211 2857 351 2898 Λοκέει
371 2857 413 2898 δέ
431 2874 499 2909 μοι
519 2880 573 2888 -
594 2860 809 2912 σπουδαίη]

882 931 1004 989 αἱρετή
1022 937 1070 973 ad
1091 937 1160 974 soli
1184 936 1412 975 fertilitatem
1430 950 1458 975 s,
1478 938 1545 976 bo-

882 994 1038 1031 nitatem
1078 993 1260 1043 pertinet,
1315 998 1354 1031 ut
1382 994 1475 1043 Vll,
1506 995 1545 1036 5.

885 1050 979 1097 Vffl,
1006 1048 1098 1090 144.
1134 1049 1301 1099 Thucyd.
1324 1051 1359 1097 l,
1390 1053 1428 1091 2.
1487 1050 1547 1089 Ad

880 1107 1045 1144 voculam
1082 1121 1141 1153 τις
1182 1107 1277 1144 conf.
1308 1107 1443 1144 Matth.
1475 1108 1540 1145 Gr.

881 1163 946 1200 Gr.
967 1177 1002 1214 p.
1023 1164 1101 1202 911
1124 1167 1161 1201 et
1176 1164 1223 1199 ad
1245 1163 1442 1214 σπουδαίη
1464 1164 1543 1202 He-

879 1220 959 1256 rod.
979 1220 1039 1266 lV,
1061 1221 1127 1261 23.
1161 1219 1259 1267 VlH,
1280 1222 1344 1260 69.
1390 1220 1450 1259 De
1484 1220 1544 1258 Ci-

879 1289 971 1326 uype
1000 1277 1153 1313 diximus
1176 1277 1224 1313 ad
1243 1275 1305 1323 lv,
1326 1277 1417 1317 175.
1448 1278 1544 1328 Spe-

878 1337 953 1369 ctat
985 1333 1076 1379 huc,
1107 1333 1261 1382 opinor,
1300 1333 1400 1370 Mela
1434 1334 1469 1382 1,
1503 1337 1542 1380 7,

877 1390 953 1429 33:
1005 1389 1253 1439 „—Cinyps
1298 1390 1428 1426 fluvius
1477 1403 1543 1440 per

877 1445 1060 1483 uberrima
1106 1457 1193 1482 arva
1243 1446 1454 1483 decidens‘<
1504 1452 1543 1484 et

877 1502 986 1538 Ovid.
1041 1501 1098 1539 Ex
1135 1501 1242 1538 Pom.
1283 1502 1336 1550 ll,
1377 1505 1426 1548 7,
1465 1503 1540 1543 25:

876 1558 1114 1608 „Cinyphiae
1149 1559 1285 1607 segetis
1330 1559 1432 1596 citius
1472 1572 1539 1596 nu-

875 1615 1031 1652 merabis
1052 1615 1196 1652 aristas.
1210 1617 1234 1635 “

933 1666 1035 1721 αὕτη
1057 1668 1099 1710 δὲ
1124 1668 1240 1721 ὁμοίη
1258 1686 1292 1709 κ.
1312 1686 1342 1710 τ.
1355 1668 1403 1721 λ.]
1427 1670 1539 1708 Com-

874 1732 1025 1778 paratur
1062 1728 1223 1777 regionis
1260 1727 1426 1766 fertilitas
1458 1741 1538 1765 cum

875 1799 932 1831 ea,
956 1797 1051 1833 quae
1072 1784 1320 1834 Babylonicae
1339 1788 1395 1821 est
1417 1788 1538 1822 terrae

873 1841 912 1887 l,
943 1843 1041 1887 193,
1072 1842 1134 1878 ubi
1155 1842 1226 1878 vid.
1269 1841 1366 1877 Hinc
1386 1853 1535 1889 quoque

872 1898 1128 1946 agriculturam
1157 1899 1193 1934 in
1227 1897 1427 1946 Cyrenaica
1456 1909 1533 1934 ma-

872 1957 966 1992 xime
998 1956 1190 1992 florentem
1217 1954 1404 1992 celebrant
1430 1957 1533 1991 vete-

873 2024 953 2059 res,
1002 2024 1095 2060 quos
1136 2012 1224 2048 citat
1259 2010 1401 2059 Thrige
1436 2010 1531 2046 Hist.

872 2068 1007 2116 Cyren.
1027 2081 1111 2118 pag.
1133 2068 1211 2109 251
1248 2067 1327 2104 coll.
1351 2066 1533 2104 Mannert.

871 2125 919 2171 X,
941 2129 966 2166 2
982 2138 1066 2174 pag.
1089 2124 1153 2165 58.
1190 2123 1255 2161 Cr.
1281 2124 1438 2161 conferri
1459 2122 1534 2160 vult

871 2181 1085 2218 Schneider.
1109 2182 1146 2218 in
1169 2181 1247 2218 Iud.
1272 2181 1319 2217 ad
1331 2181 1534 2230 Scriptores

871 2238 941 2274 Rei
961 2237 1101 2274 Rustic.
1123 2237 1171 2275 T.
1196 2237 1244 2275 lV
1268 2251 1304 2288 p.
1321 2238 1374 2278 88
1396 2237 1433 2273 in
1455 2249 1535 2272 voc.

873 2292 1011 2342 IlIago,·
1047 2295 1109 2343 qui
1138 2295 1235 2331 idem
1259 2294 1308 2330 ad
1336 2293 1405 2330 hoc
1427 2297 1535 2343 caput

871 2351 1026 2388 conferri
1047 2350 1120 2387 vult
1132 2350 1307 2388 Valcken.
1328 2350 1375 2387 de
1392 2349 1535 2386 Aristo-

871 2406 956 2444 bulo
977 2407 1113 2444 Iudaco
1143 2420 1228 2458 pag.
1249 2408 1302 2446 33
1330 2410 1368 2443 et
1386 2404 1533 2443 Amers-

870 2464 1006 2500 foordt.
1028 2463 1184 2502 Dissert.
1207 2465 1254 2501 de
1283 2463 1391 2500 variis
1412 2461 1532 2499 Lectt.

868 2519 1119 2558 Holmesiann.
1171 2519 1409 2558 l'entateuchi
1448 2518 1531 2556 Mo-

870 2577 957 2614 saici
987 2590 1074 2628 pag.
1102 2579 1164 2617 18.
1191 2601 1241 2606 —-
1286 2576 1345 2613 Ad
1375 2576 1528 2611 sormam

868 2649 908 2686 γε
894 2648 971 2673 εων
999 2634 1114 2683 (quod
1136 2634 1300 2684 reposuit
1318 2631 1444 2668 Valck.
1462 2642 1529 2680 pro

868 2688 1024 2742 γαιων)
1063 2692 1158 2727 conf.
1191 2689 1322 2725 Manh.
1361 2687 1428 2723 Gr.
1462 2685 1528 2722 Gr.

867 2761 954 2799 pag.
976 2747 1071 2786 517-

927 2800 1175 2855 μελάγγαιος]
1202 2799 1270 2836 Alii
1291 2797 1371 2836 libri
1391 2792 1527 2847 μελάγ-

870 2875 980 2911 γεος,
1023 2857 1275 2902 Florentinus,
1303 2849 1530 2905 πελ(ιγ,εος.
