1863 3256
481 101 1033 140 MELPOMENE.
1094 103 1158 140 IV.
1329 110 1411 149 435

149 206 424 260 Ὑστάσπεος,
471 209 678 265 ἀδελφεὸς
715 209 800 254 ἐών
831 211 1046 263 Δαρείου,
1087 210 1233 266 ἔχρῃζε
1270 213 1410 266 μηδα-
1424 219 1468 254 4ο

152 281 244 331 μῶς
272 278 409 322 αὐτόν
439 283 668 337 στρατηίην
696 280 764 324 ἐπὶ
792 280 975 332 Σκύθας
1002 279 1249 332 ποιέεσθαι,
1285 297 1412 324 κατα·

125 348 295 403 Ξλέγων
335 353 423 392 τῶν
452 349 668 395 Σκυθέων
706 352 788 409 τήν
825 351 1023 408 ἀπορίην.
1083 348 1203 400 ἀλλ’,
1245 349 1299 395 οὐ
1329 351 1412 407 γὰρ

153 417 296 461 ἔπειθε
332 421 645 504 συμβουλεύων
684 423 727 465 οἱ
763 420 951 477 χρηστοὶ,
994 420 1018 464 6
1059 422 1139 477 μὲν
1175 421 1411 466 ἐπέπαυτο·

153 486 176 530 6
207 488 275 539 δὲ,
313 488 458 543 ἐπειδή
490 492 534 532 οἱ
561 491 614 533 τοὶ
644 491 787 535 πάντα
816 491 1167 546 παρεσκεύαστο,
1208 491 1412 548 ἐξήλαυιε

0 563 96 608 84
152 557 230 601 τόν
266 557 454 612 στρατὸν
491 560 537 603 ἐκ
574 563 778 605 Σούσων.
831 561 1049 606 Ἐνθαῦτα
1089 566 1177 604 τῶν
1210 564 1411 617 Περσέων
1468 567 1595 595 0²⁰b³2¹
1635 570 1675 598 Pe
1659 580 1724 599 em

1468 601 1486 628 fi
1479 601 1511 661 gn
1503 609 1546 628 ios
1564 605 1625 630 trs

152 627 361 685 Οἶθβαζθς
381 628 538 686 ἐδεήθη
557 634 771 687 Δαρείου,
803 637 937 688 τριῶν
958 631 1119 675 ἐόντων
1150 634 1192 676 οἱ
1220 637 1434 684 παίδωνβ
1437 643 1475 676 5¹
1479 643 1530 695 {HE
1513 605 1745 699 eteemlnt‘iggd

148 699 223 742 καὶ
250 697 428 743 πάντων
456 703 829 788 στρατευομένων,
870 720 948 748 ενα
975 703 1094 763 αὐτῷ
1122 709 1412 762 καταλειφθῇ·
1469 703 1606 763 offitium
1609 712 1672 739 0¹¹³
1697 713 1744 732 ⁰⁰·

120 777 238 813 Ξναι.
298 768 322 814 ὁ
353 771 397 814 δέ
429 774 473 815 οἵ
502 773 606 828 ε’φη,
640 792 698 826 ως
727 777 840 834 φίλῳ
871 775 987 820 ἐόντι
1015 778 1089 821 καὶ
1111 779 1302 832 μετρίων
1322 779 1412 821 δεο-

121 840 294 900 3μένῳ,
332 841 497 894 πάντας
527 843 632 896 τούς
661 849 819 899 παῖδας
851 849 1125 897 καταλείψειν
1198 846 1221 890 ὁ
1252 847 1330 903 μὲν
1360 848 1412 903 δὴ

93 1055 126 1080 u.
152 1041 358 1091 Thucydid.
387 1056 473 1094 pag.
498 1042 563 1086 45.
607 1045 748 1082 Kruse:

92 1098 218 1136 Ueber
240 1099 430 1137 Her0d‹›ts
459 1100 645 1138 Ausmess.
684 1102 749 1137 des

92 1155 199 1192 Pont.
221 1159 290 1192 etc.
318 1168 402 1206 pag.
419 1159 472 1196 27
496 1156 572 1193 coll.
595 1156 748 1194 Rennel.

91 1223 175 1261 pag.
199 1209 293 1252 426.
335 1212 418 1255 Quo
439 1213 568 1250 eodem
590 1214 750 1263 pertinet

95 1267 146 1303 Os
167 1266 274 1303 Ponti
302 1263 448 1318 (στόμα
472 1264 668 1318 Πόντον),
701 1269 749 1307 de

92 1335 165 1373 quo
184 1324 232 1360 ad
248 1324 319 1370 IV,
345 1326 410 1365 81.
441 1324 549 1362 Nunc
566 1326 665 1375 quod
683 1338 748 1363 ne-

92 1380 226 1417 minem
246 1380 339 1429 fugit
348 1379 485 1430 fretum
502 1385 559 1419 est
577 1381 749 1420 Constan-

92 1436 381 1486 tz’nopolz'tanum,
411 1437 510 1475 haud
531 1451 614 1476 raro
638 1440 747 1477 etiam

92 1493 242 1542 simplici
274 1493 410 1530 canalis
429 1494 673 1544 appellatione
690 1496 746 1531 in-

93 1549 261 1586 dicatum.
328 1550 385 1588 De
432 1551 578 1588 Graeca
621 1551 748 1602 appel-

93 1605 254 1652 latione,
284 1605 355 1643 alia
382 1611 423 1643 ut
451 1611 613 1654 taceam,
653 1608 746 1645 conf.

91 1661 212 1700 Schol.
258 1663 306 1699 ad
342 1663 520 1713 Apollon„
548 1664 668 1702 Rhod.
708 1663 755 1710 H,

97 1719 188 1758 168.
231 1717 281 1755 Et
309 1718 493 1769 pluribus,
524 1720 753 1758 Herodotum

93 1787 240 1824 quoque
262 1776 472 1825 respicienS‚
502 1777 550 1814 de
571 1777 640 1814 hoc
658 1778 754 1814 Bos-

93 1844 185 1882 poro
218 1830 381 1881 disputat
402 1832 567 1870 Eustath.
596 1834 645 1870 ad
663 1833 753 1871 Dio-

93 1899 170 1936 nyS.
202 1887 345 1937 Perieg.
366 1891 446 1930 140
472 1894 511 1927 et
534 1893 661 1927 nostra
688 1901 751 1927 ae-

93 1948 168 1981 tate
190 1943 405 1983 Tzschueke
432 1946 481 1983 ad
509 1945 597 1984 Mel.
628 1946 666 1993 1,
698 1947 750 1986 19

91 2004 185 2037 nott.
213 2013 344 2051 exegg.
374 2001 475 2049 (Vol.
503 2002 553 2039 III
582 2001 624 2040 P.
645 2000 679 2054 Ι)
711 2015 749 2054 p.

93 2055 187 2098 569.
207 2056 301 2098 570.

150 2110 307 2167 ἔχρῃζε]
339 2114 362 2151 i.
393 2127 425 2152 e.
459 2114 606 2161 orabat,
644 2127 751 2164 roga-

94 2169 166 2206 bat.
217 2169 302 2213 Quo
331 2171 460 2209 eodem
485 2184 592 2209 sensu
619 2170 658 2218 Ι,
688 2171 753 2210 41.

97 2225 188 2267 152.
229 2225 284 2272 V,
322 2228 378 2268 30
412 2227 509 2265 alibi.
571 2226 752 2277 Iungitur,

96 2285 136 2317 ut
163 2282 343 2331 δεῖσθαι,
376 2283 446 2321 alia
470 2285 507 2321 id
528 2297 643 2333 genus
672 2285 753 2321 infi-

96 2336 224 2386 nitivo,
249 2339 348 2376 cuius
367 2339 446 2377 loco
467 2340 624 2378 subinde
644 2342 750 2378 etiam

98 2388 228 2442 ὅπως,
255 2400 296 2433 ut
311 2396 374 2443 ΙΙΙ,
397 2395 464 2443 44,
494 2398 553 2433 ubi
571 2398 613 2433 cf.
632 2402 722 2434 nott.

154 2450 374 2503 καταλέγων
393 2474 447 2481 -
468 2450 541 2503 τήν
560 2448 749 2505 ἀπορίην]

98 2505 320 2559 καταλέγειν
338 2508 432 2546 valet
443 2522 626 2556 recensere,
647 2523 750 2547 enar·
773 2520 776 2521 ’

97 2575 198 2610 rare,
229 2575 503 2613 commemorare,
529 2571 568 2603 ut
588 2567 658 2614 IV,
684 2566 750 2608 95.

100 2618 165 2659 50.
195 2619 273 2660 114
290 2624 356 2657 etc.
397 2616 569 2672 ἀπορίην
598 2624 754 2673 inopiam

101 2687 128 2712 s.
144 2679 389 2726 paupertatem
412 2689 491 2714 esse
515 2682 625 2726 negat
643 2679 753 2716 Italus

100 2732 294 2783 interpres,
321 2732 386 2769 sed
406 2732 647 2781 difficultatem
663 2735 754 2784 Scy-

806 1045 948 1082 tharum
981 1050 1112 1082 terram
1143 1046 1364 1093 invadendi,
1403 1059 1468 1083 un-

806 1102 854 1139 de
877 1113 986 1152 supra
1010 1102 1080 1146 IV,
1111 1100 1164 1142 46
1189 1101 1346 1150 Scythae
1366 1098 1467 1152 ἅμα·

805 1156 869 1207 χοί
886 1172 926 1196 τε
951 1155 1018 1195 καὶ
1039 1154 1185 1208 ἄποροι
1197 1158 1466 1209 προσμίσγειν.

804 1212 897 1249 Mihi
922 1226 995 1249 non
1028 1213 1222 1263 persuasit.
1265 1214 1325 1250 Ad
1358 1215 1471 1252 verba

806 1270 1067 1319 subsequentia
1089 1264 1181 1316 ἄλλ’,
1204 1265 1252 1308 οὐ
1271 1266 1347 1322 γάρ
1365 1269 1465 1308 ἔπει-

804 1329 855 1365 θε
882 1328 975 1364 conf.
1004 1329 1097 1363 nott.
1128 1326 1175 1364 ad
1203 1325 1240 1371 I,
1274 1328 1311 1366 8.
1344 1324 1398 1366 24
1431 1331 1470 1364 et

804 1382 890 1420 add.
927 1383 1002 1429 IX,
1034 1385 1112 1423 109
1132 1381 1213 1420 coll.
1244 1383 1353 1430 VIII,
1387 1385 1466 1424 137

803 1439 927 1489 ibique
946 1438 1122 1476 Valcken-

958 1495 989 1532 C
1005 1507 1070 1545 ap.
1102 1494 1306 1531 LXXXIV.

861 1552 1197 1601 καταλειφθῆναι]
1218 1551 1369 1588 Passivo
1381 1563 1466 1588 sen-

805 1621 848 1646 su
865 1608 979 1658 accipi
999 1607 1138 1644 monuit
1158 1606 1289 1644 Matth.
1312 1607 1375 1643 Gr.
1397 1607 1464 1644 Gr.

812 1663 850 1716 ἓ.
881 1664 986 1710 496,
1017 1666 1042 1705 8
1071 1676 1155 1713 pag.
1176 1664 1342 1704 936—
1382 1663 1469 1701 Mox

810 1717 903 1767 τούς
939 1719 1177 1765 ἐπεστεῶτας
1209 1719 1382 1757 sateliites
1413 1719 1471 1758 in-

809 1777 933 1826 telligo
978 1776 1194 1821 adstantes,
1243 1776 1305 1824 qui
1343 1787 1467 1824 regem

809 1834 972 1871 comitari
1029 1832 1290 1870 consueverim.
1357 1832 1467 1877 Quod

808 1891 914 1928 codd.
935 1890 1083 1939 quidam
1105 1889 1264 1926 afferunt
1289 1884 1382 1935 τούς
1403 1887 1465 1927 ἐπὶ

806 1941 959 1986 τούτων
1006 1945 1248 1991 ἐπεστεῶτας
1289 1945 1465 1994 quodque

807 2003 1023 2041 Schaeferus
1046 2003 1196 2052 recepit,
1227 2000 1465 2049 glossatorem

807 2061 965 2111 prodere
992 2059 1154 2104 videtur,
1194 2058 1255 2107 qui
1286 2058 1467 2108 carmfices

807 2116 966 2154 indicare
996 2114 1169 2160 voluerit,
1214 2126 1366 2163 quorum
1399 2114 1468 2150 hoc

810 2173 936 2219 fuerit,
975 2175 1015 2209 ut
1050 2171 1129 2220 regi
1165 2170 1356 2208 adstantes
1391 2170 1467 2208 eius

810 2229 982 2267 mandata
1024 2230 1308 2276 exsequerentur
1346 2226 1467 2277 deque

810 2284 974 2323 Oeobazi
1002 2284 1084 2321 filiis
1113 2282 1325 2333 supplicium
1349 2294 1469 2320 sume·

809 2347 899 2379 rent.
918 2361 972 2369 --
1008 2340 1122 2377 Haud
1142 2339 1321 2376 dissimilis
1340 2340 1468 2377 crude·

809 2399 892 2435 litas
919 2398 1048 2435 Xerxis
1087 2400 1255 2433 narratur
1284 2395 1374 2442 VII,
1412 2397 1467 2437 38

808 2454 885 2493 coll.
924 2454 1052 2491 Senec.
1070 2454 1117 2491 de
1136 2453 1189 2488 ira
1205 2452 1277 2500 III,
1312 2454 1374 2492 16.
1414 2452 1467 2488 Ac

808 2511 894 2549 talia
927 2510 1071 2559 tyranni
1100 2509 1258 2546 animum
1292 2507 1468 2544 indolem-

809 2580 880 2617 que
899 2568 1054 2604 maxime
1077 2569 1374 2610 commonstrare,
1405 2563 1468 2610 qui

809 2623 907 2661 omni
955 2624 1032 2661 iure
1081 2622 1203 2658 divino
1237 2620 1468 2667 humanoque

809 2679 1017 2730 postposito
1055 2689 1124 2714 suo
1163 2676 1311 2713 arbitrio
1348 2674 1468 2710 omnia

811 2735 1004 2773 subiecerit
1028 2745 1176 2770 monere
1193 2730 1288 2768 haud
1308 2742 1410 2781 opus.

1104 2784 1193 2826 28*
