<?xml version="1.0" encoding="UTF-8"?>
<!DOCTYPE html PUBLIC "-//W3C//DTD XHTML 1.0 Transitional//EN"
    "http://www.w3.org/TR/xhtml1/DTD/xhtml1-transitional.dtd">
<html xmlns="http://www.w3.org/1999/xhtml" xml:lang="en" lang="en">
 <head>
  <title>
</title>
<meta http-equiv="Content-Type" content="text/html;charset=utf-8" />
  <meta name='ocr-system' content='tesseract 3.04.00' />
  <meta name='ocr-capabilities' content='ocr_page ocr_carea ocr_par ocr_line ocrx_word'/>
</head>
<body>
  <div class='ocr_page' id='page_1' title='image "./musaeher02hero/musaeher02hero_0694.png"; bbox 0 0 1863 3256; ppageno 0'>
   <div class='ocr_carea' id='block_1_1' title="bbox 230 275 1560 324">
    <p class='ocr_par' dir='ltr' id='par_1_1' title="bbox 230 275 1560 324">
     <span class='ocr_line' id='line_1_1' title="bbox 230 275 1560 324; baseline -0.002 -6"><span class='ocrx_word' id='word_1_1' title='bbox 230 279 314 319; x_wconf 71' lang='lat'><strong>670</strong></span> <span class='ocrx_word' id='word_1_2' title='bbox 424 276 766 316; x_wconf 88' lang='lat' dir='ltr'><strong>EXCURSUS</strong></span> <span class='ocrx_word' id='word_1_3' title='bbox 803 277 855 315; x_wconf 88' lang='lat' dir='ltr'><strong>lx</strong></span> <span class='ocrx_word' id='word_1_4' title='bbox 910 277 985 315; x_wconf 91' lang='lat' dir='ltr'><strong>AD</strong></span> <span class='ocrx_word' id='word_1_5' title='bbox 1027 275 1464 324; x_wconf 88' lang='lat' dir='ltr'><strong>HERODOT.1V,</strong></span> <span class='ocrx_word' id='word_1_6' title='bbox 1494 275 1560 318; x_wconf 81' lang='lat'><strong>42.</strong></span> 
     </span>
    </p>
   </div>
   <div class='ocr_carea' id='block_1_2' title="bbox 231 387 1748 1585">
    <p class='ocr_par' dir='ltr' id='par_1_2' title="bbox 231 387 1748 1585">
     <span class='ocr_line' id='line_1_2' title="bbox 232 387 1744 442; baseline -0.001 -15"><span class='ocrx_word' id='word_1_7' title='bbox 232 390 395 427; x_wconf 88' lang='lat' dir='ltr'><strong>dimenta</strong></span> <span class='ocrx_word' id='word_1_8' title='bbox 415 389 547 428; x_wconf 85' lang='lat' dir='ltr'><strong>afferre</strong></span> <span class='ocrx_word' id='word_1_9' title='bbox 567 392 729 442; x_wconf 86' lang='lat' dir='ltr'><strong>potuisse</strong></span> <span class='ocrx_word' id='word_1_10' title='bbox 750 394 862 439; x_wconf 82' lang='lat' dir='ltr'><strong>negat</strong></span> <span class='ocrx_word' id='word_1_11' title='bbox 890 389 937 435; x_wconf 90' lang='lat' dir='ltr'><strong>(l.</strong></span> <span class='ocrx_word' id='word_1_12' title='bbox 957 387 978 423; x_wconf 91' lang='lat' dir='ltr'><strong>l.</strong></span> <span class='ocrx_word' id='word_1_13' title='bbox 1003 398 1087 436; x_wconf 88' lang='lat' dir='ltr'><strong>pag.</strong></span> <span class='ocrx_word' id='word_1_14' title='bbox 1109 389 1191 428; x_wconf 86' lang='lat'><strong>696</strong></span> <span class='ocrx_word' id='word_1_15' title='bbox 1207 409 1246 414; x_wconf 94' lang='lat'><strong>—</strong></span> <span class='ocrx_word' id='word_1_16' title='bbox 1270 389 1381 435; x_wconf 83' lang='lat'>701)</span> <span class='ocrx_word' id='word_1_17' title='bbox 1404 388 1576 437; x_wconf 79' lang='lat' dir='ltr'><strong>idemque</strong></span> <span class='ocrx_word' id='word_1_18' title='bbox 1601 388 1744 427; x_wconf 86' lang='lat' dir='ltr'><strong>navium</strong></span> 
     </span>
     <span class='ocr_line' id='line_1_3' title="bbox 231 455 1743 507; baseline 0.001 -15"><span class='ocrx_word' id='word_1_19' title='bbox 231 457 306 495; x_wconf 86' lang='lat' dir='ltr'><strong>vult</strong></span> <span class='ocrx_word' id='word_1_20' title='bbox 360 457 485 495; x_wconf 84' lang='lat' dir='ltr'><strong>haberi</strong></span> <span class='ocrx_word' id='word_1_21' title='bbox 524 459 702 497; x_wconf 80' lang='lat' dir='ltr'><strong>rationem</strong></span> <span class='ocrx_word' id='word_1_22' title='bbox 723 460 784 507; x_wconf 82' lang='lat'><strong>*),</strong></span> <span class='ocrx_word' id='word_1_23' title='bbox 822 456 953 504; x_wconf 89' lang='lat' dir='ltr'><strong>quibus</strong></span> <span class='ocrx_word' id='word_1_24' title='bbox 982 457 1121 490; x_wconf 86' lang='lat' dir='ltr'><strong>veteres</strong></span> <span class='ocrx_word' id='word_1_25' title='bbox 1146 455 1200 491; x_wconf 90' lang='lat' dir='ltr'><strong>usi</strong></span> <span class='ocrx_word' id='word_1_26' title='bbox 1229 455 1330 501; x_wconf 84' lang='lat' dir='ltr'><strong>sint,</strong></span> <span class='ocrx_word' id='word_1_27' title='bbox 1367 455 1481 492; x_wconf 88' lang='lat' dir='ltr'><strong>multo</strong></span> <span class='ocrx_word' id='word_1_28' title='bbox 1503 455 1572 493; x_wconf 89' lang='lat' dir='ltr'><strong>illis</strong></span> <span class='ocrx_word' id='word_1_29' title='bbox 1596 456 1743 506; x_wconf 85' lang='lat' dir='ltr'><strong>quidem</strong></span> 
     </span>
     <span class='ocr_line' id='line_1_4' title="bbox 231 518 1745 574; baseline -0.001 -11"><span class='ocrx_word' id='word_1_30' title='bbox 231 524 455 563; x_wconf 83' lang='lat' dir='ltr'>facilioribus</span> <span class='ocrx_word' id='word_1_31' title='bbox 476 530 512 564; x_wconf 90' lang='lat' dir='ltr'><strong>et</strong></span> <span class='ocrx_word' id='word_1_32' title='bbox 532 527 580 563; x_wconf 89' lang='lat' dir='ltr'><strong>ad</strong></span> <span class='ocrx_word' id='word_1_33' title='bbox 613 525 882 573; x_wconf 84' lang='lat' dir='ltr'><strong>navigationem</strong></span> <span class='ocrx_word' id='word_1_34' title='bbox 912 521 1108 557; x_wconf 91' lang='lat' dir='ltr'><strong>secundum</strong></span> <span class='ocrx_word' id='word_1_35' title='bbox 1135 518 1240 557; x_wconf 88' lang='lat' dir='ltr'><strong>litora</strong></span> <span class='ocrx_word' id='word_1_36' title='bbox 1263 521 1523 560; x_wconf 83' lang='lat' dir='ltr'><strong>instituendam</strong></span> <span class='ocrx_word' id='word_1_37' title='bbox 1545 524 1745 574; x_wconf 84' lang='lat' dir='ltr'>aptioribus</span> 
     </span>
     <span class='ocr_line' id='line_1_5' title="bbox 233 586 1747 643; baseline -0.001 -14"><span class='ocrx_word' id='word_1_38' title='bbox 233 593 394 642; x_wconf 83' lang='lat' dir='ltr'>indeque</span> <span class='ocrx_word' id='word_1_39' title='bbox 417 593 534 631; x_wconf 89' lang='lat' dir='ltr'><strong>minus</strong></span> <span class='ocrx_word' id='word_1_40' title='bbox 557 592 729 643; x_wconf 85' lang='lat' dir='ltr'><strong>expositis</strong></span> <span class='ocrx_word' id='word_1_41' title='bbox 756 586 916 640; x_wconf 89' lang='lat' dir='ltr'><strong>periculo</strong></span> <span class='ocrx_word' id='word_1_42' title='bbox 945 588 992 624; x_wconf 87' lang='lat' dir='ltr'><strong>ab</strong></span> <span class='ocrx_word' id='word_1_43' title='bbox 1022 588 1118 624; x_wconf 92' lang='lat' dir='ltr'><strong>omni</strong></span> <span class='ocrx_word' id='word_1_44' title='bbox 1143 593 1329 626; x_wconf 85' lang='lat' dir='ltr'><strong>ventorum</strong></span> <span class='ocrx_word' id='word_1_45' title='bbox 1356 590 1390 626; x_wconf 90' lang='lat' dir='ltr'><strong>vi</strong></span> <span class='ocrx_word' id='word_1_46' title='bbox 1418 592 1637 630; x_wconf 77' lang='lat' dir='ltr'><strong>fluctuumve</strong></span> <span class='ocrx_word' id='word_1_47' title='bbox 1660 604 1747 642; x_wconf 88' lang='lat' dir='ltr'><strong>pro-</strong></span> 
     </span>
     <span class='ocr_line' id='line_1_6' title="bbox 233 655 1745 710; baseline -0.001 -13"><span class='ocrx_word' id='word_1_48' title='bbox 233 659 474 710; x_wconf 84' lang='lat' dir='ltr'><strong>cellarumque</strong></span> <span class='ocrx_word' id='word_1_49' title='bbox 490 659 672 697; x_wconf 82' lang='lat' dir='ltr'><strong>violentia.</strong></span> <span class='ocrx_word' id='word_1_50' title='bbox 731 655 784 693; x_wconf 84' lang='lat' dir='ltr'><strong>Ac</strong></span> <span class='ocrx_word' id='word_1_51' title='bbox 804 660 995 706; x_wconf 87' lang='lat' dir='ltr'><strong>praeterea</strong></span> <span class='ocrx_word' id='word_1_52' title='bbox 1023 656 1222 694; x_wconf 88' lang='lat' dir='ltr'><strong>tenendum</strong></span> <span class='ocrx_word' id='word_1_53' title='bbox 1245 661 1320 703; x_wconf 89' lang='lat' dir='ltr'><strong>est,</strong></span> <span class='ocrx_word' id='word_1_54' title='bbox 1354 657 1577 706; x_wconf 84' lang='lat' dir='ltr'>Phoenices,</span> <span class='ocrx_word' id='word_1_55' title='bbox 1606 659 1745 709; x_wconf 87' lang='lat' dir='ltr'><strong>quippe</strong></span> 
     </span>
     <span class='ocr_line' id='line_1_7' title="bbox 233 723 1746 776; baseline -0.001 -12"><span class='ocrx_word' id='word_1_56' title='bbox 233 732 398 766; x_wconf 89' lang='lat' dir='ltr'><strong>assuetos</strong></span> <span class='ocrx_word' id='word_1_57' title='bbox 417 728 450 764; x_wconf 88' lang='lat' dir='ltr'><strong>ei</strong></span> <span class='ocrx_word' id='word_1_58' title='bbox 468 725 713 774; x_wconf 85' lang='lat' dir='ltr'><strong>navigationis</strong></span> <span class='ocrx_word' id='word_1_59' title='bbox 734 724 881 771; x_wconf 83' lang='lat' dir='ltr'><strong>rationi,</strong></span> <span class='ocrx_word' id='word_1_60' title='bbox 911 736 1007 773; x_wconf 89' lang='lat' dir='ltr'><strong>quae</strong></span> <span class='ocrx_word' id='word_1_61' title='bbox 1027 723 1131 760; x_wconf 87' lang='lat' dir='ltr'><strong>litora</strong></span> <span class='ocrx_word' id='word_1_62' title='bbox 1147 725 1373 774; x_wconf 89' lang='lat' dir='ltr'><strong>potissimum</strong></span> <span class='ocrx_word' id='word_1_63' title='bbox 1391 727 1556 776; x_wconf 89' lang='lat' dir='ltr'><strong>sequitur</strong></span> <span class='ocrx_word' id='word_1_64' title='bbox 1573 738 1617 764; x_wconf 91' lang='lat' dir='ltr'><strong>ac</strong></span> <span class='ocrx_word' id='word_1_65' title='bbox 1632 730 1746 773; x_wconf 87' lang='lat' dir='ltr'><strong>tenet,</strong></span> 
     </span>
     <span class='ocr_line' id='line_1_8' title="bbox 233 791 1747 845; baseline -0.002 -12"><span class='ocrx_word' id='word_1_66' title='bbox 233 807 277 833; x_wconf 86' lang='lat' dir='ltr'><strong>ex</strong></span> <span class='ocrx_word' id='word_1_67' title='bbox 298 808 342 833; x_wconf 92' lang='lat' dir='ltr'><strong>eo</strong></span> <span class='ocrx_word' id='word_1_68' title='bbox 366 796 444 845; x_wconf 91' lang='lat' dir='ltr'><strong>ipso</strong></span> <span class='ocrx_word' id='word_1_69' title='bbox 465 794 502 829; x_wconf 88' lang='lat' dir='ltr'><strong>in</strong></span> <span class='ocrx_word' id='word_1_70' title='bbox 519 793 716 841; x_wconf 87' lang='lat' dir='ltr'><strong>navigandi</strong></span> <span class='ocrx_word' id='word_1_71' title='bbox 743 796 823 830; x_wconf 90' lang='lat' dir='ltr'><strong>arte</strong></span> <span class='ocrx_word' id='word_1_72' title='bbox 843 791 1002 841; x_wconf 83' lang='lat' dir='ltr'><strong>ipsisque</strong></span> <span class='ocrx_word' id='word_1_73' title='bbox 1023 791 1117 828; x_wconf 85' lang='lat' dir='ltr'><strong>adeo</strong></span> <span class='ocrx_word' id='word_1_74' title='bbox 1137 791 1306 841; x_wconf 88' lang='lat' dir='ltr'><strong>periculis</strong></span> <span class='ocrx_word' id='word_1_75' title='bbox 1325 794 1547 831; x_wconf 83' lang='lat' dir='ltr'><strong>sustinendis</strong></span> <span class='ocrx_word' id='word_1_76' title='bbox 1568 794 1747 831; x_wconf 86' lang='lat' dir='ltr'><strong>versatio-</strong></span> 
     </span>
     <span class='ocr_line' id='line_1_9' title="bbox 235 857 1746 911; baseline 0 -13"><span class='ocrx_word' id='word_1_77' title='bbox 235 875 292 900; x_wconf 90' lang='lat' dir='ltr'><strong>res</strong></span> <span class='ocrx_word' id='word_1_78' title='bbox 311 874 391 899; x_wconf 88' lang='lat' dir='ltr'><strong>esse</strong></span> <span class='ocrx_word' id='word_1_79' title='bbox 414 862 552 906; x_wconf 78' lang='lat' dir='ltr'><strong>saetos3</strong></span> <span class='ocrx_word' id='word_1_80' title='bbox 582 860 679 897; x_wconf 91' lang='lat' dir='ltr'><strong>unde</strong></span> <span class='ocrx_word' id='word_1_81' title='bbox 697 872 846 909; x_wconf 89' lang='lat' dir='ltr'><strong>quoque</strong></span> <span class='ocrx_word' id='word_1_82' title='bbox 865 857 1142 908; x_wconf 85' lang='lat' dir='ltr'><strong>explicandum,</strong></span> <span class='ocrx_word' id='word_1_83' title='bbox 1181 872 1244 896; x_wconf 90' lang='lat' dir='ltr'><strong>cur</strong></span> <span class='ocrx_word' id='word_1_84' title='bbox 1263 859 1434 911; x_wconf 87' lang='lat' dir='ltr'><strong>Europae</strong></span> <span class='ocrx_word' id='word_1_85' title='bbox 1458 861 1563 898; x_wconf 84' lang='lat' dir='ltr'><strong>litora</strong></span> <span class='ocrx_word' id='word_1_86' title='bbox 1589 860 1746 910; x_wconf 86' lang='lat' dir='ltr'><strong>legendo</strong></span> 
     </span>
     <span class='ocr_line' id='line_1_10' title="bbox 235 925 1746 978; baseline 0 -12"><span class='ocrx_word' id='word_1_87' title='bbox 235 930 283 966; x_wconf 88' lang='lat' dir='ltr'><strong>ad</strong></span> <span class='ocrx_word' id='word_1_88' title='bbox 303 927 526 965; x_wconf 88' lang='lat' dir='ltr'><strong>Britanniam</strong></span> <span class='ocrx_word' id='word_1_89' title='bbox 552 939 670 976; x_wconf 89' lang='lat' dir='ltr'><strong>usque</strong></span> <span class='ocrx_word' id='word_1_90' title='bbox 689 927 892 976; x_wconf 88' lang='lat' dir='ltr'><strong>Balticique</strong></span> <span class='ocrx_word' id='word_1_91' title='bbox 923 925 1032 962; x_wconf 87' lang='lat' dir='ltr'><strong>maris</strong></span> <span class='ocrx_word' id='word_1_92' title='bbox 1057 937 1139 963; x_wconf 88' lang='lat' dir='ltr'><strong>oras</strong></span> <span class='ocrx_word' id='word_1_93' title='bbox 1159 929 1401 977; x_wconf 66' lang='lat' dir='ltr'><strong>pervenerint.</strong></span> <span class='ocrx_word' id='word_1_94' title='bbox 1458 928 1602 978; x_wconf 83' lang='lat' dir='ltr'><strong>Libyae</strong></span> <span class='ocrx_word' id='word_1_95' title='bbox 1623 933 1746 966; x_wconf 90' lang='lat' dir='ltr'><strong>autem</strong></span> 
     </span>
     <span class='ocr_line' id='line_1_11' title="bbox 235 993 1745 1045; baseline 0.001 -14"><span class='ocrx_word' id='word_1_96' title='bbox 235 1007 335 1031; x_wconf 89' lang='lat' dir='ltr'><strong>oram</strong></span> <span class='ocrx_word' id='word_1_97' title='bbox 361 1006 405 1031; x_wconf 81' lang='lat' dir='ltr'><strong>ex</strong></span> <span class='ocrx_word' id='word_1_98' title='bbox 431 998 538 1045; x_wconf 90' lang='lat' dir='ltr'><strong>parte</strong></span> <span class='ocrx_word' id='word_1_99' title='bbox 567 995 714 1044; x_wconf 88' lang='lat' dir='ltr'><strong>quidem</strong></span> <span class='ocrx_word' id='word_1_100' title='bbox 736 995 807 1031; x_wconf 87' lang='lat' dir='ltr'><strong>iam</strong></span> <span class='ocrx_word' id='word_1_101' title='bbox 826 993 1030 1031; x_wconf 85' lang='lat' dir='ltr'><strong>Salomonis</strong></span> <span class='ocrx_word' id='word_1_102' title='bbox 1057 993 1143 1031; x_wconf 87' lang='lat' dir='ltr'><strong>inde</strong></span> <span class='ocrx_word' id='word_1_103' title='bbox 1173 994 1220 1032; x_wconf 89' lang='lat' dir='ltr'><strong>ab</strong></span> <span class='ocrx_word' id='word_1_104' title='bbox 1245 1000 1367 1033; x_wconf 88' lang='lat' dir='ltr'><strong>aetate</strong></span> <span class='ocrx_word' id='word_1_105' title='bbox 1389 1009 1452 1034; x_wconf 94' lang='lat' dir='ltr'><strong>eos</strong></span> <span class='ocrx_word' id='word_1_106' title='bbox 1477 997 1661 1045; x_wconf 82' lang='lat' dir='ltr'><strong>cognitam</strong></span> <span class='ocrx_word' id='word_1_107' title='bbox 1679 995 1745 1032; x_wconf 89' lang='lat' dir='ltr'><strong>ha-</strong></span> 
     </span>
     <span class='ocr_line' id='line_1_12' title="bbox 234 1059 1747 1112; baseline 0.001 -14"><span class='ocrx_word' id='word_1_108' title='bbox 234 1063 355 1099; x_wconf 89' lang='lat' dir='ltr'><strong>buisse</strong></span> <span class='ocrx_word' id='word_1_109' title='bbox 375 1062 565 1108; x_wconf 81' lang='lat' dir='ltr'><strong>novimus3</strong></span> <span class='ocrx_word' id='word_1_110' title='bbox 601 1074 711 1111; x_wconf 91' lang='lat' dir='ltr'><strong>quam</strong></span> <span class='ocrx_word' id='word_1_111' title='bbox 733 1062 801 1098; x_wconf 87' lang='lat' dir='ltr'><strong>nisi</strong></span> <span class='ocrx_word' id='word_1_112' title='bbox 824 1061 1107 1110; x_wconf 83' lang='lat' dir='ltr'><strong>cognovissent,</strong></span> <span class='ocrx_word' id='word_1_113' title='bbox 1149 1063 1314 1112; x_wconf 88' lang='lat' dir='ltr'><strong>profecto</strong></span> <span class='ocrx_word' id='word_1_114' title='bbox 1335 1064 1372 1100; x_wconf 91' lang='lat' dir='ltr'><strong>in</strong></span> <span class='ocrx_word' id='word_1_115' title='bbox 1393 1076 1473 1101; x_wconf 87' lang='lat' dir='ltr'><strong>eam</strong></span> <span class='ocrx_word' id='word_1_116' title='bbox 1496 1059 1654 1102; x_wconf 88' lang='lat' dir='ltr'><strong>incidere</strong></span> <span class='ocrx_word' id='word_1_117' title='bbox 1671 1075 1747 1100; x_wconf 91' lang='lat' dir='ltr'><strong>non</strong></span> 
     </span>
     <span class='ocr_line' id='line_1_13' title="bbox 234 1125 1748 1181; baseline 0.002 -15"><span class='ocrx_word' id='word_1_118' title='bbox 234 1129 442 1180; x_wconf 90' lang='lat' dir='ltr'><strong>potuissent</strong></span> <span class='ocrx_word' id='word_1_119' title='bbox 468 1125 747 1178; x_wconf 76' lang='lat' dir='ltr'><strong>cogitationem,</strong></span> <span class='ocrx_word' id='word_1_120' title='bbox 789 1134 830 1166; x_wconf 93' lang='lat' dir='ltr'><strong>ut</strong></span> <span class='ocrx_word' id='word_1_121' title='bbox 851 1142 971 1167; x_wconf 88' lang='lat' dir='ltr'><strong>serere</strong></span> <span class='ocrx_word' id='word_1_122' title='bbox 992 1142 1221 1179; x_wconf 90' lang='lat' dir='ltr'><strong>messemque</strong></span> <span class='ocrx_word' id='word_1_123' title='bbox 1249 1130 1369 1174; x_wconf 84' lang='lat' dir='ltr'><strong>facere</strong></span> <span class='ocrx_word' id='word_1_124' title='bbox 1390 1132 1428 1167; x_wconf 91' lang='lat' dir='ltr'><strong>in</strong></span> <span class='ocrx_word' id='word_1_125' title='bbox 1455 1130 1510 1167; x_wconf 90' lang='lat' dir='ltr'><strong>his</strong></span> <span class='ocrx_word' id='word_1_126' title='bbox 1539 1131 1748 1181; x_wconf 85' lang='lat' dir='ltr'><strong>regionibus</strong></span> 
     </span>
     <span class='ocr_line' id='line_1_14' title="bbox 233 1196 1748 1248; baseline 0.001 -14"><span class='ocrx_word' id='word_1_127' title='bbox 233 1198 479 1235; x_wconf 83' lang='lat' dir='ltr'><strong>instituerent.</strong></span> <span class='ocrx_word' id='word_1_128' title='bbox 549 1197 648 1241; x_wconf 86' lang='lat' dir='ltr'><strong>Quin</strong></span> <span class='ocrx_word' id='word_1_129' title='bbox 685 1197 761 1248; x_wconf 30' lang='lat' dir='ltr'><strong>hac·</strong></span> <span class='ocrx_word' id='word_1_130' title='bbox 783 1197 861 1247; x_wconf 72' lang='lat' dir='ltr'><strong>ipsa</strong></span> <span class='ocrx_word' id='word_1_131' title='bbox 895 1196 1058 1246; x_wconf 86' lang='lat' dir='ltr'><strong>Libycae</strong></span> <span class='ocrx_word' id='word_1_132' title='bbox 1087 1210 1173 1235; x_wconf 92' lang='lat' dir='ltr'><strong>orae</strong></span> <span class='ocrx_word' id='word_1_133' title='bbox 1202 1199 1333 1236; x_wconf 87' lang='lat' dir='ltr'><strong>notitia</strong></span> <span class='ocrx_word' id='word_1_134' title='bbox 1364 1211 1427 1236; x_wconf 90' lang='lat' dir='ltr'><strong>eos</strong></span> <span class='ocrx_word' id='word_1_135' title='bbox 1461 1199 1630 1235; x_wconf 88' lang='lat' dir='ltr'><strong>incitatos</strong></span> <span class='ocrx_word' id='word_1_136' title='bbox 1665 1210 1748 1236; x_wconf 89' lang='lat' dir='ltr'><strong>esse</strong></span> 
     </span>
     <span class='ocr_line' id='line_1_15' title="bbox 233 1264 1745 1316; baseline 0.001 -15"><span class='ocrx_word' id='word_1_137' title='bbox 233 1268 340 1315; x_wconf 92' lang='lat' dir='ltr'><strong>putat</strong></span> <span class='ocrx_word' id='word_1_138' title='bbox 362 1264 518 1303; x_wconf 89' lang='lat' dir='ltr'><strong>Rennel.</strong></span> <span class='ocrx_word' id='word_1_139' title='bbox 538 1264 562 1301; x_wconf 91' lang='lat' dir='ltr'><strong>l.</strong></span> <span class='ocrx_word' id='word_1_140' title='bbox 583 1264 608 1302; x_wconf 93' lang='lat' dir='ltr'><strong>l.</strong></span> <span class='ocrx_word' id='word_1_141' title='bbox 627 1277 713 1316; x_wconf 85' lang='lat' dir='ltr'><strong>pag.</strong></span> <span class='ocrx_word' id='word_1_142' title='bbox 735 1267 840 1312; x_wconf 84' lang='lat'><strong>689,</strong></span> <span class='ocrx_word' id='word_1_143' title='bbox 880 1265 928 1303; x_wconf 87' lang='lat' dir='ltr'><strong>ad</strong></span> <span class='ocrx_word' id='word_1_144' title='bbox 957 1265 1065 1303; x_wconf 83' lang='lat' dir='ltr'><strong>talem</strong></span> <span class='ocrx_word' id='word_1_145' title='bbox 1095 1266 1366 1316; x_wconf 81' lang='lat' dir='ltr'><strong>expeditionem</strong></span> <span class='ocrx_word' id='word_1_146' title='bbox 1395 1265 1661 1316; x_wconf 84' lang='lat' dir='ltr'><strong>suscipiendam</strong></span> <span class='ocrx_word' id='word_1_147' title='bbox 1686 1278 1745 1303; x_wconf 91' lang='lat' dir='ltr'><strong>re-</strong></span> 
     </span>
     <span class='ocr_line' id='line_1_16' title="bbox 234 1332 1744 1383; baseline 0.001 -15"><span class='ocrx_word' id='word_1_148' title='bbox 234 1332 436 1381; x_wconf 89' lang='lat' dir='ltr'><strong>gionesque</strong></span> <span class='ocrx_word' id='word_1_149' title='bbox 459 1332 607 1370; x_wconf 89' lang='lat' dir='ltr'><strong>ulterius</strong></span> <span class='ocrx_word' id='word_1_150' title='bbox 627 1334 714 1370; x_wconf 89' lang='lat' dir='ltr'><strong>sitas</strong></span> <span class='ocrx_word' id='word_1_151' title='bbox 730 1334 1027 1383; x_wconf 71' lang='lat' dir='ltr'><strong>cognoscendas-3</strong></span> <span class='ocrx_word' id='word_1_152' title='bbox 1056 1346 1129 1382; x_wconf 92' lang='lat' dir='ltr'><strong>quo</strong></span> <span class='ocrx_word' id='word_1_153' title='bbox 1150 1335 1279 1371; x_wconf 90' lang='lat' dir='ltr'><strong>eodem</strong></span> <span class='ocrx_word' id='word_1_154' title='bbox 1302 1333 1412 1370; x_wconf 90' lang='lat' dir='ltr'><strong>modo</strong></span> <span class='ocrx_word' id='word_1_155' title='bbox 1428 1332 1627 1371; x_wconf 88' lang='lat' dir='ltr'><strong>Lusitanos</strong></span> <span class='ocrx_word' id='word_1_156' title='bbox 1652 1345 1744 1370; x_wconf 84' lang='lat' dir='ltr'><strong>nau-</strong></span> 
     </span>
     <span class='ocr_line' id='line_1_17' title="bbox 234 1399 1748 1451; baseline -0.001 -14"><span class='ocrx_word' id='word_1_157' title='bbox 234 1404 290 1437; x_wconf 91' lang='lat' dir='ltr'><strong>tas</strong></span> <span class='ocrx_word' id='word_1_158' title='bbox 318 1400 461 1438; x_wconf 88' lang='lat' dir='ltr'><strong>saeculo</strong></span> <span class='ocrx_word' id='word_1_159' title='bbox 489 1402 630 1438; x_wconf 84' lang='lat' dir='ltr'><strong>decimo</strong></span> <span class='ocrx_word' id='word_1_160' title='bbox 660 1402 787 1451; x_wconf 92' lang='lat' dir='ltr'><strong>quinto</strong></span> <span class='ocrx_word' id='word_1_161' title='bbox 813 1404 899 1451; x_wconf 85' lang='lat' dir='ltr'><strong>post</strong></span> <span class='ocrx_word' id='word_1_162' title='bbox 925 1400 1013 1437; x_wconf 90' lang='lat' dir='ltr'><strong>Chr.</strong></span> <span class='ocrx_word' id='word_1_163' title='bbox 1041 1413 1078 1437; x_wconf 92' lang='lat' dir='ltr'><strong>n.</strong></span> <span class='ocrx_word' id='word_1_164' title='bbox 1112 1401 1289 1438; x_wconf 84' lang='lat' dir='ltr'><strong>excitatos</strong></span> <span class='ocrx_word' id='word_1_165' title='bbox 1320 1413 1402 1438; x_wconf 91' lang='lat' dir='ltr'><strong>esse</strong></span> <span class='ocrx_word' id='word_1_166' title='bbox 1430 1400 1612 1438; x_wconf 90' lang='lat' dir='ltr'><strong>neminem</strong></span> <span class='ocrx_word' id='word_1_167' title='bbox 1644 1399 1748 1449; x_wconf 88' lang='lat' dir='ltr'><strong>sugit.</strong></span> 
     </span>
     <span class='ocr_line' id='line_1_18' title="bbox 234 1467 1745 1506; baseline -0.001 -1"><span class='ocrx_word' id='word_1_168' title='bbox 234 1467 316 1506; x_wconf 88' lang='lat' dir='ltr'><strong>Nec</strong></span> <span class='ocrx_word' id='word_1_169' title='bbox 336 1469 454 1506; x_wconf 92' lang='lat' dir='ltr'><strong>minus</strong></span> <span class='ocrx_word' id='word_1_170' title='bbox 471 1473 662 1506; x_wconf 88' lang='lat' dir='ltr'><strong>ventorum</strong></span> <span class='ocrx_word' id='word_1_171' title='bbox 691 1469 885 1506; x_wconf 83' lang='lat' dir='ltr'><strong>etesiarum</strong></span> <span class='ocrx_word' id='word_1_172' title='bbox 904 1468 1143 1506; x_wconf 88' lang='lat' dir='ltr'><strong>directionem</strong></span> <span class='ocrx_word' id='word_1_173' title='bbox 1173 1480 1215 1504; x_wconf 91' lang='lat' dir='ltr'><strong>ac</strong></span> <span class='ocrx_word' id='word_1_174' title='bbox 1233 1469 1407 1504; x_wconf 86' lang='lat' dir='ltr'><strong>fluctuum</strong></span> <span class='ocrx_word' id='word_1_175' title='bbox 1428 1480 1569 1505; x_wconf 88' lang='lat' dir='ltr'><strong>cursum</strong></span> <span class='ocrx_word' id='word_1_176' title='bbox 1587 1467 1745 1506; x_wconf 90' lang='lat' dir='ltr'><strong>Phoeni-</strong></span> 
     </span>
     <span class='ocr_line' id='line_1_19' title="bbox 236 1535 1745 1585; baseline -0.001 -13"><span class='ocrx_word' id='word_1_177' title='bbox 236 1547 295 1572; x_wconf 89' lang='lat' dir='ltr'><strong>ces</strong></span> <span class='ocrx_word' id='word_1_178' title='bbox 316 1536 460 1574; x_wconf 88' lang='lat' dir='ltr'><strong>novisse</strong></span> <span class='ocrx_word' id='word_1_179' title='bbox 481 1540 620 1573; x_wconf 87' lang='lat' dir='ltr'><strong>statuas</strong></span> <span class='ocrx_word' id='word_1_180' title='bbox 640 1548 788 1574; x_wconf 86' lang='lat' dir='ltr'><strong>necesse</strong></span> <span class='ocrx_word' id='word_1_181' title='bbox 807 1540 886 1584; x_wconf 88' lang='lat' dir='ltr'><strong>est,</strong></span> <span class='ocrx_word' id='word_1_182' title='bbox 920 1537 981 1585; x_wconf 91' lang='lat' dir='ltr'><strong>qui</strong></span> <span class='ocrx_word' id='word_1_183' title='bbox 1008 1536 1116 1572; x_wconf 88' lang='lat' dir='ltr'><strong>maris</strong></span> <span class='ocrx_word' id='word_1_184' title='bbox 1137 1535 1204 1572; x_wconf 87' lang='lat' dir='ltr'><strong>hae</strong></span> <span class='ocrx_word' id='word_1_185' title='bbox 1233 1535 1456 1585; x_wconf 86' lang='lat' dir='ltr'><strong>experientia</strong></span> <span class='ocrx_word' id='word_1_186' title='bbox 1483 1536 1567 1573; x_wconf 86' lang='lat' dir='ltr'><strong>freti</strong></span> <span class='ocrx_word' id='word_1_187' title='bbox 1586 1535 1745 1572; x_wconf 85' lang='lat' dir='ltr'><strong>Africam</strong></span> 
     </span>
    </p>
   </div>
   <div class='ocr_carea' id='block_1_3' title="bbox 175 1602 1747 1653">
    <p class='ocr_par' dir='ltr' id='par_1_3' title="bbox 175 1602 1747 1653">
     <span class='ocr_line' id='line_1_20' title="bbox 175 1602 1747 1653; baseline 0 -15"><span class='ocrx_word' id='word_1_188' title='bbox 175 1606 181 1611; x_wconf 91' lang='lat'>&#39;</span> <span class='ocrx_word' id='word_1_189' title='bbox 196 1604 200 1608; x_wconf 79' lang='grc'><strong>”</strong></span> <span class='ocrx_word' id='word_1_190' title='bbox 238 1602 568 1651; x_wconf 88' lang='lat' dir='ltr'><strong>circumnavigandi</strong></span> <span class='ocrx_word' id='word_1_191' title='bbox 587 1604 795 1653; x_wconf 88' lang='lat' dir='ltr'><strong>incoeptum</strong></span> <span class='ocrx_word' id='word_1_192' title='bbox 807 1602 903 1640; x_wconf 87' lang='lat' dir='ltr'><strong>haud</strong></span> <span class='ocrx_word' id='word_1_193' title='bbox 921 1603 1061 1640; x_wconf 84' lang='lat' dir='ltr'><strong>irritum</strong></span> <span class='ocrx_word' id='word_1_194' title='bbox 1075 1603 1154 1640; x_wconf 85' lang='lat' dir='ltr'><strong>fore</strong></span> <span class='ocrx_word' id='word_1_195' title='bbox 1174 1602 1272 1640; x_wconf 90' lang='lat' dir='ltr'><strong>haud</strong></span> <span class='ocrx_word' id='word_1_196' title='bbox 1289 1603 1362 1639; x_wconf 89' lang='lat' dir='ltr'><strong>scio</strong></span> <span class='ocrx_word' id='word_1_197' title='bbox 1379 1615 1426 1639; x_wconf 88' lang='lat' dir='ltr'><strong>an</strong></span> <span class='ocrx_word' id='word_1_198' title='bbox 1445 1603 1578 1640; x_wconf 88' lang='lat' dir='ltr'><strong>suerint</strong></span> <span class='ocrx_word' id='word_1_199' title='bbox 1593 1602 1747 1640; x_wconf 86' lang='lat' dir='ltr'><strong>arbitra-</strong></span> 
     </span>
    </p>
   </div>
   <div class='ocr_carea' id='block_1_4' title="bbox 234 1669 1748 2736">
    <p class='ocr_par' dir='ltr' id='par_1_4' title="bbox 234 1669 1748 2195">
     <span class='ocr_line' id='line_1_21' title="bbox 239 1669 1745 1722; baseline 0.001 -16"><span class='ocrx_word' id='word_1_200' title='bbox 239 1670 279 1706; x_wconf 86' lang='lat' dir='ltr'><strong>ti.</strong></span> <span class='ocrx_word' id='word_1_201' title='bbox 309 1670 364 1707; x_wconf 91' lang='lat' dir='ltr'><strong>Cf.</strong></span> <span class='ocrx_word' id='word_1_202' title='bbox 379 1671 492 1708; x_wconf 87' lang='lat' dir='ltr'><strong>Koes.</strong></span> <span class='ocrx_word' id='word_1_203' title='bbox 506 1670 528 1709; x_wconf 84' lang='lat' dir='ltr'><strong>l.</strong></span> <span class='ocrx_word' id='word_1_204' title='bbox 551 1671 572 1707; x_wconf 94' lang='lat' dir='ltr'><strong>l.</strong></span> <span class='ocrx_word' id='word_1_205' title='bbox 590 1684 626 1722; x_wconf 87' lang='lat' dir='ltr'><strong>p.</strong></span> <span class='ocrx_word' id='word_1_206' title='bbox 646 1673 709 1712; x_wconf 84' lang='lat'><strong>1&#39;6.</strong></span> <span class='ocrx_word' id='word_1_207' title='bbox 732 1673 795 1711; x_wconf 88' lang='lat'><strong>17.</strong></span> <span class='ocrx_word' id='word_1_208' title='bbox 824 1669 888 1718; x_wconf 93' lang='lat' dir='ltr'><strong>Ac,</strong></span> <span class='ocrx_word' id='word_1_209' title='bbox 918 1682 965 1708; x_wconf 87' lang='lat' dir='ltr'><strong>ne</strong></span> <span class='ocrx_word' id='word_1_210' title='bbox 982 1670 1072 1720; x_wconf 91' lang='lat' dir='ltr'><strong>quid</strong></span> <span class='ocrx_word' id='word_1_211' title='bbox 1090 1670 1270 1719; x_wconf 84' lang='lat' dir='ltr'><strong>omittam,</strong></span> <span class='ocrx_word' id='word_1_212' title='bbox 1298 1669 1457 1707; x_wconf 83' lang='lat' dir='ltr'><strong>Africam</strong></span> <span class='ocrx_word' id='word_1_213' title='bbox 1476 1669 1675 1707; x_wconf 86' lang='lat' dir='ltr'><strong>admonent</strong></span> <span class='ocrx_word' id='word_1_214' title='bbox 1686 1669 1745 1718; x_wconf 75' lang='grc'><strong>**)</strong></span> 
     </span>
     <span class='ocr_line' id='line_1_22' title="bbox 239 1736 1748 1788; baseline 0 -14"><span class='ocrx_word' id='word_1_215' title='bbox 239 1737 351 1775; x_wconf 91' lang='lat' dir='ltr'><strong>multo</strong></span> <span class='ocrx_word' id='word_1_216' title='bbox 381 1738 543 1785; x_wconf 83' lang='lat' dir='ltr'><strong>facilius,</strong></span> <span class='ocrx_word' id='word_1_217' title='bbox 589 1739 635 1776; x_wconf 89' lang='lat' dir='ltr'><strong>ab</strong></span> <span class='ocrx_word' id='word_1_218' title='bbox 659 1738 814 1776; x_wconf 90' lang='lat' dir='ltr'><strong>Arabico</strong></span> <span class='ocrx_word' id='word_1_219' title='bbox 836 1738 917 1775; x_wconf 90' lang='lat' dir='ltr'><strong>sinu</strong></span> <span class='ocrx_word' id='word_1_220' title='bbox 940 1739 968 1774; x_wconf 92' lang='lat' dir='ltr'><strong>si</strong></span> <span class='ocrx_word' id='word_1_221' title='bbox 1000 1737 1261 1788; x_wconf 79' lang='lat' dir='ltr'><strong>proficiscariS,</strong></span> <span class='ocrx_word' id='word_1_222' title='bbox 1310 1736 1606 1787; x_wconf 86' lang='lat' dir='ltr'><strong>circumnavigari</strong></span> <span class='ocrx_word' id='word_1_223' title='bbox 1638 1748 1748 1788; x_wconf 87' lang='lat' dir='ltr'><strong>posse</strong></span> 
     </span>
     <span class='ocr_line' id='line_1_23' title="bbox 238 1804 1747 1856; baseline 0.001 -15"><span class='ocrx_word' id='word_1_224' title='bbox 238 1804 380 1855; x_wconf 89' lang='lat' dir='ltr'><strong>(prouti</strong></span> <span class='ocrx_word' id='word_1_225' title='bbox 398 1804 599 1844; x_wconf 84' lang='lat' dir='ltr'><strong>Phoenices</strong></span> <span class='ocrx_word' id='word_1_226' title='bbox 620 1806 720 1843; x_wconf 90' lang='lat' dir='ltr'><strong>iussu</strong></span> <span class='ocrx_word' id='word_1_227' title='bbox 737 1806 832 1856; x_wconf 88' lang='lat' dir='ltr'><strong>regis</strong></span> <span class='ocrx_word' id='word_1_228' title='bbox 850 1804 1024 1855; x_wconf 85' lang='lat' dir='ltr'><strong>Aegyptii</strong></span> <span class='ocrx_word' id='word_1_229' title='bbox 1045 1806 1173 1842; x_wconf 90' lang='lat' dir='ltr'><strong>secisse</strong></span> <span class='ocrx_word' id='word_1_230' title='bbox 1190 1808 1404 1851; x_wconf 87' lang='lat' dir='ltr'><strong>narrantur)</strong></span> <span class='ocrx_word' id='word_1_231' title='bbox 1426 1817 1534 1854; x_wconf 86' lang='lat' dir='ltr'><strong>quam</strong></span> <span class='ocrx_word' id='word_1_232' title='bbox 1556 1817 1578 1841; x_wconf 91' lang='lat' dir='ltr'><strong>a</strong></span> <span class='ocrx_word' id='word_1_233' title='bbox 1602 1809 1747 1842; x_wconf 86' lang='lat' dir='ltr'><strong>contra-</strong></span> 
     </span>
     <span class='ocr_line' id='line_1_24' title="bbox 234 1872 1746 1923; baseline -0.001 -13"><span class='ocrx_word' id='word_1_234' title='bbox 234 1873 291 1910; x_wconf 89' lang='lat' dir='ltr'><strong>ria</strong></span> <span class='ocrx_word' id='word_1_235' title='bbox 311 1876 435 1923; x_wconf 89' lang='lat' dir='ltr'><strong>parte,</strong></span> <span class='ocrx_word' id='word_1_236' title='bbox 472 1886 495 1910; x_wconf 88' lang='lat' dir='ltr'><strong>a</strong></span> <span class='ocrx_word' id='word_1_237' title='bbox 517 1874 607 1911; x_wconf 90' lang='lat' dir='ltr'><strong>mari</strong></span> <span class='ocrx_word' id='word_1_238' title='bbox 629 1874 896 1911; x_wconf 88' lang='lat' dir='ltr'><strong>mediterraneo</strong></span> <span class='ocrx_word' id='word_1_239' title='bbox 918 1873 1085 1910; x_wconf 86' lang='lat' dir='ltr'><strong>nimirum</strong></span> <span class='ocrx_word' id='word_1_240' title='bbox 1105 1885 1171 1923; x_wconf 89' lang='lat' dir='ltr'><strong>per</strong></span> <span class='ocrx_word' id='word_1_241' title='bbox 1195 1872 1380 1910; x_wconf 84' lang='lat' dir='ltr'><strong>columnas</strong></span> <span class='ocrx_word' id='word_1_242' title='bbox 1403 1872 1602 1910; x_wconf 83' lang='lat' dir='ltr'><strong>Herculeas</strong></span> <span class='ocrx_word' id='word_1_243' title='bbox 1629 1873 1661 1909; x_wconf 92' lang='lat' dir='ltr'><strong>si</strong></span> <span class='ocrx_word' id='word_1_244' title='bbox 1686 1873 1746 1909; x_wconf 90' lang='lat' dir='ltr'><strong>iti-</strong></span> 
     </span>
     <span class='ocr_line' id='line_1_25' title="bbox 235 1940 1747 1991; baseline 0 -14"><span class='ocrx_word' id='word_1_245' title='bbox 235 1941 332 1978; x_wconf 89' lang='lat' dir='ltr'><strong>neris</strong></span> <span class='ocrx_word' id='word_1_246' title='bbox 352 1940 496 1978; x_wconf 85' lang='lat' dir='ltr'><strong>initium</strong></span> <span class='ocrx_word' id='word_1_247' title='bbox 520 1941 648 1979; x_wconf 84' lang='lat' dir='ltr'><strong>seceris</strong></span> <span class='ocrx_word' id='word_1_248' title='bbox 658 1970 672 1988; x_wconf 93' lang='lat'><strong>,</strong></span> <span class='ocrx_word' id='word_1_249' title='bbox 701 1954 782 1979; x_wconf 91' lang='lat' dir='ltr'><strong>cum</strong></span> <span class='ocrx_word' id='word_1_250' title='bbox 802 1940 863 1978; x_wconf 90' lang='lat' dir='ltr'><strong>illa</strong></span> <span class='ocrx_word' id='word_1_251' title='bbox 881 1941 939 1978; x_wconf 69' lang='lat' dir='ltr'><strong>via</strong></span> <span class='ocrx_word' id='word_1_252' title='bbox 960 1940 1072 1978; x_wconf 86' lang='lat' dir='ltr'><strong>multa</strong></span> <span class='ocrx_word' id='word_1_253' title='bbox 1092 1952 1180 1977; x_wconf 90' lang='lat' dir='ltr'><strong>sane</strong></span> <span class='ocrx_word' id='word_1_254' title='bbox 1201 1953 1283 1977; x_wconf 83' lang='lat' dir='ltr'><strong>esse</strong></span> <span class='ocrx_word' id='word_1_255' title='bbox 1304 1940 1492 1988; x_wconf 85' lang='lat' dir='ltr'><strong>dieantur,</strong></span> <span class='ocrx_word' id='word_1_256' title='bbox 1523 1952 1617 1990; x_wconf 84' lang='lat' dir='ltr'><strong>quae</strong></span> <span class='ocrx_word' id='word_1_257' title='bbox 1635 1952 1747 1991; x_wconf 85' lang='lat' dir='ltr'><strong>expe-</strong></span> 
     </span>
     <span class='ocr_line' id='line_1_26' title="bbox 235 2008 1747 2058; baseline -0.001 -12"><span class='ocrx_word' id='word_1_258' title='bbox 235 2008 402 2046; x_wconf 88' lang='lat' dir='ltr'><strong>ditiorem</strong></span> <span class='ocrx_word' id='word_1_259' title='bbox 429 2020 473 2046; x_wconf 91' lang='lat' dir='ltr'><strong>ac</strong></span> <span class='ocrx_word' id='word_1_260' title='bbox 499 2008 695 2046; x_wconf 88' lang='lat' dir='ltr'><strong>faciliorem</strong></span> <span class='ocrx_word' id='word_1_261' title='bbox 720 2009 879 2046; x_wconf 90' lang='lat' dir='ltr'><strong>reddant</strong></span> <span class='ocrx_word' id='word_1_262' title='bbox 895 2009 1167 2058; x_wconf 88' lang='lat' dir='ltr'><strong>navigationem</strong></span> <span class='ocrx_word' id='word_1_263' title='bbox 1181 2036 1192 2055; x_wconf 89' lang='lat'><strong>,</strong></span> <span class='ocrx_word' id='word_1_264' title='bbox 1232 2012 1362 2045; x_wconf 77' lang='lat' dir='ltr'><strong>ventos</strong></span> <span class='ocrx_word' id='word_1_265' title='bbox 1381 2008 1462 2045; x_wconf 91' lang='lat' dir='ltr'><strong>dico</strong></span> <span class='ocrx_word' id='word_1_266' title='bbox 1483 2008 1587 2045; x_wconf 87' lang='lat' dir='ltr'><strong>statis</strong></span> <span class='ocrx_word' id='word_1_267' title='bbox 1606 2012 1747 2058; x_wconf 87' lang='lat' dir='ltr'><strong>tempe·</strong></span> 
     </span>
     <span class='ocr_line' id='line_1_27' title="bbox 235 2074 1746 2127; baseline -0.001 -14"><span class='ocrx_word' id='word_1_268' title='bbox 235 2076 390 2113; x_wconf 86' lang='lat' dir='ltr'><strong>statibus</strong></span> <span class='ocrx_word' id='word_1_269' title='bbox 410 2077 555 2124; x_wconf 86' lang='lat' dir='ltr'><strong>flantes,</strong></span> <span class='ocrx_word' id='word_1_270' title='bbox 582 2077 690 2113; x_wconf 90' lang='lat' dir='ltr'><strong>maris</strong></span> <span class='ocrx_word' id='word_1_271' title='bbox 708 2077 852 2125; x_wconf 85' lang='lat' dir='ltr'><strong>fluctus,</strong></span> <span class='ocrx_word' id='word_1_272' title='bbox 876 2076 934 2125; x_wconf 84' lang='lat' dir='ltr'><strong>iis,</strong></span> <span class='ocrx_word' id='word_1_273' title='bbox 953 2077 1016 2127; x_wconf 91' lang='lat' dir='ltr'><strong>qui</strong></span> <span class='ocrx_word' id='word_1_274' title='bbox 1038 2081 1151 2114; x_wconf 88' lang='lat' dir='ltr'><strong>terras</strong></span> <span class='ocrx_word' id='word_1_275' title='bbox 1167 2075 1291 2125; x_wconf 89' lang='lat' dir='ltr'><strong>legant</strong></span> <span class='ocrx_word' id='word_1_276' title='bbox 1308 2075 1517 2125; x_wconf 84' lang='lat' dir='ltr'><strong>navigando</strong></span> <span class='ocrx_word' id='word_1_277' title='bbox 1531 2105 1541 2123; x_wconf 90' lang='lat'><strong>,</strong></span> <span class='ocrx_word' id='word_1_278' title='bbox 1562 2074 1668 2113; x_wconf 86' lang='lat' dir='ltr'><strong>valde</strong></span> <span class='ocrx_word' id='word_1_279' title='bbox 1686 2086 1746 2112; x_wconf 88' lang='lat' dir='ltr'><strong>re-</strong></span> 
     </span>
     <span class='ocr_line' id='line_1_28' title="bbox 234 2141 1745 2195; baseline -0.001 -15"><span class='ocrx_word' id='word_1_280' title='bbox 234 2143 442 2195; x_wconf 89' lang='lat' dir='ltr'><strong>spiciendos</strong></span> <span class='ocrx_word' id='word_1_281' title='bbox 458 2144 618 2193; x_wconf 92' lang='lat' dir='ltr'><strong>indeque</strong></span> <span class='ocrx_word' id='word_1_282' title='bbox 629 2144 872 2182; x_wconf 88' lang='lat' dir='ltr'><strong>Phoenicibus</strong></span> <span class='ocrx_word' id='word_1_283' title='bbox 890 2144 1082 2190; x_wconf 88' lang='lat' dir='ltr'><strong>secundos,</strong></span> <span class='ocrx_word' id='word_1_284' title='bbox 1101 2143 1183 2192; x_wconf 90' lang='lat' dir='ltr'><strong>alia,</strong></span> <span class='ocrx_word' id='word_1_285' title='bbox 1199 2155 1294 2192; x_wconf 87' lang='lat' dir='ltr'><strong>quae</strong></span> <span class='ocrx_word' id='word_1_286' title='bbox 1311 2143 1368 2180; x_wconf 90' lang='lat' dir='ltr'><strong>hic</strong></span> <span class='ocrx_word' id='word_1_287' title='bbox 1386 2155 1569 2194; x_wconf 87' lang='lat' dir='ltr'><strong>exponere</strong></span> <span class='ocrx_word' id='word_1_288' title='bbox 1585 2141 1745 2192; x_wconf 87' lang='lat' dir='ltr'><strong>longum.</strong></span> 
     </span>
    </p>

    <p class='ocr_par' dir='ltr' id='par_1_5' title="bbox 239 2211 1747 2736">
     <span class='ocr_line' id='line_1_29' title="bbox 349 2211 1746 2260; baseline -0.001 -12"><span class='ocrx_word' id='word_1_289' title='bbox 349 2211 426 2249; x_wconf 86' lang='lat' dir='ltr'><strong>lam</strong></span> <span class='ocrx_word' id='word_1_290' title='bbox 452 2211 542 2249; x_wconf 89' lang='lat' dir='ltr'><strong>haec</strong></span> <span class='ocrx_word' id='word_1_291' title='bbox 563 2212 599 2248; x_wconf 90' lang='lat' dir='ltr'><strong>in</strong></span> <span class='ocrx_word' id='word_1_292' title='bbox 621 2212 824 2249; x_wconf 83' lang='lat' dir='ltr'><strong>universum</strong></span> <span class='ocrx_word' id='word_1_293' title='bbox 852 2212 991 2249; x_wconf 90' lang='lat' dir='ltr'><strong>monita</strong></span> <span class='ocrx_word' id='word_1_294' title='bbox 1016 2211 1221 2258; x_wconf 84' lang='lat' dir='ltr'><strong>sufficiant3</strong></span> <span class='ocrx_word' id='word_1_295' title='bbox 1259 2211 1391 2260; x_wconf 90' lang='lat' dir='ltr'><strong>quibus</strong></span> <span class='ocrx_word' id='word_1_296' title='bbox 1411 2211 1614 2257; x_wconf 88' lang='lat' dir='ltr'><strong>addantur,</strong></span> <span class='ocrx_word' id='word_1_297' title='bbox 1651 2221 1746 2259; x_wconf 84' lang='lat' dir='ltr'><strong>quae</strong></span> 
     </span>
     <span class='ocr_line' id='line_1_30' title="bbox 239 2277 1747 2331; baseline -0.001 -15"><span class='ocrx_word' id='word_1_298' title='bbox 239 2281 276 2316; x_wconf 89' lang='lat' dir='ltr'><strong>in</strong></span> <span class='ocrx_word' id='word_1_299' title='bbox 296 2280 392 2317; x_wconf 86' lang='lat' dir='ltr'><strong>notis</strong></span> <span class='ocrx_word' id='word_1_300' title='bbox 412 2279 554 2329; x_wconf 87' lang='lat' dir='ltr'><strong>singula</strong></span> <span class='ocrx_word' id='word_1_301' title='bbox 579 2281 631 2330; x_wconf 26' lang='lat' dir='ltr'><strong>&#39;ad</strong></span> <span class='ocrx_word' id='word_1_302' title='bbox 649 2281 729 2331; x_wconf 89' lang='lat' dir='ltr'><strong>ipsa</strong></span> <span class='ocrx_word' id='word_1_303' title='bbox 747 2280 930 2317; x_wconf 88' lang='lat' dir='ltr'><strong>Herodoti</strong></span> <span class='ocrx_word' id='word_1_304' title='bbox 956 2279 1067 2317; x_wconf 88' lang='lat' dir='ltr'><strong>verba</strong></span> <span class='ocrx_word' id='word_1_305' title='bbox 1091 2280 1158 2317; x_wconf 87' lang='lat' dir='ltr'><strong>rite</strong></span> <span class='ocrx_word' id='word_1_306' title='bbox 1182 2278 1421 2327; x_wconf 87' lang='lat' dir='ltr'><strong>intelligenda</strong></span> <span class='ocrx_word' id='word_1_307' title='bbox 1445 2291 1488 2316; x_wconf 87' lang='lat' dir='ltr'><strong>ae</strong></span> <span class='ocrx_word' id='word_1_308' title='bbox 1515 2277 1747 2316; x_wconf 83' lang='lat' dir='ltr'><strong>diiudicanda</strong></span> 
     </span>
     <span class='ocr_line' id='line_1_31' title="bbox 239 2345 1746 2397; baseline -0.001 -13"><span class='ocrx_word' id='word_1_309' title='bbox 239 2347 438 2384; x_wconf 87' lang='lat' dir='ltr'><strong>attulimus.</strong></span> <span class='ocrx_word' id='word_1_310' title='bbox 496 2347 690 2395; x_wconf 91' lang='lat' dir='ltr'><strong>„Vidimus</strong></span> <span class='ocrx_word' id='word_1_311' title='bbox 718 2348 790 2385; x_wconf 90' lang='lat' dir='ltr'><strong>iam</strong></span> <span class='ocrx_word' id='word_1_312' title='bbox 821 2348 928 2395; x_wconf 86' lang='lat' dir='ltr'><strong>(sunt</strong></span> <span class='ocrx_word' id='word_1_313' title='bbox 947 2347 1058 2384; x_wconf 91' lang='lat' dir='ltr'><strong>verba</strong></span> <span class='ocrx_word' id='word_1_314' title='bbox 1078 2346 1206 2384; x_wconf 89' lang='lat' dir='ltr'><strong>Koesii</strong></span> <span class='ocrx_word' id='word_1_315' title='bbox 1225 2347 1246 2383; x_wconf 90' lang='lat' dir='ltr'><strong>l.</strong></span> <span class='ocrx_word' id='word_1_316' title='bbox 1268 2345 1289 2383; x_wconf 93' lang='lat' dir='ltr'><strong>l.</strong></span> <span class='ocrx_word' id='word_1_317' title='bbox 1311 2358 1398 2397; x_wconf 86' lang='lat' dir='ltr'><strong>pag.</strong></span> <span class='ocrx_word' id='word_1_318' title='bbox 1414 2347 1489 2395; x_wconf 83' lang='lat'><strong>28)</strong></span> <span class='ocrx_word' id='word_1_319' title='bbox 1509 2345 1645 2382; x_wconf 91' lang='lat' dir='ltr'><strong>nullum</strong></span> <span class='ocrx_word' id='word_1_320' title='bbox 1665 2355 1746 2382; x_wconf 88' lang='lat' dir='ltr'><strong>esse</strong></span> 
     </span>
     <span class='ocr_line' id='line_1_32' title="bbox 239 2413 1746 2464; baseline -0.001 -14"><span class='ocrx_word' id='word_1_321' title='bbox 239 2413 344 2451; x_wconf 91' lang='lat' dir='ltr'><strong>huius</strong></span> <span class='ocrx_word' id='word_1_322' title='bbox 370 2415 587 2452; x_wconf 87' lang='lat' dir='ltr'><strong>narrationis</strong></span> <span class='ocrx_word' id='word_1_323' title='bbox 616 2420 862 2462; x_wconf 85' lang='lat' dir='ltr'><strong>momentum,</strong></span> <span class='ocrx_word' id='word_1_324' title='bbox 899 2415 999 2464; x_wconf 88' lang='lat' dir='ltr'><strong>qnod</strong></span> <span class='ocrx_word' id='word_1_325' title='bbox 1029 2414 1080 2452; x_wconf 84' lang='lat' dir='ltr'><strong>rei</strong></span> <span class='ocrx_word' id='word_1_326' title='bbox 1106 2420 1258 2452; x_wconf 87' lang='lat' dir='ltr'><strong>naturae</strong></span> <span class='ocrx_word' id='word_1_327' title='bbox 1277 2415 1344 2452; x_wconf 88' lang='lat' dir='ltr'><strong>rite</strong></span> <span class='ocrx_word' id='word_1_328' title='bbox 1368 2415 1535 2463; x_wconf 83' lang='lat' dir='ltr'><strong>cognitae</strong></span> <span class='ocrx_word' id='word_1_329' title='bbox 1554 2416 1746 2462; x_wconf 87' lang='lat' dir='ltr'><strong>repugnet,</strong></span> 
     </span>
     <span class='ocr_line' id='line_1_33' title="bbox 241 2479 1747 2533; baseline -0.001 -15"><span class='ocrx_word' id='word_1_330' title='bbox 241 2481 346 2533; x_wconf 86' lang='lat' dir='ltr'><strong>plura</strong></span> <span class='ocrx_word' id='word_1_331' title='bbox 364 2494 472 2529; x_wconf 87' lang='lat' dir='ltr'><strong>vero,</strong></span> <span class='ocrx_word' id='word_1_332' title='bbox 501 2483 630 2531; x_wconf 89' lang='lat' dir='ltr'><strong>quibus</strong></span> <span class='ocrx_word' id='word_1_333' title='bbox 652 2485 734 2520; x_wconf 86' lang='lat' dir='ltr'><strong>insit</strong></span> <span class='ocrx_word' id='word_1_334' title='bbox 755 2484 806 2520; x_wconf 83' lang='lat' dir='ltr'><strong>vis</strong></span> <span class='ocrx_word' id='word_1_335' title='bbox 829 2483 875 2520; x_wconf 90' lang='lat' dir='ltr'><strong>ad</strong></span> <span class='ocrx_word' id='word_1_336' title='bbox 900 2482 1129 2532; x_wconf 88' lang='lat' dir='ltr'><strong>probandam</strong></span> <span class='ocrx_word' id='word_1_337' title='bbox 1158 2484 1210 2520; x_wconf 89' lang='lat' dir='ltr'><strong>rei</strong></span> <span class='ocrx_word' id='word_1_338' title='bbox 1239 2487 1404 2519; x_wconf 81' lang='lat' dir='ltr'><strong>narratae</strong></span> <span class='ocrx_word' id='word_1_339' title='bbox 1428 2491 1596 2528; x_wconf 85' lang='lat' dir='ltr'><strong>magnam</strong></span> <span class='ocrx_word' id='word_1_340' title='bbox 1622 2479 1747 2517; x_wconf 85' lang='lat' dir='ltr'><strong>verisi-</strong></span> 
     </span>
     <span class='ocr_line' id='line_1_34' title="bbox 242 2548 1746 2599; baseline -0.002 -12"><span class='ocrx_word' id='word_1_341' title='bbox 242 2549 527 2587; x_wconf 88' lang='lat' dir='ltr'><strong>militudinem.“</strong></span> <span class='ocrx_word' id='word_1_342' title='bbox 555 2572 612 2578; x_wconf 92' lang='lat'>—</span> <span class='ocrx_word' id='word_1_343' title='bbox 643 2579 668 2597; x_wconf 84' lang='lat'><strong>‚,</strong></span> <span class='ocrx_word' id='word_1_344' title='bbox 681 2551 883 2597; x_wconf 90' lang='lat' dir='ltr'><strong>Omnibus,</strong></span> <span class='ocrx_word' id='word_1_345' title='bbox 914 2563 1008 2599; x_wconf 90' lang='lat' dir='ltr'><strong>qnae</strong></span> <span class='ocrx_word' id='word_1_346' title='bbox 1025 2549 1173 2595; x_wconf 87' lang='lat' dir='ltr'><strong>alicuius</strong></span> <span class='ocrx_word' id='word_1_347' title='bbox 1196 2549 1369 2586; x_wconf 87' lang='lat' dir='ltr'><strong>momenti</strong></span> <span class='ocrx_word' id='word_1_348' title='bbox 1392 2548 1524 2586; x_wconf 85' lang='lat' dir='ltr'><strong>suerint</strong></span> <span class='ocrx_word' id='word_1_349' title='bbox 1551 2559 1746 2596; x_wconf 89' lang='lat' dir='ltr'><strong>argumen-</strong></span> 
     </span>
     <span class='ocr_line' id='line_1_35' title="bbox 243 2610 1744 2666; baseline -0.001 -12"><span class='ocrx_word' id='word_1_350' title='bbox 243 2618 289 2654; x_wconf 83' lang='lat' dir='ltr'><strong>tis</strong></span> <span class='ocrx_word' id='word_1_351' title='bbox 317 2618 491 2656; x_wconf 88' lang='lat' dir='ltr'><strong>adversus</strong></span> <span class='ocrx_word' id='word_1_352' title='bbox 523 2619 766 2655; x_wconf 87' lang='lat' dir='ltr'><strong>narrationem</strong></span> <span class='ocrx_word' id='word_1_353' title='bbox 796 2622 954 2653; x_wconf 88' lang='lat' dir='ltr'><strong>nostram</strong></span> <span class='ocrx_word' id='word_1_354' title='bbox 986 2617 1236 2653; x_wconf 84' lang='lat' dir='ltr'><strong>Herodoteam</strong></span> <span class='ocrx_word' id='word_1_355' title='bbox 1262 2616 1314 2652; x_wconf 84' lang='lat' dir='ltr'><strong>sic</strong></span> <span class='ocrx_word' id='word_1_356' title='bbox 1347 2610 1593 2666; x_wconf 76' lang='lat' dir='ltr'><strong>perlustratis,</strong></span> <span class='ocrx_word' id='word_1_357' title='bbox 1630 2618 1744 2665; x_wconf 74' lang='lat' dir='ltr'><strong>patet,</strong></span> 
     </span>
     <span class='ocr_line' id='line_1_36' title="bbox 245 2682 1743 2736; baseline -0.003 -13"><span class='ocrx_word' id='word_1_358' title='bbox 245 2698 414 2736; x_wconf 87' lang='lat' dir='ltr'><strong>expresso</strong></span> <span class='ocrx_word' id='word_1_359' title='bbox 435 2686 641 2724; x_wconf 88' lang='lat' dir='ltr'><strong>testimonio</strong></span> <span class='ocrx_word' id='word_1_360' title='bbox 664 2684 833 2722; x_wconf 91' lang='lat' dir='ltr'><strong>historico</strong></span> <span class='ocrx_word' id='word_1_361' title='bbox 853 2685 1009 2721; x_wconf 80' lang='lat' dir='ltr'><strong>auctoris</strong></span> <span class='ocrx_word' id='word_1_362' title='bbox 1033 2684 1106 2720; x_wconf 83' lang='lat' dir='ltr'><strong>fide</strong></span> <span class='ocrx_word' id='word_1_363' title='bbox 1125 2684 1326 2732; x_wconf 86' lang='lat' dir='ltr'><strong>dignissimi</strong></span> <span class='ocrx_word' id='word_1_364' title='bbox 1352 2696 1398 2721; x_wconf 90' lang='lat' dir='ltr'><strong>ne</strong></span> <span class='ocrx_word' id='word_1_365' title='bbox 1427 2684 1569 2722; x_wconf 89' lang='lat' dir='ltr'><strong>unicum</strong></span> <span class='ocrx_word' id='word_1_366' title='bbox 1596 2682 1743 2732; x_wconf 89' lang='lat' dir='ltr'><strong>quidem</strong></span> 
     </span>
    </p>
   </div>
   <div class='ocr_carea' id='block_1_5' title="bbox 291 2822 1582 2944">
    <p class='ocr_par' dir='ltr' id='par_1_6' title="bbox 291 2822 1582 2944">
     <span class='ocr_line' id='line_1_37' title="bbox 291 2822 1281 2874; baseline -0.005 -9"><span class='ocrx_word' id='word_1_367' title='bbox 291 2831 326 2874; x_wconf 83' lang='grc'><strong>·)</strong></span> <span class='ocrx_word' id='word_1_368' title='bbox 351 2830 490 2864; x_wconf 84' lang='lat' dir='ltr'><strong>Rennel.</strong></span> <span class='ocrx_word' id='word_1_369' title='bbox 511 2830 535 2865; x_wconf 90' lang='lat' dir='ltr'><strong>l.</strong></span> <span class='ocrx_word' id='word_1_370' title='bbox 552 2830 574 2863; x_wconf 88' lang='lat'><strong>1.</strong></span> <span class='ocrx_word' id='word_1_371' title='bbox 593 2840 671 2874; x_wconf 87' lang='lat' dir='ltr'><strong>pag.</strong></span> <span class='ocrx_word' id='word_1_372' title='bbox 688 2829 766 2865; x_wconf 78' lang='lat'><strong>702.</strong></span> <span class='ocrx_word' id='word_1_373' title='bbox 813 2826 901 2860; x_wconf 87' lang='lat' dir='ltr'><strong>Add.</strong></span> <span class='ocrx_word' id='word_1_374' title='bbox 921 2827 1022 2860; x_wconf 83' lang='lat' dir='ltr'><strong>Koes.</strong></span> <span class='ocrx_word' id='word_1_375' title='bbox 1044 2827 1065 2860; x_wconf 90' lang='lat' dir='ltr'><strong>l.</strong></span> <span class='ocrx_word' id='word_1_376' title='bbox 1086 2827 1107 2860; x_wconf 94' lang='lat' dir='ltr'><strong>l.</strong></span> <span class='ocrx_word' id='word_1_377' title='bbox 1129 2837 1206 2870; x_wconf 83' lang='lat' dir='ltr'><strong>pag.</strong></span> <span class='ocrx_word' id='word_1_378' title='bbox 1226 2822 1281 2860; x_wconf 76' lang='lat'><strong>45.</strong></span> 
     </span>
     <span class='ocr_line' id='line_1_38' title="bbox 292 2894 1582 2944; baseline -0.006 -11"><span class='ocrx_word' id='word_1_379' title='bbox 292 2900 343 2944; x_wconf 76' lang='lat'><strong>⁰)</strong></span> <span class='ocrx_word' id='word_1_380' title='bbox 368 2899 468 2933; x_wconf 78' lang='lat' dir='ltr'><strong>Cons.</strong></span> <span class='ocrx_word' id='word_1_381' title='bbox 493 2898 635 2933; x_wconf 85' lang='lat' dir='ltr'><strong>Rennel.</strong></span> <span class='ocrx_word' id='word_1_382' title='bbox 661 2897 682 2932; x_wconf 89' lang='lat' dir='ltr'><strong>l.</strong></span> <span class='ocrx_word' id='word_1_383' title='bbox 707 2898 728 2931; x_wconf 92' lang='lat' dir='ltr'><strong>l.</strong></span> <span class='ocrx_word' id='word_1_384' title='bbox 756 2907 836 2942; x_wconf 77' lang='lat' dir='ltr'><strong>pag.</strong></span> <span class='ocrx_word' id='word_1_385' title='bbox 861 2896 928 2932; x_wconf 81' lang='lat'><strong>693</strong></span> <span class='ocrx_word' id='word_1_386' title='bbox 946 2907 1041 2940; x_wconf 87' lang='lat' dir='ltr'><strong>seqq.</strong></span> <span class='ocrx_word' id='word_1_387' title='bbox 1090 2895 1195 2929; x_wconf 86' lang='lat' dir='ltr'><strong>Koes.</strong></span> <span class='ocrx_word' id='word_1_388' title='bbox 1221 2895 1242 2929; x_wconf 90' lang='lat' dir='ltr'><strong>l.</strong></span> <span class='ocrx_word' id='word_1_389' title='bbox 1268 2894 1289 2928; x_wconf 92' lang='lat' dir='ltr'><strong>l.</strong></span> <span class='ocrx_word' id='word_1_390' title='bbox 1316 2905 1394 2940; x_wconf 83' lang='lat' dir='ltr'><strong>pag.</strong></span> <span class='ocrx_word' id='word_1_391' title='bbox 1422 2895 1465 2929; x_wconf 88' lang='lat'><strong>16</strong></span> <span class='ocrx_word' id='word_1_392' title='bbox 1489 2904 1582 2938; x_wconf 85' lang='lat' dir='ltr'><strong>seqq.</strong></span> 
     </span>
    </p>
   </div>
  </div>
 </body>
</html>
