1946 3272
14 2481 19 2641 ἒ

587 213 935 256 THALlA.
994 213 1057 251 111.
1134 203 1137 206 ’
1403 219 1458 258 93

185 338 291 376 σθαι
309 325 622 384 ἀπειρημένου,
654 323 760 368 ἀλλὰ
780 320 1137 378 διακαρτερέων’
1120 338 1167 364 εν
1187 326 1288 378 τῇσι
1307 328 1458 380 στοῇσι

156 411 177 443 2
190 399 466 447 ἐκαλινδέετο.

525 397 706 452 τετάρτῃ
735 394 778 439 δ’
814 393 951 452 ἡμέρῃ
986 394 1093 437 ἰδών
1123 410 1198 449 μιν
1230 393 1253 436 ὁ
1276 395 1460 448 Περίαν·

185 476 287 527 δρος
317 470 545 525 ἀλουσίῃσί
577 484 620 511 τε
651 468 723 511 καὶ
764 464 954 523 ἀσιτίῃσι
993 464 1360 518 συμπεπτωκότα,
1403 466 1462 506 οἵ·

185 556 340 595 utetoe‘

391 538 516 590 ὑπεὶς
548 539 591 582 δὲ
621 543 697 594 τῆς
729 538 879 594 ὀργῆς,
917 537 984 594 ἤϊε
1016 531 1174 587 ἆσσον,
1216 536 1289 578 καὶ
1319 535 1459 590 ἔλεγε·

155 610 272 665 3,,ἷΩ
299 616 400 662 παῖ,
435 610 590 664 κότερα
619 610 790 654 τούτων
813 607 1074 663 αἵρετώτερά
1103 607 1213 659 ἐστι,
1245 611 1382 649 ταῦτα
1411 605 1519 649 vomo

182 687 266 727 νῦν
297 683 405 738 ἔχων
434 681 663 738 πρήσσεις,
694 680 722 737 ἢ
751 681 831 737 τὴν
854 682 1097 732 τυραννίδα
1127 680 1200 722 καὶ
1231 676 1378 734 ἀγαθοὶ
1408 676 1461 720 τά

180 759 265 799 νῦν
306 752 388 809 ἐγώ
429 753 532 809 ἔχω,
574 755 734 803 ταῦτα,
777 751 907 795 ἐόντα
947 756 1007 808 τῷ
1049 751 1181 804 πατρὶ
1220 748 1460 805 ἐπιτήδεον,

180 823 563 881 παραλαμβάνεινς
611 823 657 874 ὃς
688 822 772 866 ἐών
810 822 911 877 ἐμός
950 839 993 865 τε
1032 827 1154 874 παῖς,
1194 823 1266 864 καὶ
1302 821 1462 876 Κορίν-

180 904 270 942 θου
299 901 374 953 τῆς
405 896 668 951 εὐδαίμονος
706 895 934 951 βασιλεύς,

986 892 1149 950 ἀλήτην
1190 895 1291 948 βίον
1335 895 1459 943 εἵλευ,
1475 899 1518 933 :35

182 966 469 1013 ἀντιστατέων
506 983 550 1017 τε
588 967 660 1010 καὶ
700 965 811 1024 ὀργῇ
841 965 1085 1022 χρεώμενος
1117 965 1157 1015 ἐς
1186 963 1265 1007 τόν
1296 977 1342 1008 σε
1372 963 1463 1021 ἥκι-

152 1046 174 1081 4
188 1054 266 1084 στα
296 1040 437 1095 ἐχρῆν.

181 1129 271 1164 νεε,
313 1112 354 1164 ἐξ
384 1106 435 1166 ἧς
463 1110 660 1166 ὑποψίην
692 1111 734 1161 ἐς
765 1110 835 1164 ἐμὲ
866 1110 995 1164 ἔχεις·

497 1040 532 1081 εἰ
568 1036 652 1094 γάρ
690 1056 754 1089 τις
792 1037 998 1094 συμφορή
1031 1037 1076 1080 ἐν
1112 1035 1284 1079 αὐτοῖσι
1315 1034 1463 1091 ἐγεγό-

1046 1109 1138 1162 ἐμοί
1168 1124 1211 1150 τε
1244 1107 1354 1164 αὕτη
1383 1107 1462 1162 γέ-

182 1199 306 1239 γονε,
350 1183 423 1225 καὶ
461 1181 544 1237 ἐγώ
586 1180 719 1237 αὐτῆς
757 1181 804 1225 τὸ
843 1185 979 1223 πλεῦν
1014 1179 1193 1235 μέτοχος
1224 1180 1328 1234 εἰμι,
1373 1177 1462 1236 ὅσῳ

154 1252 320 1304 5αύτός
350 1265 432 1308 σφε
462 1252 768 1310 ἐξεργασάμην.

187 1383 397 1442 ἀλουσίῃσί
431 1400 471 1424 τε
509 1400 577 1423 και
618 1380 792 1450 ἆσιτίῃσι

130 1427 458 1494 συμπεπτωκότα]
494 1443 515 1479 i.
540 1456 570 1479 e.
594 1444 656 1491 qui
677 1442 715 1477 ob
738 1443 793 1477 iu-

121 1501 324 1553 sortunium
344 1514 405 1538 nec
429 1500 597 1546 ἰαυαενιε,
622 1512 683 1536 nec
708 1499 794 1534 cabis

128 1562 307 1604 uteretur,
358 1571 386 1594 s.
426 1557 547 1593 illuvie
589 1560 623 1593 et
672 1556 794 1592 inedza

128 1616 218 1652 male
244 1615 433 1663 affectum,
464 1621 504 1650 ut
533 1615 795 1663 interpretatur

130 1672 335 1720 Schweigh.
368 1671 606 1721 συμπίπτειν
640 1669 794 1706 incidere

129 1729 275 1779 quidem
300 1727 418 1774 vaiet,
450 1729 515 1764 sed
536 1740 608 1763 non
634 1727 711 1763 sine
729 1727 796 1762 do—

129 1786 214 1823 loris
238 1789 273 1822 et
296 1785 450 1821 affectus
473 1785 658 1821 cuiusdam
683 1783 796 1831 signi-

130 1842 299 1879 ficatione
317 1842 454 1877 addita.
487 1842 596 1877 Conf.
623 1840 796 1888 U'ytten-

131 1898 234 1936 bach.
262 1898 309 1935 ad
332 1897 474 1934 Platon.
498 1897 686 1934 Phaedon.
708 1908 794 1946 pag.

131 1957 224 1995 206.
271 1955 330 1991 Ad
364 1955 474 1991 verba
504 1952 620 1999 ὑπεὶς
651 1950 693 1991 ὁὲ
725 1954 796 2002 τῆς

132 2006 256 2062 οργῆς
283 2012 379 2048 conf.
406 2010 540 2048 Matth.
575 2010 639 2047 Gr.
662 2010 727 2046 Gr.
759 2007 797 2060 ἓ.

132 2070 213 2109 338
232 2081 316 2118 pag.
338 2066 432 2107 646.

190 2122 306 2164 ἐόντα
335 2139 389 2178 τῳ
417 2122 535 2175 πατρὶ
568 2117 796 2173 ἐπιτήδεον]

131 2180 191 2218 Ad
231 2181 343 2218 filiurn
380 2183 559 2231 pertinet,
613 2180 684 2216 hoc
722 2181 798 2216 sere

133 2250 262 2275 sensu:
312 2251 388 2274 cum
410 2241 448 2274 tu
468 2240 591 2287 patri,
620 2250 648 2274 s.
677 2238 798 2286 patris

134 2296 269 2341 animo,
304 2299 336 2331 te
367 2295 609 2331 accommodes.
642 2316 697 2320 —
736 2292 797 2329 Ad

133 2351 245 2388 verba
274 2353 485 2402 Κορίνθου
520 2354 591 2402 τῆς
623 2345 799 2389 εὐδαί-

137 2423 289 2459 μονος
321 2410 457 2446 confer.
488 2409 695 2453 Homerus,
737 2407 799 2456 qui

137 2459 307 2512 ἀφνειὸν
338 2466 429 2503 dixit
451 2465 669 2502 Corinthum
691 2463 730 2500 11.
752 2463 797 2510 ll,

139 2522 239 2568 570,
281 2527 318 2559 et
342 2523 542 2568 Pindarus,
577 2523 638 2571 qui
661 2517 798 2572 ὀλβίαν

138 2578 360 2626 praedicavit
389 2578 582 2629 (Olympp.
604 2578 703 2625 XIII,
739 2576 798 2625 4).

140 2633 238 2670 Add.
258 2634 465 2684 Thucydid.
497 2636 532 2683 I,
564 2637 614 2676 13
639 2640 676 2673 et
703 2647 800 2684 quae

141 2687 211 2724 alia
230 2694 390 2729 veterum
417 2693 627 2729 testimonia
654 2691 800 2740 collegit

142 2743 317 2793 WVagner.
346 2748 384 2785 in
411 2749 569 2799 Specim.
608 2761 696 2786 rerr.
725 2749 799 2785 Co-

143 2800 250 2837 rinth.
279 2814 364 2851 pag.
386 2807 420 2845 1.
468 2804 528 2843 Ad
554 2806 666 2844 verba
698 2800 801 2861 ὀργῇ

141 2853 362 2908 χρεώμενος
381 2863 476 2899 conf.
502 2862 530 2910 Ι,
549 2864 614 2904 88.

829 1250 884 1294 σι)
910 1251 956 1294 δὲ
979 1250 1137 1308 μαθών
1163 1251 1253 1310 ὅσῳ
1277 1250 1520 1306 φθονὲε-ΘΟ

909 1381 951 1421 ἐν
971 1377 1127 1421 αὐτοῖσι
1146 1377 1335 1433 ἐγεγόνεε]
1369 1380 1412 1420 ἐν
1437 1375 1519 1419 αυ’-

850 1443 953 1478 τοῖσι
983 1440 1187 1488 Schweigh.
1220 1440 1350 1489 accipit
1377 1452 1445 1489 pro
1477 1437 1520 1477 ἐν

852 1495 1047 1541 ἑαυτοῖσι,
1100 1497 1147 1533 de
1188 1498 1305 1545 prima
1346 1508 1519 1546 persona,

851 1558 890 1590 ut
908 1554 970 1599 lv,
1000 1556 1065 1594 97.
1108 1554 1290 1602 Equidem
1317 1552 1438 1590 malim
1463 1553 1520 1589 in-

851 1611 1017 1660 telligere
1046 1607 1255 1661 πρήγμασι
1275 1623 1304 1646 s,
1332 1605 1518 1660 συμπτώ-

853 1681 948 1718 μασι
972 1681 1052 1704 cum
1074 1669 1215 1714 Corae,
1257 1667 1339 1716 qui,
1380 1667 1409 1703 si
1429 1667 1520 1716 quid

852 1725 1090 1771 mutandum,
1131 1723 1203 1773 legi
1227 1724 1362 1761 mavult
1384 1723 1426 1762 ἐν
1448 1718 1521 1761 αὖ·

852 1784 901 1835 τῇ
922 1796 985 1820 σοι
1004 1782 1092 1827 (tibi
1111 1782 1149 1816 ob
1174 1794 1247 1817 eam
1269 1794 1318 1817 sc.
1340 1782 1519 1827 matrem),

853 1839 953 1886 quod
974 1839 1103 1875 merito
1126 1838 1309 1887 displicuit
1323 1836 1518 1874 Larchero.

852 1894 933 1932 Nec
954 1896 1071 1944 magis
1095 1895 1355 1940 necessarium,
1388 1895 1520 1932 eodem

856 1952 975 1989 Corae
995 1958 1166 1996 auctore,
1214 1965 1281 2001 pro
1320 1947 1364 1990 td
1395 1953 1520 1989 πλεῦν

855 2022 1036 2059 reponere
1055 2003 1159 2074 τόσῳ
1182 2011 1318 2046 πλεῦν.

915 2061 997 2118 ὅσῳ
1042 2060 1163 2111 αὐτός
1202 2077 1278 2112 σφε
1312 2060 1521 2116 εξερὶασά-

857 2121 953 2173 μην]
997 2123 1018 2158 i
1043 2136 1075 2160 e.
1102 2134 1167 2171 quo
1195 2135 1313 2171 magas
1342 2123 1415 2171 ipse
1445 2135 1521 2158 eam

855 2178 1026 2229 interfeci.
1058 2175 1336 2230 ἐξεργαζεσθαι
1355 2191 1431 2215 non
1449 2178 1520 2215 alio

855 2250 965 2274 sensu
984 2250 1026 2273 ac
1050 2249 1161 2285 supra
1178 2236 1242 2283 lli,
1264 2238 1328 2275 30.
1350 2237 1417 2276 31.
1444 2247 1521 2283 σφε

854 2307 921 2344 pro
944 2288 1071 2343 αὐτήν
1093 2294 1162 2340 (sc.
1184 2293 1351 2341 matrem)
1370 2293 1519 2342 accipio.

855 2351 939 2387 vid.
961 2350 1095 2387 Matth.
1125 2348 1161 2400 ἓ.
1189 2350 1267 2390 147
1290 2355 1366 2386 not.
1388 2351 1413 2389 8
1433 2362 1520 2399 pag.

857 2410 948 2448 276.
983 2406 1174 2444 Letronne
1194 2408 1230 2443 in
1248 2407 1377 2443 Journ.
1398 2407 1434 2443 d.
1451 2407 1522 2443 Sa-

854 2476 943 2500 xans
969 2465 1076 2504 1817
1099 2477 1185 2514 pag.
1206 2465 1272 2505 98.
1312 2464 1521 2513 Utrumque

855 2521 988 2571 probat
1012 2520 1120 2557 Italus
1143 2522 1338 2569 interpres,

916 2573 963 2616 σύ
994 2575 1037 2616 δὲ
1069 2574 1217 2628 μαθών
1243 2575 1322 2630 ὅσῳ
1349 2573 1520 2626 φθονέε-

859 2638 957 2673 σθαι
979 2650 1014 2673 x.
1036 2650 1065 2672 τ.
1091 2635 1138 2685 λ.]
1183 2634 1331 2672 Pindari
1362 2638 1419 2671 est
1437 2646 1520 2670 sen-

856 2692 974 2729 tentia
997 2691 1034 2727 in
1061 2692 1170 2742 Pyth.
1198 2692 1233 2738 Ι,
1275 2693 1354 2731 164
1389 2689 1519 2740 (85)ἰ

855 2746 1031 2799 κρέσσων
1083 2748 1298 2798 οἰκτιρμῶν
1347 2742 1518 2796 φθόνος,

855 2805 917 2842 ubi
940 2806 1035 2842 conf.
1056 2805 1218 2843 Boeckh.
1253 2808 1292 2842 et
1318 2803 1454 2840 Iacobs.
1481 2801 1518 2837 in

855 2862 1015 2901 Delectt.
1036 2861 1164 2913 Epigr.
1184 2875 1221 2912 p.
1241 2860 1335 2902 255.
1372 2857 1520 2895 Exscri-
