<?xml version="1.0" encoding="UTF-8"?>
<!DOCTYPE html PUBLIC "-//W3C//DTD XHTML 1.0 Transitional//EN"
    "http://www.w3.org/TR/xhtml1/DTD/xhtml1-transitional.dtd">
<html xmlns="http://www.w3.org/1999/xhtml" xml:lang="en" lang="en">
 <head>
  <title>
</title>
<meta http-equiv="Content-Type" content="text/html;charset=utf-8" />
  <meta name='ocr-system' content='tesseract 3.04.00' />
  <meta name='ocr-capabilities' content='ocr_page ocr_carea ocr_par ocr_line ocrx_word'/>
</head>
<body>
  <div class='ocr_page' id='page_1' title='image "./musaeher02hero/musaeher02hero_0286.png"; bbox 0 0 1863 3256; ppageno 0'>
   <div class='ocr_carea' id='block_1_1' title="bbox 339 1023 1860 1168">
    <p class='ocr_par' dir='ltr' id='par_1_1' title="bbox 339 1023 1860 1168">
     <span class='ocr_line' id='line_1_1' title="bbox 348 1023 1860 1104; baseline 0.003 -26"><span class='ocrx_word' id='word_1_1' title='bbox 348 1043 375 1086; x_wconf 93' lang='lat'>1</span> <span class='ocrx_word' id='word_1_2' title='bbox 438 1023 642 1081; x_wconf 84' lang='lat' dir='ltr'><em>META</em></span> <span class='ocrx_word' id='word_1_3' title='bbox 664 1039 806 1096; x_wconf 76' lang='grc' dir='ltr'><strong><em>δὲτὴν</em></strong></span> <span class='ocrx_word' id='word_1_4' title='bbox 828 1044 1094 1097; x_wconf 76' lang='grc' dir='ltr'><strong><em>Βαβυλῶνος</em></strong></span> <span class='ocrx_word' id='word_1_5' title='bbox 1117 1042 1282 1095; x_wconf 76' lang='grc' dir='ltr'><em>αἵρεσιν</em></span> <span class='ocrx_word' id='word_1_6' title='bbox 1312 1040 1482 1096; x_wconf 75' lang='grc' dir='ltr'><em>ἐγένετο</em></span> <span class='ocrx_word' id='word_1_7' title='bbox 1509 1040 1577 1082; x_wconf 79' lang='grc' dir='ltr'><strong>ἐπὶ</strong></span> <span class='ocrx_word' id='word_1_8' title='bbox 1595 1039 1712 1083; x_wconf 80' lang='grc' dir='ltr'><strong><em>Σκύ-</em></strong></span> <span class='ocrx_word' id='word_1_9' title='bbox 1777 1064 1860 1104; x_wconf 75' lang='lat'><strong>230</strong></span> 
     </span>
     <span class='ocr_line' id='line_1_2' title="bbox 339 1106 1714 1168; baseline -0.001 -13"><span class='ocrx_word' id='word_1_10' title='bbox 339 1106 383 1168; x_wconf 56' lang='lat'><strong>¹2}</strong></span> <span class='ocrx_word' id='word_1_11' title='bbox 410 1116 531 1162; x_wconf 67' lang='grc' dir='ltr'><em>Ξθας</em></span> <span class='ocrx_word' id='word_1_12' title='bbox 554 1110 692 1154; x_wconf 83' lang='grc' dir='ltr'><em>αὐτοῦ</em></span> <span class='ocrx_word' id='word_1_13' title='bbox 707 1114 901 1166; x_wconf 80' lang='grc' dir='ltr'><em>Δαρείου</em></span> <span class='ocrx_word' id='word_1_14' title='bbox 924 1113 1078 1164; x_wconf 76' lang='grc' dir='ltr'><em>ἔλασις.</em></span> <span class='ocrx_word' id='word_1_15' title='bbox 1111 1110 1345 1168; x_wconf 81' lang='grc' dir='ltr'><em>Ἀνθεύσης</em></span> <span class='ocrx_word' id='word_1_16' title='bbox 1367 1111 1450 1167; x_wconf 79' lang='grc' dir='ltr'><strong>γὰρ</strong></span> <span class='ocrx_word' id='word_1_17' title='bbox 1473 1115 1550 1168; x_wconf 83' lang='grc' dir='ltr'><strong>τῆς</strong></span> <span class='ocrx_word' id='word_1_18' title='bbox 1573 1109 1714 1168; x_wconf 82' lang='grc' dir='ltr'><strong><em>Ἀσίης</em></strong></span> 
     </span>
    </p>
   </div>
   <div class='ocr_carea' id='block_1_2' title="bbox 106 1106 385 1267">
    <p class='ocr_par' dir='ltr' id='par_1_2' title="bbox 106 1106 385 1267">
     <span class='ocr_line' id='line_1_3' title="bbox 108 1106 335 1134; baseline -0.009 0"><span class='ocrx_word' id='word_1_19' title='bbox 108 1107 178 1134; x_wconf 74' lang='lat' dir='ltr'><strong>Asia</strong></span> <span class='ocrx_word' id='word_1_20' title='bbox 196 1106 307 1133; x_wconf 77' lang='lat' dir='ltr'><strong>florens</strong></span> <span class='ocrx_word' id='word_1_21' title='bbox 319 1115 335 1132; x_wconf 85' lang='lat' dir='ltr'><strong>o</strong></span> 
     </span>
     <span class='ocr_line' id='line_1_4' title="bbox 107 1140 325 1167; baseline -0.009 0"><span class='ocrx_word' id='word_1_22' title='bbox 107 1141 179 1167; x_wconf 77' lang='lat' dir='ltr'><strong>bus:</strong></span> <span class='ocrx_word' id='word_1_23' title='bbox 217 1140 325 1166; x_wconf 72' lang='lat' dir='ltr'><strong>Darius</strong></span> 
     </span>
     <span class='ocr_line' id='line_1_5' title="bbox 106 1173 382 1208; baseline 0 -8"><span class='ocrx_word' id='word_1_24' title='bbox 106 1175 156 1200; x_wconf 76' lang='lat'><strong>51⁴</strong></span> <span class='ocrx_word' id='word_1_25' title='bbox 177 1173 304 1208; x_wconf 68' lang='lat' dir='ltr'><strong>Scythas</strong></span> <span class='ocrx_word' id='word_1_26' title='bbox 338 1173 382 1200; x_wconf 91' lang='lat' dir='ltr'><strong>ul-</strong></span> 
     </span>
     <span class='ocr_line' id='line_1_6' title="bbox 106 1206 383 1241; baseline 0 -7"><span class='ocrx_word' id='word_1_27' title='bbox 106 1210 169 1234; x_wconf 89' lang='lat' dir='ltr'><strong>tum</strong></span> <span class='ocrx_word' id='word_1_28' title='bbox 185 1207 225 1233; x_wconf 81' lang='lat' dir='ltr'><strong>it:</strong></span> <span class='ocrx_word' id='word_1_29' title='bbox 252 1206 383 1241; x_wconf 66' lang='lat' dir='ltr'><strong>Scythae</strong></span> 
     </span>
     <span class='ocr_line' id='line_1_7' title="bbox 107 1241 385 1267; baseline 0 -1"><span class='ocrx_word' id='word_1_30' title='bbox 107 1241 206 1267; x_wconf 77' lang='lat' dir='ltr'><strong>Asiam</strong></span> <span class='ocrx_word' id='word_1_31' title='bbox 224 1244 233 1266; x_wconf 88' lang='lat' dir='ltr'><strong>t</strong></span> <span class='ocrx_word' id='word_1_32' title='bbox 237 1249 368 1266; x_wconf 68' lang='lat' dir='ltr'><strong>eeeeeeee</strong></span> <span class='ocrx_word' id='word_1_33' title='bbox 373 1245 385 1267; x_wconf 80' lang='lat' dir='ltr'><strong>t</strong></span> 
     </span>
    </p>
   </div>
   <div class='ocr_carea' id='block_1_3' title="bbox 106 1306 385 1408">
    <p class='ocr_par' dir='ltr' id='par_1_3' title="bbox 106 1306 385 1408">
     <span class='ocr_line' id='line_1_8' title="bbox 106 1306 385 1334; baseline -0.004 0"><span class='ocrx_word' id='word_1_34' title='bbox 106 1306 302 1334; x_wconf 68' lang='lat' dir='ltr'><strong>redeuntibus</strong></span> <span class='ocrx_word' id='word_1_35' title='bbox 353 1308 385 1334; x_wconf 79' lang='lat' dir='ltr'><strong>in</strong></span> 
     </span>
     <span class='ocr_line' id='line_1_9' title="bbox 123 1341 366 1375; baseline 0.004 -8"><span class='ocrx_word' id='word_1_36' title='bbox 123 1341 254 1375; x_wconf 83' lang='lat' dir='ltr'><strong>patriam</strong></span> <span class='ocrx_word' id='word_1_37' title='bbox 289 1341 366 1368; x_wconf 83' lang='lat' dir='ltr'><strong>obsi-</strong></span> 
     </span>
     <span class='ocr_line' id='line_1_10' title="bbox 124 1376 362 1408; baseline 0 -8"><span class='ocrx_word' id='word_1_38' title='bbox 124 1377 207 1401; x_wconf 87' lang='lat' dir='ltr'><strong>stunt</strong></span> <span class='ocrx_word' id='word_1_39' title='bbox 241 1376 362 1408; x_wconf 83' lang='lat' dir='ltr'><strong>armati,</strong></span> 
     </span>
    </p>
   </div>
   <div class='ocr_carea' id='block_1_4' title="bbox 802 663 1354 722">
    <p class='ocr_par' dir='ltr' id='par_1_4' title="bbox 802 663 1354 722">
     <span class='ocr_line' id='line_1_11' title="bbox 802 663 1354 722; baseline 0.005 -3"><span class='ocrx_word' id='word_1_40' title='bbox 802 663 1354 722; x_wconf 81' lang='lat' dir='ltr'><em>HPOAOTOY</em></span> 
     </span>
    </p>
   </div>
   <div class='ocr_carea' id='block_1_5' title="bbox 559 778 1051 826">
    <p class='ocr_par' dir='ltr' id='par_1_5' title="bbox 559 778 1051 826">
     <span class='ocr_line' id='line_1_12' title="bbox 559 778 1051 826; baseline 0 -1"><span class='ocrx_word' id='word_1_41' title='bbox 559 778 1051 826; x_wconf 73' lang='grc' dir='ltr'><em>ΙΣΤΟΡΙΩΝ</em></span> 
     </span>
    </p>
   </div>
   <div class='ocr_carea' id='block_1_6' title="bbox 1126 780 1589 827">
    <p class='ocr_par' dir='ltr' id='par_1_6' title="bbox 1126 780 1589 827">
     <span class='ocr_line' id='line_1_13' title="bbox 1126 780 1589 827; baseline -0.004 -1"><span class='ocrx_word' id='word_1_42' title='bbox 1126 780 1589 827; x_wconf 87' lang='grc' dir='ltr'><em>ΤΕΤΑΡΤΗ.</em></span> 
     </span>
    </p>
   </div>
   <div class='ocr_carea' id='block_1_7' title="bbox 837 938 1316 979">
    <p class='ocr_par' dir='ltr' id='par_1_7' title="bbox 837 938 1316 979">
     <span class='ocr_line' id='line_1_14' title="bbox 837 938 1316 979; baseline -0.002 -1"><span class='ocrx_word' id='word_1_43' title='bbox 837 938 1316 979; x_wconf 87' lang='grc' dir='ltr'><em>ΜΕΛΠΟΜΕΝΗ.</em></span> 
     </span>
    </p>
   </div>
   <div class='ocr_carea' id='block_1_8' title="bbox 107 1179 1740 1383">
    <p class='ocr_par' dir='ltr' id='par_1_8' title="bbox 107 1179 1740 1383">
     <span class='ocr_line' id='line_1_15' title="bbox 441 1179 1740 1240; baseline 0.001 -15"><span class='ocrx_word' id='word_1_44' title='bbox 441 1179 651 1236; x_wconf 79' lang='grc' dir='ltr'><em>ἀνδράσι,</em></span> <span class='ocrx_word' id='word_1_45' title='bbox 697 1183 771 1226; x_wconf 81' lang='grc' dir='ltr'><em>καὶ</em></span> <span class='ocrx_word' id='word_1_46' title='bbox 808 1182 1040 1239; x_wconf 79' lang='grc' dir='ltr'><em>χρημάτων</em></span> <span class='ocrx_word' id='word_1_47' title='bbox 1070 1183 1270 1240; x_wconf 81' lang='grc' dir='ltr'><em>μεγάλων</em></span> <span class='ocrx_word' id='word_1_48' title='bbox 1306 1182 1572 1235; x_wconf 80' lang='grc' dir='ltr'><strong><em>συνιόντων,</em></strong></span> <span class='ocrx_word' id='word_1_49' title='bbox 1612 1182 1740 1226; x_wconf 79' lang='grc' dir='ltr'><em>ἐπε-5</em></span> 
     </span>
     <span class='ocr_line' id='line_1_16' title="bbox 107 1252 1713 1310; baseline -0.001 -10"><span class='ocrx_word' id='word_1_50' title='bbox 107 1274 144 1300; x_wconf 82' lang='lat' dir='ltr'><strong>ab</strong></span> <span class='ocrx_word' id='word_1_51' title='bbox 164 1273 300 1300; x_wconf 53' lang='lat' dir='ltr'><strong>asnaa</strong></span> <span class='ocrx_word' id='word_1_52' title='bbox 314 1275 382 1300; x_wconf 67' lang='lat'>596:</span> <span class='ocrx_word' id='word_1_53' title='bbox 439 1252 611 1310; x_wconf 82' lang='grc' dir='ltr'><em>θύμησε</em></span> <span class='ocrx_word' id='word_1_54' title='bbox 651 1252 675 1297; x_wconf 90' lang='grc' dir='ltr'>ὁ</span> <span class='ocrx_word' id='word_1_55' title='bbox 712 1260 902 1309; x_wconf 80' lang='grc' dir='ltr'><em>Δαρεῖος</em></span> <span class='ocrx_word' id='word_1_56' title='bbox 946 1257 1153 1299; x_wconf 78' lang='grc' dir='ltr'><em>τίσασθαι</em></span> <span class='ocrx_word' id='word_1_57' title='bbox 1190 1253 1405 1305; x_wconf 80' lang='grc' dir='ltr'><em>Σκύθας,</em></span> <span class='ocrx_word' id='word_1_58' title='bbox 1451 1252 1518 1297; x_wconf 81' lang='grc' dir='ltr'><strong>ὅτι</strong></span> <span class='ocrx_word' id='word_1_59' title='bbox 1557 1255 1713 1299; x_wconf 80' lang='grc' dir='ltr'><em>ἐκεῖνοι</em></span> 
     </span>
     <span class='ocr_line' id='line_1_17' title="bbox 442 1323 1714 1383; baseline 0.002 -16"><span class='ocrx_word' id='word_1_60' title='bbox 442 1323 666 1379; x_wconf 75' lang='grc' dir='ltr'><em>πρότεροι,</em></span> <span class='ocrx_word' id='word_1_61' title='bbox 709 1324 964 1381; x_wconf 78' lang='grc' dir='ltr'><em>ἐσβαλόντες</em></span> <span class='ocrx_word' id='word_1_62' title='bbox 995 1326 1036 1377; x_wconf 78' lang='grc' dir='ltr'><strong>ἐς</strong></span> <span class='ocrx_word' id='word_1_63' title='bbox 1064 1326 1143 1382; x_wconf 85' lang='grc' dir='ltr'><strong>τὴν</strong></span> <span class='ocrx_word' id='word_1_64' title='bbox 1174 1325 1379 1382; x_wconf 74' lang='grc' dir='ltr'><em>Μηδικὴν</em></span> <span class='ocrx_word' id='word_1_65' title='bbox 1410 1326 1482 1368; x_wconf 82' lang='grc' dir='ltr'><em>καὶ</em></span> <span class='ocrx_word' id='word_1_66' title='bbox 1510 1326 1714 1383; x_wconf 43' lang='grc' dir='ltr'><em>νικήσαν*</em></span> 
     </span>
    </p>
   </div>
   <div class='ocr_carea' id='block_1_9' title="bbox 107 1395 1772 1525">
    <p class='ocr_par' dir='ltr' id='par_1_9' title="bbox 107 1395 1772 1525">
     <span class='ocr_line' id='line_1_18' title="bbox 107 1395 1715 1454; baseline 0.004 -22"><span class='ocrx_word' id='word_1_67' title='bbox 107 1415 181 1442; x_wconf 77' lang='lat' dir='ltr'><strong>quos</strong></span> <span class='ocrx_word' id='word_1_68' title='bbox 215 1407 383 1435; x_wconf 80' lang='lat' dir='ltr'><strong>absentium</strong></span> <span class='ocrx_word' id='word_1_69' title='bbox 412 1402 513 1447; x_wconf 86' lang='grc' dir='ltr'><em>3τες</em></span> <span class='ocrx_word' id='word_1_70' title='bbox 541 1396 655 1453; x_wconf 80' lang='grc' dir='ltr'><em>μάχῃ</em></span> <span class='ocrx_word' id='word_1_71' title='bbox 684 1396 785 1447; x_wconf 84' lang='grc' dir='ltr'><strong>τούς</strong></span> <span class='ocrx_word' id='word_1_72' title='bbox 816 1396 1147 1453; x_wconf 79' lang='grc' dir='ltr'><em>ἀντιουμένους,</em></span> <span class='ocrx_word' id='word_1_73' title='bbox 1175 1395 1376 1453; x_wconf 81' lang='grc' dir='ltr'><em>ὑπῆρξαν</em></span> <span class='ocrx_word' id='word_1_74' title='bbox 1405 1395 1585 1454; x_wconf 82' lang='grc' dir='ltr'><em>ἀδικίης.</em></span> <span class='ocrx_word' id='word_1_75' title='bbox 1628 1401 1715 1453; x_wconf 86' lang='grc' dir='ltr'><strong>Τῆς</strong></span> 
     </span>
     <span class='ocr_line' id='line_1_19' title="bbox 441 1462 1772 1525; baseline -0.002 -15"><span class='ocrx_word' id='word_1_76' title='bbox 441 1465 524 1521; x_wconf 77' lang='grc' dir='ltr'><strong>γάρ</strong></span> <span class='ocrx_word' id='word_1_77' title='bbox 556 1465 646 1510; x_wconf 81' lang='grc' dir='ltr'><strong>ἄνω</strong></span> <span class='ocrx_word' id='word_1_78' title='bbox 673 1465 815 1523; x_wconf 85' lang='grc' dir='ltr'><em>Ἀσίης</em></span> <span class='ocrx_word' id='word_1_79' title='bbox 843 1462 999 1522; x_wconf 81' lang='grc' dir='ltr'><em>ἦρξαν,</em></span> <span class='ocrx_word' id='word_1_80' title='bbox 1039 1467 1099 1519; x_wconf 74' lang='grc' dir='ltr'><strong>ὥς</strong></span> <span class='ocrx_word' id='word_1_81' title='bbox 1135 1469 1209 1512; x_wconf 86' lang='grc' dir='ltr'><em>καὶ</em></span> <span class='ocrx_word' id='word_1_82' title='bbox 1237 1466 1454 1523; x_wconf 82' lang='grc' dir='ltr'><em>πρότερόν</em></span> <span class='ocrx_word' id='word_1_83' title='bbox 1486 1486 1562 1525; x_wconf 88' lang='grc' dir='ltr'><strong>μοι</strong></span> <span class='ocrx_word' id='word_1_84' title='bbox 1593 1470 1772 1524; x_wconf 76' lang='grc' dir='ltr'><em>εἴρῃ-10</em></span> 
     </span>
    </p>
   </div>
   <div class='ocr_carea' id='block_1_10' title="bbox 106 1442 384 1511">
    <p class='ocr_par' dir='ltr' id='par_1_10' title="bbox 106 1442 384 1511">
     <span class='ocr_line' id='line_1_20' title="bbox 107 1442 384 1468; baseline 0.004 -1"><span class='ocrx_word' id='word_1_85' title='bbox 107 1449 214 1467; x_wconf 82' lang='lat' dir='ltr'><strong>uxores</strong></span> <span class='ocrx_word' id='word_1_86' title='bbox 240 1449 258 1468; x_wconf 86' lang='lat' dir='ltr'><strong>e</strong></span> <span class='ocrx_word' id='word_1_87' title='bbox 287 1442 384 1468; x_wconf 77' lang='lat' dir='ltr'><strong>servis</strong></span> 
     </span>
     <span class='ocr_line' id='line_1_21' title="bbox 106 1478 298 1511; baseline 0 -9"><span class='ocrx_word' id='word_1_88' title='bbox 106 1478 298 1511; x_wconf 81' lang='lat' dir='ltr'><strong>pepererant.</strong></span> 
     </span>
    </p>
   </div>
   <div class='ocr_carea' id='block_1_11' title="bbox 374 1535 1490 1595">
    <p class='ocr_par' dir='ltr' id='par_1_11' title="bbox 374 1535 1490 1595">
     <span class='ocr_line' id='line_1_22' title="bbox 374 1535 1490 1595; baseline 0 -16"><span class='ocrx_word' id='word_1_89' title='bbox 374 1582 377 1586; x_wconf 62' lang='grc'>,</span> <span class='ocrx_word' id='word_1_90' title='bbox 410 1541 537 1589; x_wconf 83' lang='grc' dir='ltr'><em>4ται,</em></span> <span class='ocrx_word' id='word_1_91' title='bbox 567 1535 747 1581; x_wconf 81' lang='grc' dir='ltr'><em>Σκύθαι</em></span> <span class='ocrx_word' id='word_1_92' title='bbox 778 1537 872 1582; x_wconf 80' lang='grc' dir='ltr'><em>ἔτεα</em></span> <span class='ocrx_word' id='word_1_93' title='bbox 902 1541 1022 1582; x_wconf 77' lang='grc' dir='ltr'><em>δυῶν</em></span> <span class='ocrx_word' id='word_1_94' title='bbox 1056 1539 1212 1584; x_wconf 79' lang='grc' dir='ltr'><em>δέοντα</em></span> <span class='ocrx_word' id='word_1_95' title='bbox 1241 1537 1490 1595; x_wconf 81' lang='grc' dir='ltr'><em>τριήκοντα.</em></span> 
     </span>
    </p>
   </div>
   <div class='ocr_carea' id='block_1_12' title="bbox 386 1649 601 1652">
    <p class='ocr_par' dir='ltr' id='par_1_12' title="bbox 386 1649 601 1652">
     <span class='ocr_line' id='line_1_23' title="bbox 386 1649 601 1652; baseline 0 0"><span class='ocrx_word' id='word_1_96' title='bbox 386 1649 601 1652; x_wconf 95' lang='lat' dir='ltr'><strong> </strong></span> 
     </span>
    </p>
   </div>
   <div class='ocr_carea' id='block_1_13' title="bbox 385 1712 1051 2887">
    <p class='ocr_par' dir='ltr' id='par_1_13' title="bbox 632 1712 800 1762">
     <span class='ocr_line' id='line_1_24' title="bbox 632 1712 800 1762; baseline 0.006 -13"><span class='ocrx_word' id='word_1_97' title='bbox 632 1712 742 1762; x_wconf 86' lang='lat' dir='ltr'><strong>Cap.</strong></span> <span class='ocrx_word' id='word_1_98' title='bbox 773 1712 800 1750; x_wconf 91' lang='lat' dir='ltr'><strong>I.</strong></span> 
     </span>
    </p>

    <p class='ocr_par' dir='ltr' id='par_1_14' title="bbox 385 1762 1051 2887">
     <span class='ocr_line' id='line_1_25' title="bbox 467 1762 1048 1820; baseline 0.005 -15"><span class='ocrx_word' id='word_1_99' title='bbox 467 1762 607 1806; x_wconf 71' lang='grc' dir='ltr'><em>Αὐτοῦ</em></span> <span class='ocrx_word' id='word_1_100' title='bbox 662 1768 835 1820; x_wconf 84' lang='grc' dir='ltr'><em>Δαρείου</em></span> <span class='ocrx_word' id='word_1_101' title='bbox 895 1768 1048 1819; x_wconf 71' lang='grc' dir='ltr'><em>ἔλασις]</em></span> 
     </span>
     <span class='ocr_line' id='line_1_26' title="bbox 387 1823 1051 1875; baseline 0.005 -14"><span class='ocrx_word' id='word_1_102' title='bbox 387 1823 736 1872; x_wconf 87' lang='lat' dir='ltr'><strong>Schweighaeuser.‚</strong></span> <span class='ocrx_word' id='word_1_103' title='bbox 761 1838 870 1874; x_wconf 91' lang='lat' dir='ltr'><strong>quem</strong></span> <span class='ocrx_word' id='word_1_104' title='bbox 890 1839 1051 1875; x_wconf 90' lang='lat' dir='ltr'><strong>sequun-</strong></span> 
     </span>
     <span class='ocr_line' id='line_1_27' title="bbox 385 1878 1049 1932; baseline 0.006 -15"><span class='ocrx_word' id='word_1_105' title='bbox 385 1885 444 1918; x_wconf 88' lang='lat' dir='ltr'><strong>tur</strong></span> <span class='ocrx_word' id='word_1_106' title='bbox 465 1881 581 1917; x_wconf 89' lang='lat' dir='ltr'><strong>Gaisf.</strong></span> <span class='ocrx_word' id='word_1_107' title='bbox 611 1885 649 1919; x_wconf 88' lang='lat' dir='ltr'><strong>et</strong></span> <span class='ocrx_word' id='word_1_108' title='bbox 667 1880 858 1926; x_wconf 83' lang='lat' dir='ltr'>Matthiae,</span> <span class='ocrx_word' id='word_1_109' title='bbox 889 1896 957 1932; x_wconf 90' lang='lat' dir='ltr'><strong>pro</strong></span> <span class='ocrx_word' id='word_1_110' title='bbox 978 1878 1049 1921; x_wconf 77' lang='grc' dir='ltr'><em>αύ-</em></span> 
     </span>
     <span class='ocr_line' id='line_1_28' title="bbox 385 1932 1050 1988; baseline 0.003 -15"><span class='ocrx_word' id='word_1_111' title='bbox 385 1938 458 1976; x_wconf 86' lang='grc' dir='ltr'><strong>τοῦ</strong></span> <span class='ocrx_word' id='word_1_112' title='bbox 477 1937 524 1973; x_wconf 85' lang='lat' dir='ltr'><strong>de</strong></span> <span class='ocrx_word' id='word_1_113' title='bbox 544 1949 610 1973; x_wconf 87' lang='lat' dir='ltr'><strong>suo</strong></span> <span class='ocrx_word' id='word_1_114' title='bbox 632 1938 778 1988; x_wconf 76' lang='lat' dir='ltr'><strong>scripsit</strong></span> <span class='ocrx_word' id='word_1_115' title='bbox 800 1932 854 1977; x_wconf 72' lang='grc' dir='ltr'><em>αὖ</em></span> <span class='ocrx_word' id='word_1_116' title='bbox 872 1941 958 1986; x_wconf 85' lang='grc' dir='ltr'><em>τοῦ,</em></span> <span class='ocrx_word' id='word_1_117' title='bbox 989 1953 1050 1976; x_wconf 88' lang='lat' dir='ltr'><strong>co-</strong></span> 
     </span>
     <span class='ocr_line' id='line_1_29' title="bbox 386 1993 1048 2045; baseline 0.005 -16"><span class='ocrx_word' id='word_1_118' title='bbox 386 1993 528 2030; x_wconf 83' lang='lat' dir='ltr'><strong>dicibus</strong></span> <span class='ocrx_word' id='word_1_119' title='bbox 547 1994 823 2042; x_wconf 80' lang='lat' dir='ltr'>refragantibus.</span> <span class='ocrx_word' id='word_1_120' title='bbox 865 1995 1048 2045; x_wconf 81' lang='lat' dir='ltr'><strong>Equidem</strong></span> 
     </span>
     <span class='ocr_line' id='line_1_30' title="bbox 386 2048 1048 2098; baseline 0.003 -11"><span class='ocrx_word' id='word_1_121' title='bbox 386 2050 434 2087; x_wconf 91' lang='lat' dir='ltr'><strong>ad</strong></span> <span class='ocrx_word' id='word_1_122' title='bbox 470 2048 654 2098; x_wconf 81' lang='lat' dir='ltr'><strong>vulgatam</strong></span> <span class='ocrx_word' id='word_1_123' title='bbox 698 2050 891 2088; x_wconf 91' lang='lat' dir='ltr'><strong>lectionem</strong></span> <span class='ocrx_word' id='word_1_124' title='bbox 929 2053 1048 2089; x_wconf 86' lang='lat' dir='ltr'><strong>redire</strong></span> 
     </span>
     <span class='ocr_line' id='line_1_31' title="bbox 385 2105 1048 2158; baseline 0.005 -16"><span class='ocrx_word' id='word_1_125' title='bbox 385 2105 513 2152; x_wconf 90' lang='lat' dir='ltr'><strong>malui,</strong></span> <span class='ocrx_word' id='word_1_126' title='bbox 545 2118 623 2143; x_wconf 90' lang='lat' dir='ltr'><strong>cum</strong></span> <span class='ocrx_word' id='word_1_127' title='bbox 648 2108 719 2156; x_wconf 77' lang='lat' dir='ltr'><strong>ipse</strong></span> <span class='ocrx_word' id='word_1_128' title='bbox 742 2107 873 2145; x_wconf 90' lang='lat' dir='ltr'><strong>Darius</strong></span> <span class='ocrx_word' id='word_1_129' title='bbox 897 2109 1048 2158; x_wconf 87' lang='lat' dir='ltr'><strong>expedi-</strong></span> 
     </span>
     <span class='ocr_line' id='line_1_32' title="bbox 386 2163 1046 2214; baseline 0.006 -16"><span class='ocrx_word' id='word_1_130' title='bbox 386 2163 522 2199; x_wconf 84' lang='lat' dir='ltr'><strong>tionem</strong></span> <span class='ocrx_word' id='word_1_131' title='bbox 552 2163 756 2214; x_wconf 80' lang='lat' dir='ltr'><strong>suscepisse</strong></span> <span class='ocrx_word' id='word_1_132' title='bbox 786 2177 850 2201; x_wconf 87' lang='lat' dir='ltr'><strong>cur</strong></span> <span class='ocrx_word' id='word_1_133' title='bbox 878 2164 949 2202; x_wconf 86' lang='lat' dir='ltr'><strong>dici</strong></span> <span class='ocrx_word' id='word_1_134' title='bbox 980 2178 1046 2203; x_wconf 85' lang='lat' dir='ltr'><strong>ne-</strong></span> 
     </span>
     <span class='ocr_line' id='line_1_33' title="bbox 387 2218 1049 2271; baseline 0.008 -17"><span class='ocrx_word' id='word_1_135' title='bbox 387 2222 523 2266; x_wconf 89' lang='lat' dir='ltr'><strong>queat,</strong></span> <span class='ocrx_word' id='word_1_136' title='bbox 553 2218 651 2256; x_wconf 90' lang='lat' dir='ltr'><strong>haud</strong></span> <span class='ocrx_word' id='word_1_137' title='bbox 673 2219 882 2270; x_wconf 84' lang='lat' dir='ltr'><strong>intelligam.</strong></span> <span class='ocrx_word' id='word_1_138' title='bbox 912 2221 962 2258; x_wconf 85' lang='lat' dir='ltr'><strong>Et</strong></span> <span class='ocrx_word' id='word_1_139' title='bbox 982 2234 1049 2271; x_wconf 89' lang='lat' dir='ltr'><strong>pa-</strong></span> 
     </span>
     <span class='ocr_line' id='line_1_34' title="bbox 388 2272 1048 2315; baseline 0.011 -6"><span class='ocrx_word' id='word_1_140' title='bbox 388 2275 587 2311; x_wconf 84' lang='lat' dir='ltr'><strong>trocinatur</strong></span> <span class='ocrx_word' id='word_1_141' title='bbox 625 2275 772 2313; x_wconf 88' lang='lat' dir='ltr'><strong>lectioni</strong></span> <span class='ocrx_word' id='word_1_142' title='bbox 817 2272 943 2315; x_wconf 77' lang='grc' dir='ltr'><em>αὕτοῦ</em></span> <span class='ocrx_word' id='word_1_143' title='bbox 974 2276 1048 2315; x_wconf 89' lang='lat' dir='ltr'><strong>Le-</strong></span> 
     </span>
     <span class='ocr_line' id='line_1_35' title="bbox 389 2331 1047 2374; baseline 0.015 -10"><span class='ocrx_word' id='word_1_144' title='bbox 389 2335 520 2366; x_wconf 87' lang='lat' dir='ltr'><strong>tronne</strong></span> <span class='ocrx_word' id='word_1_145' title='bbox 539 2331 574 2366; x_wconf 88' lang='lat' dir='ltr'><strong>in</strong></span> <span class='ocrx_word' id='word_1_146' title='bbox 588 2332 714 2368; x_wconf 84' lang='lat' dir='ltr'><strong>Journ.</strong></span> <span class='ocrx_word' id='word_1_147' title='bbox 735 2334 768 2368; x_wconf 91' lang='lat' dir='ltr'><strong>d.</strong></span> <span class='ocrx_word' id='word_1_148' title='bbox 784 2334 925 2369; x_wconf 79' lang='lat' dir='ltr'><strong>savans</strong></span> <span class='ocrx_word' id='word_1_149' title='bbox 940 2335 1047 2374; x_wconf 86' lang='lat'>1817</span> 
     </span>
     <span class='ocr_line' id='line_1_36' title="bbox 388 2387 1048 2435; baseline 0.009 -15"><span class='ocrx_word' id='word_1_150' title='bbox 388 2398 473 2435; x_wconf 89' lang='lat' dir='ltr'><strong>pag.</strong></span> <span class='ocrx_word' id='word_1_151' title='bbox 502 2387 579 2432; x_wconf 78' lang='lat'><strong>92,</strong></span> <span class='ocrx_word' id='word_1_152' title='bbox 618 2388 678 2424; x_wconf 91' lang='lat' dir='ltr'><strong>ubi</strong></span> <span class='ocrx_word' id='word_1_153' title='bbox 706 2389 794 2425; x_wconf 84' lang='lat' dir='ltr'><strong>haec</strong></span> <span class='ocrx_word' id='word_1_154' title='bbox 820 2390 964 2426; x_wconf 78' lang='lat' dir='ltr'><strong>addidit</strong></span> <span class='ocrx_word' id='word_1_155' title='bbox 996 2390 1048 2426; x_wconf 86' lang='lat' dir='ltr'><strong>vir</strong></span> 
     </span>
     <span class='ocr_line' id='line_1_37' title="bbox 390 2442 1048 2490; baseline 0.009 -13"><span class='ocrx_word' id='word_1_156' title='bbox 390 2442 641 2479; x_wconf 88' lang='lat' dir='ltr'><strong>doctissimus:</strong></span> <span class='ocrx_word' id='word_1_157' title='bbox 673 2446 760 2490; x_wconf 87' lang='lat' dir='ltr'><strong>„On</strong></span> <span class='ocrx_word' id='word_1_158' title='bbox 773 2446 890 2481; x_wconf 87' lang='lat' dir='ltr'><strong>auroit</strong></span> <span class='ocrx_word' id='word_1_159' title='bbox 910 2447 930 2481; x_wconf 75' lang='lat' dir='ltr'><strong>a</strong></span> <span class='ocrx_word' id='word_1_160' title='bbox 947 2446 1048 2483; x_wconf 88' lang='lat' dir='ltr'><strong>s&#39;ex-</strong></span> 
     </span>
     <span class='ocr_line' id='line_1_38' title="bbox 390 2498 1047 2548; baseline 0.006 -14"><span class='ocrx_word' id='word_1_161' title='bbox 390 2510 490 2535; x_wconf 82' lang='lat' dir='ltr'><strong>ercet</strong></span> <span class='ocrx_word' id='word_1_162' title='bbox 510 2510 572 2534; x_wconf 88' lang='lat' dir='ltr'><strong>sur</strong></span> <span class='ocrx_word' id='word_1_163' title='bbox 596 2498 773 2548; x_wconf 85' lang='lat' dir='ltr'><strong>plusieurs</strong></span> <span class='ocrx_word' id='word_1_164' title='bbox 793 2501 978 2538; x_wconf 85' lang='lat' dir='ltr'><strong>centaines</strong></span> <span class='ocrx_word' id='word_1_165' title='bbox 1000 2502 1047 2538; x_wconf 91' lang='lat' dir='ltr'><strong>de</strong></span> 
     </span>
     <span class='ocr_line' id='line_1_39' title="bbox 390 2555 1047 2605; baseline 0.008 -15"><span class='ocrx_word' id='word_1_166' title='bbox 390 2565 580 2604; x_wconf 83' lang='lat' dir='ltr'><strong>passages,</strong></span> <span class='ocrx_word' id='word_1_167' title='bbox 611 2555 638 2590; x_wconf 89' lang='lat' dir='ltr'><strong>s&#39;</strong></span> <span class='ocrx_word' id='word_1_168' title='bbox 659 2555 681 2591; x_wconf 91' lang='lat' dir='ltr'><strong>il</strong></span> <span class='ocrx_word' id='word_1_169' title='bbox 702 2556 812 2593; x_wconf 86' lang='lat' dir='ltr'><strong>sallait</strong></span> <span class='ocrx_word' id='word_1_170' title='bbox 832 2557 991 2605; x_wconf 75' lang='lat' dir='ltr'><strong>corriget</strong></span> <span class='ocrx_word' id='word_1_171' title='bbox 1015 2557 1047 2595; x_wconf 90' lang='lat' dir='ltr'><strong>le</strong></span> 
     </span>
     <span class='ocr_line' id='line_1_40' title="bbox 390 2610 1045 2650; baseline 0.006 -4"><span class='ocrx_word' id='word_1_172' title='bbox 390 2614 491 2647; x_wconf 84' lang='lat' dir='ltr'><strong>texte</strong></span> <span class='ocrx_word' id='word_1_173' title='bbox 511 2610 557 2647; x_wconf 86' lang='lat' dir='ltr'><strong>de</strong></span> <span class='ocrx_word' id='word_1_174' title='bbox 578 2614 636 2647; x_wconf 89' lang='lat' dir='ltr'><strong>cet</strong></span> <span class='ocrx_word' id='word_1_175' title='bbox 656 2611 831 2650; x_wconf 88' lang='lat' dir='ltr'><strong>historien</strong></span> <span class='ocrx_word' id='word_1_176' title='bbox 853 2617 974 2649; x_wconf 88' lang='lat' dir='ltr'><strong>tontes</strong></span> <span class='ocrx_word' id='word_1_177' title='bbox 995 2612 1045 2650; x_wconf 88' lang='lat' dir='ltr'><strong>les</strong></span> 
     </span>
     <span class='ocr_line' id='line_1_41' title="bbox 390 2664 1046 2717; baseline 0.005 -15"><span class='ocrx_word' id='word_1_178' title='bbox 390 2666 474 2713; x_wconf 87' lang='lat' dir='ltr'><strong>sois,</strong></span> <span class='ocrx_word' id='word_1_179' title='bbox 507 2666 568 2715; x_wconf 90' lang='lat' dir='ltr'><strong>qu’</strong></span> <span class='ocrx_word' id='word_1_180' title='bbox 589 2667 611 2703; x_wconf 89' lang='lat' dir='ltr'><strong>il</strong></span> <span class='ocrx_word' id='word_1_181' title='bbox 631 2668 784 2717; x_wconf 88' lang='lat' dir='ltr'><strong>emplaie</strong></span> <span class='ocrx_word' id='word_1_182' title='bbox 806 2664 924 2714; x_wconf 76' lang='grc' dir='ltr'><em>αὐτός</em></span> <span class='ocrx_word' id='word_1_183' title='bbox 945 2669 993 2705; x_wconf 90' lang='lat' dir='ltr'><strong>de</strong></span> <span class='ocrx_word' id='word_1_184' title='bbox 1012 2669 1046 2705; x_wconf 92' lang='lat' dir='ltr'><strong>la</strong></span> 
     </span>
     <span class='ocr_line' id='line_1_42' title="bbox 391 2723 1046 2774; baseline 0.006 -16"><span class='ocrx_word' id='word_1_185' title='bbox 391 2723 508 2759; x_wconf 75' lang='lat' dir='ltr'><strong>meme</strong></span> <span class='ocrx_word' id='word_1_186' title='bbox 525 2724 697 2769; x_wconf 63' lang='lat' dir='ltr'><strong>mamere,</strong></span> <span class='ocrx_word' id='word_1_187' title='bbox 728 2737 793 2774; x_wconf 76' lang='lat' dir='ltr'><strong>par</strong></span> <span class='ocrx_word' id='word_1_188' title='bbox 808 2738 878 2762; x_wconf 86' lang='lat' dir='ltr'><strong>nne</strong></span> <span class='ocrx_word' id='word_1_189' title='bbox 889 2731 986 2762; x_wconf 82' lang='lat' dir='ltr'><strong>sorte</strong></span> <span class='ocrx_word' id='word_1_190' title='bbox 1000 2725 1046 2762; x_wconf 92' lang='lat' dir='ltr'><strong>de</strong></span> 
     </span>
     <span class='ocr_line' id='line_1_43' title="bbox 390 2779 1045 2831; baseline 0.006 -17"><span class='ocrx_word' id='word_1_191' title='bbox 390 2779 681 2826; x_wconf 85' lang='lat' dir='ltr'><strong>suraboudance,</strong></span> <span class='ocrx_word' id='word_1_192' title='bbox 711 2781 782 2817; x_wconf 81' lang='lat' dir='ltr'><strong>soit</strong></span> <span class='ocrx_word' id='word_1_193' title='bbox 799 2793 890 2830; x_wconf 89' lang='lat' dir='ltr'><strong>pour</strong></span> <span class='ocrx_word' id='word_1_194' title='bbox 912 2793 1045 2831; x_wconf 87' lang='lat' dir='ltr'><strong>rappe-</strong></span> 
     </span>
     <span class='ocr_line' id='line_1_44' title="bbox 389 2834 1046 2887; baseline 0.005 -17"><span class='ocrx_word' id='word_1_195' title='bbox 389 2834 442 2871; x_wconf 89' lang='lat' dir='ltr'><strong>ler</strong></span> <span class='ocrx_word' id='word_1_196' title='bbox 458 2834 664 2873; x_wconf 81' lang='lat' dir='ltr'><strong>l&#39;attention</strong></span> <span class='ocrx_word' id='word_1_197' title='bbox 684 2850 744 2873; x_wconf 91' lang='lat' dir='ltr'><strong>sur</strong></span> <span class='ocrx_word' id='word_1_198' title='bbox 765 2850 834 2873; x_wconf 90' lang='lat' dir='ltr'><strong>une</strong></span> <span class='ocrx_word' id='word_1_199' title='bbox 848 2849 1046 2887; x_wconf 86' lang='lat' dir='ltr'><strong>personna-</strong></span> 
     </span>
    </p>
   </div>
   <div class='ocr_carea' id='block_1_14' title="bbox 1552 1541 1711 1595">
    <p class='ocr_par' dir='ltr' id='par_1_15' title="bbox 1552 1541 1711 1595">
     <span class='ocr_line' id='line_1_45' title="bbox 1552 1541 1711 1595; baseline 0 -13"><span class='ocrx_word' id='word_1_200' title='bbox 1552 1541 1711 1595; x_wconf 84' lang='grc' dir='ltr'><em>Κιμμε-</em></span> 
     </span>
    </p>
   </div>
   <div class='ocr_carea' id='block_1_15' title="bbox 1104 1712 1790 2891">
    <p class='ocr_par' dir='ltr' id='par_1_16' title="bbox 1107 1712 1790 1820">
     <span class='ocr_line' id='line_1_46' title="bbox 1107 1712 1790 1764; baseline -0.001 -14"><span class='ocrx_word' id='word_1_201' title='bbox 1107 1727 1168 1763; x_wconf 90' lang='lat' dir='ltr'><strong>ge,</strong></span> <span class='ocrx_word' id='word_1_202' title='bbox 1192 1714 1282 1750; x_wconf 89' lang='lat' dir='ltr'><strong>dont</strong></span> <span class='ocrx_word' id='word_1_203' title='bbox 1301 1714 1325 1750; x_wconf 90' lang='lat' dir='ltr'><strong>il</strong></span> <span class='ocrx_word' id='word_1_204' title='bbox 1345 1714 1446 1751; x_wconf 88' lang='lat' dir='ltr'><strong>vient</strong></span> <span class='ocrx_word' id='word_1_205' title='bbox 1471 1714 1518 1750; x_wconf 90' lang='lat' dir='ltr'><strong>de</strong></span> <span class='ocrx_word' id='word_1_206' title='bbox 1539 1712 1673 1764; x_wconf 80' lang='lat' dir='ltr'><strong>parler,</strong></span> <span class='ocrx_word' id='word_1_207' title='bbox 1700 1713 1790 1764; x_wconf 20' lang='lat' dir='ltr'><strong>soit-</strong></span> 
     </span>
     <span class='ocr_line' id='line_1_47' title="bbox 1107 1768 1767 1820; baseline -0.002 -14"><span class='ocrx_word' id='word_1_208' title='bbox 1107 1783 1200 1820; x_wconf 92' lang='lat' dir='ltr'><strong>pour</strong></span> <span class='ocrx_word' id='word_1_209' title='bbox 1219 1772 1362 1819; x_wconf 82' lang='lat' dir='ltr'><strong>ajouter</strong></span> <span class='ocrx_word' id='word_1_210' title='bbox 1374 1783 1444 1807; x_wconf 91' lang='lat' dir='ltr'><strong>une</strong></span> <span class='ocrx_word' id='word_1_211' title='bbox 1456 1783 1596 1807; x_wconf 86' lang='lat' dir='ltr'><strong>nuance</strong></span> <span class='ocrx_word' id='word_1_212' title='bbox 1609 1770 1656 1806; x_wconf 90' lang='lat' dir='ltr'><strong>de</strong></span> <span class='ocrx_word' id='word_1_213' title='bbox 1674 1768 1767 1820; x_wconf 89' lang='lat' dir='ltr'><strong>plus,</strong></span> 
     </span>
    </p>

    <p class='ocr_par' dir='ltr' id='par_1_17' title="bbox 1108 1826 1768 1876">
     <span class='ocr_line' id='line_1_48' title="bbox 1108 1826 1768 1876; baseline -0.003 -13"><span class='ocrx_word' id='word_1_214' title='bbox 1108 1840 1248 1864; x_wconf 88' lang='lat' dir='ltr'><strong>comme</strong></span> <span class='ocrx_word' id='word_1_215' title='bbox 1274 1828 1366 1863; x_wconf 85' lang='lat' dir='ltr'><strong>dans</strong></span> <span class='ocrx_word' id='word_1_216' title='bbox 1384 1827 1419 1864; x_wconf 89' lang='lat' dir='ltr'><strong>la</strong></span> <span class='ocrx_word' id='word_1_217' title='bbox 1438 1826 1569 1876; x_wconf 85' lang='lat' dir='ltr'><strong>phrase</strong></span> <span class='ocrx_word' id='word_1_218' title='bbox 1593 1826 1652 1875; x_wconf 89' lang='lat' dir='ltr'><strong>qui</strong></span> <span class='ocrx_word' id='word_1_219' title='bbox 1676 1838 1768 1862; x_wconf 88' lang='lat' dir='ltr'><strong>nous</strong></span> 
     </span>
    </p>

    <p class='ocr_par' dir='ltr' id='par_1_18' title="bbox 1108 1878 1769 1933">
     <span class='ocr_line' id='line_1_49' title="bbox 1108 1878 1769 1933; baseline 0.002 -14"><span class='ocrx_word' id='word_1_220' title='bbox 1108 1884 1295 1933; x_wconf 88' lang='lat' dir='ltr'><strong>occupe.“</strong></span> <span class='ocrx_word' id='word_1_221' title='bbox 1329 1904 1384 1909; x_wconf 82' lang='lat'><strong>——-</strong></span> <span class='ocrx_word' id='word_1_222' title='bbox 1422 1883 1583 1920; x_wconf 90' lang='lat' dir='ltr'><strong>Verbum</strong></span> <span class='ocrx_word' id='word_1_223' title='bbox 1609 1878 1769 1920; x_wconf 72' lang='grc' dir='ltr'><em>ἅντιοῦ-</em></span> 
     </span>
    </p>

    <p class='ocr_par' dir='ltr' id='par_1_19' title="bbox 1108 1937 1766 1987">
     <span class='ocr_line' id='line_1_50' title="bbox 1108 1937 1766 1987; baseline -0.006 -9"><span class='ocrx_word' id='word_1_224' title='bbox 1108 1943 1203 1978; x_wconf 82' lang='grc' dir='ltr'><em>σθαι</em></span> <span class='ocrx_word' id='word_1_225' title='bbox 1218 1940 1351 1976; x_wconf 70' lang='lat' dir='ltr'><strong>obviam</strong></span> <span class='ocrx_word' id='word_1_226' title='bbox 1362 1941 1425 1987; x_wconf 80' lang='lat' dir='ltr'><strong>ire,</strong></span> <span class='ocrx_word' id='word_1_227' title='bbox 1441 1951 1630 1986; x_wconf 83' lang='lat' dir='ltr'><strong>occurrere,</strong></span> <span class='ocrx_word' id='word_1_228' title='bbox 1644 1937 1766 1975; x_wconf 85' lang='lat' dir='ltr'><strong>hostili</strong></span> 
     </span>
    </p>

    <p class='ocr_par' dir='ltr' id='par_1_20' title="bbox 1106 1994 1769 2046">
     <span class='ocr_line' id='line_1_51' title="bbox 1106 1994 1769 2046; baseline -0.005 -13"><span class='ocrx_word' id='word_1_229' title='bbox 1106 1996 1321 2046; x_wconf 87' lang='lat' dir='ltr'><strong>plerumque</strong></span> <span class='ocrx_word' id='word_1_230' title='bbox 1353 2009 1485 2042; x_wconf 87' lang='lat' dir='ltr'><strong>sensu,</strong></span> <span class='ocrx_word' id='word_1_231' title='bbox 1526 1994 1667 2033; x_wconf 84' lang='lat' dir='ltr'><strong>Nostro</strong></span> <span class='ocrx_word' id='word_1_232' title='bbox 1695 1995 1769 2031; x_wconf 86' lang='lat' dir='ltr'><strong>fre-</strong></span> 
     </span>
    </p>

    <p class='ocr_par' dir='ltr' id='par_1_21' title="bbox 1107 2050 1764 2101">
     <span class='ocr_line' id='line_1_52' title="bbox 1107 2050 1764 2101; baseline -0.002 -13"><span class='ocrx_word' id='word_1_233' title='bbox 1107 2065 1234 2101; x_wconf 88' lang='lat' dir='ltr'><strong>quens.</strong></span> <span class='ocrx_word' id='word_1_234' title='bbox 1286 2052 1343 2089; x_wconf 94' lang='lat' dir='ltr'><strong>De</strong></span> <span class='ocrx_word' id='word_1_235' title='bbox 1370 2065 1445 2101; x_wconf 90' lang='lat' dir='ltr'><strong>quo</strong></span> <span class='ocrx_word' id='word_1_236' title='bbox 1472 2052 1543 2089; x_wconf 86' lang='lat' dir='ltr'><strong>vid.</strong></span> <span class='ocrx_word' id='word_1_237' title='bbox 1564 2050 1764 2100; x_wconf 88' lang='lat' dir='ltr'><strong>Schweigh.</strong></span> 
     </span>
    </p>

    <p class='ocr_par' dir='ltr' id='par_1_22' title="bbox 1105 2108 1491 2146">
     <span class='ocr_line' id='line_1_53' title="bbox 1105 2108 1491 2146; baseline -0.003 0"><span class='ocrx_word' id='word_1_238' title='bbox 1105 2108 1226 2146; x_wconf 86' lang='lat' dir='ltr'><strong>Lexic.</strong></span> <span class='ocrx_word' id='word_1_239' title='bbox 1247 2108 1391 2145; x_wconf 86' lang='lat' dir='ltr'><strong>Herod.</strong></span> <span class='ocrx_word' id='word_1_240' title='bbox 1412 2122 1440 2146; x_wconf 93' lang='lat' dir='ltr'><strong>s.</strong></span> <span class='ocrx_word' id='word_1_241' title='bbox 1458 2121 1491 2145; x_wconf 89' lang='lat' dir='ltr'><strong>v.</strong></span> 
     </span>
    </p>

    <p class='ocr_par' dir='ltr' id='par_1_23' title="bbox 1105 2160 1770 2663">
     <span class='ocr_line' id='line_1_54' title="bbox 1161 2160 1767 2215; baseline -0.007 -12"><span class='ocrx_word' id='word_1_242' title='bbox 1161 2162 1347 2215; x_wconf 73' lang='grc' dir='ltr'><em>’ὑπῆρξαν</em></span> <span class='ocrx_word' id='word_1_243' title='bbox 1377 2160 1552 2215; x_wconf 70' lang='grc' dir='ltr'><em>ἀδικίης]</em></span> <span class='ocrx_word' id='word_1_244' title='bbox 1597 2164 1620 2201; x_wconf 85' lang='lat' dir='ltr'><strong>i.</strong></span> <span class='ocrx_word' id='word_1_245' title='bbox 1651 2177 1683 2202; x_wconf 91' lang='lat' dir='ltr'><strong>e.</strong></span> <span class='ocrx_word' id='word_1_246' title='bbox 1709 2165 1767 2200; x_wconf 80' lang='lat' dir='ltr'><strong>in-</strong></span> 
     </span>
     <span class='ocr_line' id='line_1_55' title="bbox 1105 2220 1770 2271; baseline -0.003 -14"><span class='ocrx_word' id='word_1_247' title='bbox 1105 2223 1208 2258; x_wconf 79' lang='lat' dir='ltr'><strong>itium</strong></span> <span class='ocrx_word' id='word_1_248' title='bbox 1233 2220 1350 2271; x_wconf 82' lang='lat' dir='ltr'><strong>fecere</strong></span> <span class='ocrx_word' id='word_1_249' title='bbox 1379 2223 1615 2267; x_wconf 80' lang='lat' dir='ltr'><strong>iniuriarum,</strong></span> <span class='ocrx_word' id='word_1_250' title='bbox 1658 2221 1770 2269; x_wconf 77' lang='lat' dir='ltr'><strong>primi</strong></span> 
     </span>
     <span class='ocr_line' id='line_1_56' title="bbox 1105 2276 1764 2315; baseline -0.005 -1"><span class='ocrx_word' id='word_1_251' title='bbox 1105 2280 1261 2314; x_wconf 73' lang='lat' dir='ltr'><strong>iniurias</strong></span> <span class='ocrx_word' id='word_1_252' title='bbox 1286 2278 1496 2315; x_wconf 70' lang='lat' dir='ltr'><strong>intulerunt.</strong></span> <span class='ocrx_word' id='word_1_253' title='bbox 1528 2278 1627 2314; x_wconf 80' lang='lat' dir='ltr'><strong>Citat</strong></span> <span class='ocrx_word' id='word_1_254' title='bbox 1648 2276 1764 2312; x_wconf 89' lang='lat' dir='ltr'><strong>locum</strong></span> 
     </span>
     <span class='ocr_line' id='line_1_57' title="bbox 1105 2331 1765 2384; baseline -0.005 -13"><span class='ocrx_word' id='word_1_255' title='bbox 1105 2335 1237 2371; x_wconf 86' lang='lat' dir='ltr'><strong>Suidas</strong></span> <span class='ocrx_word' id='word_1_256' title='bbox 1262 2347 1291 2372; x_wconf 75' lang='lat' dir='ltr'><strong>s.</strong></span> <span class='ocrx_word' id='word_1_257' title='bbox 1311 2347 1343 2370; x_wconf 90' lang='lat' dir='ltr'><strong>v.</strong></span> <span class='ocrx_word' id='word_1_258' title='bbox 1367 2335 1414 2371; x_wconf 89' lang='lat' dir='ltr'><strong>lll</strong></span> <span class='ocrx_word' id='word_1_259' title='bbox 1439 2348 1474 2384; x_wconf 92' lang='lat' dir='ltr'><strong>p.</strong></span> <span class='ocrx_word' id='word_1_260' title='bbox 1495 2333 1588 2374; x_wconf 88' lang='grc'>550.</span> <span class='ocrx_word' id='word_1_261' title='bbox 1632 2331 1690 2369; x_wconf 93' lang='lat' dir='ltr'><strong>De</strong></span> <span class='ocrx_word' id='word_1_262' title='bbox 1712 2331 1765 2368; x_wconf 91' lang='lat' dir='ltr'><strong>lo-</strong></span> 
     </span>
     <span class='ocr_line' id='line_1_58' title="bbox 1107 2387 1766 2427; baseline -0.003 -1"><span class='ocrx_word' id='word_1_263' title='bbox 1107 2391 1253 2427; x_wconf 84' lang='lat' dir='ltr'><strong>cutione</strong></span> <span class='ocrx_word' id='word_1_264' title='bbox 1274 2391 1368 2426; x_wconf 90' lang='lat' dir='ltr'><strong>conf.</strong></span> <span class='ocrx_word' id='word_1_265' title='bbox 1387 2389 1559 2426; x_wconf 64' lang='lat' dir='ltr'><strong>x&#39;aleken.</strong></span> <span class='ocrx_word' id='word_1_266' title='bbox 1589 2387 1637 2424; x_wconf 89' lang='lat' dir='ltr'><strong>ad</strong></span> <span class='ocrx_word' id='word_1_267' title='bbox 1657 2388 1766 2424; x_wconf 86' lang='lat' dir='ltr'><strong>Euri-</strong></span> 
     </span>
     <span class='ocr_line' id='line_1_59' title="bbox 1105 2445 1766 2496; baseline -0.005 -14"><span class='ocrx_word' id='word_1_268' title='bbox 1105 2447 1180 2496; x_wconf 91' lang='lat' dir='ltr'><strong>pid.</strong></span> <span class='ocrx_word' id='word_1_269' title='bbox 1210 2446 1399 2483; x_wconf 87' lang='lat' dir='ltr'><strong>Phoeniss.</strong></span> <span class='ocrx_word' id='word_1_270' title='bbox 1428 2459 1464 2495; x_wconf 90' lang='lat' dir='ltr'><strong>p.</strong></span> <span class='ocrx_word' id='word_1_271' title='bbox 1491 2445 1572 2484; x_wconf 82' lang='lat'><strong>533</strong></span> <span class='ocrx_word' id='word_1_272' title='bbox 1606 2449 1643 2481; x_wconf 88' lang='lat' dir='ltr'><strong>et</strong></span> <span class='ocrx_word' id='word_1_273' title='bbox 1673 2445 1766 2480; x_wconf 84' lang='lat' dir='ltr'><strong>iufra</strong></span> 
     </span>
     <span class='ocr_line' id='line_1_60' title="bbox 1105 2501 1766 2549; baseline -0.003 -10"><span class='ocrx_word' id='word_1_274' title='bbox 1105 2503 1245 2539; x_wconf 88' lang='lat' dir='ltr'><strong>Herod.</strong></span> <span class='ocrx_word' id='word_1_275' title='bbox 1277 2501 1347 2548; x_wconf 85' lang='lat' dir='ltr'><strong>lv,</strong></span> <span class='ocrx_word' id='word_1_276' title='bbox 1386 2503 1487 2547; x_wconf 85' lang='lat'>119,</span> <span class='ocrx_word' id='word_1_277' title='bbox 1519 2501 1642 2549; x_wconf 87' lang='lat' dir='ltr'><strong>ibique</strong></span> <span class='ocrx_word' id='word_1_278' title='bbox 1674 2505 1766 2537; x_wconf 87' lang='lat' dir='ltr'><strong>nott.</strong></span> 
     </span>
     <span class='ocr_line' id='line_1_61' title="bbox 1106 2555 1765 2607; baseline 0 -14"><span class='ocrx_word' id='word_1_279' title='bbox 1106 2558 1228 2607; x_wconf 89' lang='lat' dir='ltr'><strong>Ipsum</strong></span> <span class='ocrx_word' id='word_1_280' title='bbox 1250 2558 1400 2594; x_wconf 84' lang='lat' dir='ltr'><strong>verbum</strong></span> <span class='ocrx_word' id='word_1_281' title='bbox 1423 2555 1609 2607; x_wconf 71' lang='grc' dir='ltr'><em>ὑπῆρξαν</em></span> <span class='ocrx_word' id='word_1_282' title='bbox 1630 2557 1765 2594; x_wconf 81' lang='lat' dir='ltr'><strong>Suidas</strong></span> 
     </span>
     <span class='ocr_line' id='line_1_62' title="bbox 1105 2609 1613 2663; baseline 0.004 -13"><span class='ocrx_word' id='word_1_283' title='bbox 1105 2615 1254 2663; x_wconf 87' lang='lat' dir='ltr'><strong>exponit</strong></span> <span class='ocrx_word' id='word_1_284' title='bbox 1275 2609 1613 2663; x_wconf 79' lang='grc' dir='ltr'><em>προκατήρξαντο.</em></span> 
     </span>
    </p>

    <p class='ocr_par' dir='ltr' id='par_1_24' title="bbox 1104 2666 1766 2891">
     <span class='ocr_line' id='line_1_63' title="bbox 1162 2666 1762 2720; baseline 0 -13"><span class='ocrx_word' id='word_1_285' title='bbox 1162 2668 1214 2715; x_wconf 74' lang='grc' dir='ltr'><strong>ὥς</strong></span> <span class='ocrx_word' id='word_1_286' title='bbox 1227 2668 1292 2707; x_wconf 81' lang='grc' dir='ltr'><strong>καὶ</strong></span> <span class='ocrx_word' id='word_1_287' title='bbox 1308 2666 1502 2720; x_wconf 76' lang='grc' dir='ltr'><em>πρότερον</em></span> <span class='ocrx_word' id='word_1_288' title='bbox 1516 2684 1582 2720; x_wconf 89' lang='grc' dir='ltr'><strong>μοι</strong></span> <span class='ocrx_word' id='word_1_289' title='bbox 1598 2668 1762 2719; x_wconf 77' lang='grc' dir='ltr'><em>εἴρηται]</em></span> 
     </span>
     <span class='ocr_line' id='line_1_64' title="bbox 1105 2726 1766 2775; baseline 0.003 -15"><span class='ocrx_word' id='word_1_290' title='bbox 1105 2726 1198 2762; x_wconf 74' lang='lat' dir='ltr'><strong>Vide</strong></span> <span class='ocrx_word' id='word_1_291' title='bbox 1219 2738 1328 2775; x_wconf 83' lang='lat' dir='ltr'><strong>supra</strong></span> <span class='ocrx_word' id='word_1_292' title='bbox 1354 2727 1380 2773; x_wconf 89' lang='lat' dir='ltr'><strong>l,</strong></span> <span class='ocrx_word' id='word_1_293' title='bbox 1406 2728 1493 2766; x_wconf 83' lang='lat'>103.</span> <span class='ocrx_word' id='word_1_294' title='bbox 1523 2726 1615 2772; x_wconf 83' lang='lat'>105,</span> <span class='ocrx_word' id='word_1_295' title='bbox 1642 2726 1766 2775; x_wconf 88' lang='lat' dir='ltr'><strong>ibique</strong></span> 
     </span>
     <span class='ocr_line' id='line_1_65' title="bbox 1104 2782 1764 2832; baseline -0.002 -14"><span class='ocrx_word' id='word_1_296' title='bbox 1104 2787 1194 2818; x_wconf 80' lang='lat' dir='ltr'><strong>nott.</strong></span> <span class='ocrx_word' id='word_1_297' title='bbox 1253 2782 1341 2818; x_wconf 77' lang='lat' dir='ltr'><strong>Mox</strong></span> <span class='ocrx_word' id='word_1_298' title='bbox 1374 2783 1499 2832; x_wconf 80' lang='lat' dir='ltr'><strong>scripsi</strong></span> <span class='ocrx_word' id='word_1_299' title='bbox 1546 2783 1655 2820; x_wconf 79' lang='grc' dir='ltr'><em>δυῶν</em></span> <span class='ocrx_word' id='word_1_300' title='bbox 1697 2794 1764 2831; x_wconf 93' lang='lat' dir='ltr'><strong>pro</strong></span> 
     </span>
     <span class='ocr_line' id='line_1_66' title="bbox 1105 2837 1765 2891; baseline 0 -16"><span class='ocrx_word' id='word_1_301' title='bbox 1105 2838 1235 2891; x_wconf 76' lang='grc' dir='ltr'><em>ὁυῷν;</em></span> <span class='ocrx_word' id='word_1_302' title='bbox 1275 2839 1321 2875; x_wconf 93' lang='lat' dir='ltr'><strong>de</strong></span> <span class='ocrx_word' id='word_1_303' title='bbox 1353 2851 1425 2888; x_wconf 85' lang='lat' dir='ltr'><strong>quo</strong></span> <span class='ocrx_word' id='word_1_304' title='bbox 1447 2839 1517 2875; x_wconf 80' lang='lat' dir='ltr'><strong>vid.</strong></span> <span class='ocrx_word' id='word_1_305' title='bbox 1549 2843 1643 2876; x_wconf 78' lang='lat' dir='ltr'><strong>nott.</strong></span> <span class='ocrx_word' id='word_1_306' title='bbox 1667 2838 1714 2876; x_wconf 81' lang='lat' dir='ltr'><strong>ad</strong></span> <span class='ocrx_word' id='word_1_307' title='bbox 1738 2837 1765 2885; x_wconf 84' lang='grc' dir='ltr'><strong>Ι,</strong></span> 
     </span>
    </p>
   </div>
  </div>
 </body>
</html>
