1946 3272
118 1080 234 1108 Occidit
243 1018 390 1107 &Ml-{¹3:¹1

117 1155 197 1188 num¹
217 1156 308 1184 opera
317 1148 390 1176 Pre-

116 1188 226 1217 xaspiu.

460 276 518 316 58

852 277 1325 318 HERODOTI

455 399 503 440 γε
534 383 558 427 ὁ
587 384 703 435 θεός.
761 382 871 439 ἀτάρ
903 400 972 427 τοι
1000 385 1123 439 ὑμεῖς
1148 402 1196 441 γε
1227 385 1282 430 ov'
1312 388 1535 442 χαίροντες
1562 386 1729 442 γέλωτα

427 455 530 511 3έμὲ
560 455 796 512 θήσεσθε.“
848 458 994 497 Ταῦτα
1024 458 1167 507 εἴπας,
1200 457 1433 500 ἐνετείλατο
1465 463 1576 500 τοῖσι
1593 461 1728 500 ταῦτα

453 523 724 581 πρήσσουσι,
764 523 869 575 τούς
897 525 977 579 μὲν
1018 527 1137 581 ἱρέας
1168 526 1546 582 ἀπομαστιγῶσαι,
1589 530 1727 584 Αἰγυ-

452 598 590 639 πτίων
628 597 673 639 δὲ
715 599 804 637 τῶν
857 593 1000 638 ἄλλων
1047 597 1125 640 τόν
1174 598 1229 640 ἂν
1272 596 1436 653 λάβωσι
1477 598 1783 654 ὁρτάζοντα,35

452 669 649 710 κτείνειν.
709 665 815 721 ὁρτὴ
845 667 924 721 μὲν
955 666 1007 722 δή
1041 669 1255 712 διελέλυτο
1280 671 1574 723 Αἰγυπτίοισι·
1609 672 1652 712 οἱ
1681 671 1727 713 δὲ

423 742 444 778 4
456 738 563 792 ἱρέες
592 738 872 780 ἐδικαιεῦντο.

933 737 958 781 ὁ
999 738 1044 782 δέ
1072 738 1194 791 ’Ἆπις
1223 741 1514 796 πεπληγμένος
1543 739 1621 783 τὸν
1649 758 1726 797 μη-

452 808 554 863 ρὸν,
596 808 752 862 ἔφθινε
783 808 830 852 ἐν
859 812 921 866 τῷ
951 811 1032 867 ἱρῷ
1062 812 1378 865 κατακείμενος.
1423 810 1497 853 καὶ
1525 810 1604 854 τὸν
1633 811 1724 866 μὲν,

451 877 767 933 τελευτήσαντα
789 880 836 922 ἐκ
865 884 946 923 τοῦ
975 880 1214 936 τρώματος,
1248 881 1421 933 ἔθαψαν
1451 883 1496 924 οἷ
1515 882 1624 937 ἱρέες
1652 881 1725 926 λά-

448 954 536 1006 θρη
567 949 828 1006 Καμβύσεω.

562 1019 802 1078 Καμβύσης
839 1021 905 1071 δὲ,
947 1020 1008 1073 ὦς
1048 1021 1223 1076 λέγουσι
1265 1020 1522 1077 Αἰγύπτιοι,
1569 1022 1783 1067 adtexam

118 1114 242 1141 smum,
274 1102 392 1148 gama:
452 1091 524 1134 διὰ
562 1095 693 1135 τοῦτο
736 1092 786 1135 τὸ
820 1090 1012 1149 ἀδίκημα
1053 1092 1209 1148 ἐμάνη,
1252 1091 1336 1135 έών
1375 1091 1477 1136 οὐδὲ
1509 1093 1724 1150 πρότερον

420 1165 689 1220 Ξφρενήρης.
742 1164 830 1206 Καὶ
869 1168 1022 1218 πρῶτα
1058 1164 1138 1220 μὲν
1172 1167 1261 1207 τῶν
1289 1167 1437 1207 κακῶν
1466 1164 1723 1220 ἐξεργάσατο

448 1234 526 1278 τὸν
566 1233 784 1291 ἀδελφεὸν
825 1235 1041 1291 Σμέρδιν,
1086 1233 1215 1277 έόντα
1252 1234 1416 1290 πατρὸς
1452 1236 1527 1278 καὶ
1560 1235 1725 1291 μητρὸς

447 1309 524 1362 τῆς
554 1304 710 1362 αὐτῆς·
750 1305 829 1350 τὸν
859 1304 1078 1362 ἀπέπεμψε
1111 1305 1154 1357 ές
1186 1305 1362 1360 Πέρσας
1395 1304 1554 1363 φθόνῳ
1584 1307 1627 1359 ἐξ
1649 1312 1724 1352 Αἰ-

446 1376 633 1433 γύπτου,
665 1377 733 1422 ὅτι
761 1376 810 1422 τό
841 1378 971 1430 τόξον
1003 1381 1170 1434 μοῦνος
1202 1377 1408 1430 Περσέων
1439 1377 1547 1420 ὅσον
1581 1395 1626 1422 τε
1657 1380 1779 1423 έπὶ45

447 1446 530 1491 δύο
566 1447 810 1499 δακτύλους
840 1451 1004 1503 εἴρυσε,
1036 1449 1085 1492 τό
1114 1448 1234 1502 παρὰ
1264 1453 1344 1492 τοῦ
1364 1451 1581 1501 Αἰθίοπος
1609 1449 1723 1506 ἤνει-

446 1536 531 1562 καν
562 1521 607 1563 οἱ
628 1519 942 1576 Ἰχθυοφάγοι·
985 1523 1074 1563 τῶν
1103 1519 1148 1563 δὲ
1178 1519 1321 1563 ἄλλων
1343 1519 1550 1574 Περσέων
1581 1520 1724 1572 οὐδεὶς

417 1587 544 1641 δοῖός
579 1607 624 1634 τε
663 1590 842 1646 ἐγένετο.
898 1589 1205 1647 Ἀποιχομένου
1247 1585 1310 1634 ὦν
1350 1591 1393 1642 ές
1425 1590 1598 1645 Πέρσας
1638 1596 1723 1636 τοῦ

394 1713 397 1717 .
447 1660 680 1717 Σμέρδιος,
711 1661 815 1714 ὄψιν
835 1660 920 1706 εἶδε
942 1660 965 1706 ὁ
984 1661 1222 1719 Καμβύσης
1245 1663 1291 1706 ἐν
1310 1666 1371 1722 τῷ
1392 1662 1518 1719 ὕπνῳ
1536 1662 1719 1718 τοιήνδε.

443 1832 493 1877 ου’
505 1838 708 1889 χαίροντες
720 1834 866 1888 γέλωτα
887 1834 954 1887 ἐμὲ
972 1832 1050 1888 θή·

386 1894 523 1944 σεσθε]
554 1896 575 1931 i.
596 1909 627 1932 e.
655 1908 724 1930 uon
744 1895 879 1930 iuvabit
899 1907 978 1941 vos,
1000 1907 1052 1930 me

386 1951 540 1987 ludibrio
567 1952 731 1987 habuisse
750 1963 779 1986 s.
808 1964 953 1999 poenam
982 1964 1051 1986 ηοιι

387 2007 589 2055 effugietis,
622 2007 713 2056 quod
732 2019 783 2042 me
806 2006 960 2043 ludibrio
985 2007 1051 2043 Ιια-

386 2064 522 2100 buistt's.
554 2063 612 2100 De
634 2064 814 2100 locutione
828 2058 876 2101 ου’
898 2064 1053 2113 χαίρον-

387 2134 449 2166 τες
467 2119 603 2157 consui.
628 2120 675 2156 G.
699 2120 897 2156 Hermann.
924 2120 971 2156 ad
990 2120 1074 2155 Vi·-

387 2190 463 2225 ger.
481 2190 515 2226 p.
539 2178 633 2217 767.
671 2176 866 2213 Heindorf.
889 2177 935 2212 ad
958 2175 1050 2212 Plat.

388 2234 505 2280 Gorg.
536 2246 571 2282 p.
596 2234 689 2273 220.
726 2233 834 2268 Conf.
867 2233 960 2268 infra
987 2233 1049 2277 ΙΙΙ,

388 2290 454 2328 63.
478 2291 542 2328 69.
569 2290 639 2334 36,
671 2289 731 2325 ubi
752 2288 924 2325 Valcken.
945 2301 1051 2338 prae-

387 2350 443 2382 ter
463 2344 533 2381 alia
554 2345 865 2381 Hemsterhusinm
896 2345 1050 2381 conferri

386 2401 460 2437 vult
478 2402 513 2437 in
536 2400 684 2437 Miscell.
706 2401 815 2438 Obss,
834 2401 885 2436 VI
905 2415 939 2450 p.
955 2400 1047 2441 343.

383 2458 569 2494 linit-ando
623 2458 802 2506 expressit
859 2457 1048 2494 formulam

383 2513 583 2550 Pausanias
607 2513 668 2559 lv,
688 2516 736 2553 21
762 2511 798 2562 ὃ.
818 2516 856 2558 7,
877 2515 938 2550 ubi
956 2515 1048 2550 cons.

382 2569 550 2607 Siebelis.
565 2591 621 2596 —
637 2570 695 2606 Ad
709 2570 818 2606 verba
840 2568 984 2620 γέλωτα
995 2592 1050 2596 --

382 2622 565 2676 θήσεσθε
592 2627 687 2662 conf.
728 2626 789 2672 lli,
823 2628 876 2666 38
907 2632 943 2663 et
969 2627 1049 2672 vn,

385 2684 480 2729 209,
505 2683 564 2718 ubi
580 2681 733 2719 Wessel.
755 2687 944 2731 praeterea
966 2684 1051 2720 citat

386 2739 463 2775 Iob.
486 2739 608 2785 xvn,
628 2741 665 2778 6.
696 2738 943 2785 Athen.Vlll,
963 2753 1049 2790 pag.

387 2794 469 2836 335
491 2795 533 2832 C.

445 2849 705 2901 ἐδικαιεῦντο]
727 2851 750 2887 i.
771 2864 803 2888 e.
819 2853 942 2901 puniti
956 2855 1050 2888 sunt.

388 2908 495 2945 conf.
526 2908 556 2954 1,
588 2909 679 2949 100.
718 2907 764 2954 V,
785 2909 839 2949 92
862 2906 900 2959 §-
921 2911 961 2954 2,
991 2908 1052 2945 ubi

1109 1836 1266 1875 VVessel.
1288 1837 1415 1875 laudat
1433 1836 1617 1887 Leopard.
1641 1836 1777 1876 Emen-

1109 1895 1198 1931 datt.
1219 1896 1264 1941 V,
1285 1896 1323 1934 9.

1167 1949 1331 1997 ἔθαψαν
1353 1948 1394 1987 οἱ
1411 1947 1525 1998 ἱρέες]
1564 1947 1622 1986 Ab
1651 1950 1774 1988 Hero-

1108 2006 1197 2042 doto
1228 2006 1397 2043 dissentit
1432 2005 1667 2052 Plutarchus,
1711 2008 1773 2056 qui

1110 2063 1240 2099 bovem
1258 2076 1279 2099 a
1297 2062 1482 2110 Carnbyse
1502 2067 1684 2108 necatum,
1714 2077 1775 2101 ca-

1110 2119 1214 2155 nibus
1243 2119 1328 2156 dein
1357 2119 1557 2168 proiectum
1588 2119 1632 2156 ab
1658 2120 1774 2169 iisque

1109 2176 1323 2212 devoratum
1357 2188 1437 2212 esse
1465 2175 1610 2222 scribit,
1647 2175 1706 2214 De
1728 2176 1774 2215 Is.

1108 2237 1147 2268 et
1169 2232 1305 2269 Osirid.
1326 2244 1409 2281 pag.
1430 2233 1513 2272 368
1533 2232 1576 2268 F.

1305 2288 1413 2337 Cap.
1453 2287 1568 2324 XXX.

1165 2339 1387 2394 φρενήρης]
1412 2345 1519 2380 Conf.
1543 2343 1604 2390 ΙΙῘ,
1624 2345 1690 2384 25.
1730 2344 1772 2381 In

1109 2414 1212 2449 seqq.
1233 2402 1279 2437 ad
1302 2402 1412 2437 verba
1435 2397 1532 2438 ὅσον
1551 2415 1590 2438 τε
1614 2399 1678 2439 ἐπὶ
1696 2397 1770 2439 δύο

1109 2452 1327 2502 δακτύλους
1341 2458 1435 2493 conf.
1458 2458 1520 2502 111,
1543 2458 1566 2496 5
1591 2457 1650 2493 fin.
1673 2452 1770 2495 ὅσον

1107 2528 1146 2551 τε
1169 2512 1232 2552 ἐπὶ
1253 2517 1355 2562 τρεῖς
1380 2511 1539 2562 ἡμέρας.
1575 2512 1630 2549 Ad
1653 2514 1769 2564 ipsam

1107 2571 1325 2607 sententiam
1373 2582 1622 2619 comparamus
1665 2569 1772 2606 lusti-

1109 2640 1193 2662 nnm
1215 2627 1240 2671 Ι,
1269 2628 1292 2665 9
1326 2626 1372 2663 de
1401 2627 1582 2674 Cambyse
1608 2626 1658 2662 sic
1686 2639 1771 2673 pro-

1109 2683 1357 2719 nuntiantem:
1387 2687 1496 2728 „erat
1522 2683 1616 2720 enim
1640 2681 1771 2719 diffici-

1108 2738 1167 2785 le,
1205 2744 1243 2775 ut
1275 2744 1437 2788 parceret
1469 2740 1564 2784 suis,
1602 2739 1769 2787 quicum

1108 2800 1318 2845 contemptu
1343 2795 1549 2843 religionis,
1581 2799 1768 2844 grassatus

1108 2852 1217 2889 etiam
1243 2852 1416 2888 adversus
1439 2852 1528 2888 deos
1547 2851 1711 2889 fuerat.“

1166 2904 1209 2947 τό
1227 2929 1281 2935 -
1298 2905 1478 2959 ἤνεικαν]
1502 2909 1584 2948 vid.
1602 2921 1681 2959 cap.
1700 2910 1766 2950 21.
