1863 3256
478 195 563 235 304
874 194 1339 234 HERODOTI

451 303 621 360 4σφέας
650 303 714 356 δὲ,
747 307 1072 348 Μεταποντῖνοι
1100 303 1296 361 λέγουσι,
1337 303 1379 355 ἐς
1410 303 1615 359 Δελφούς
1642 303 1744 359 πέμ·
1809 311 1863 352 28

477 381 666 426 ψαντας,
697 373 776 417 τὸν
794 374 904 417 θεόν
925 373 1162 428 ἐπειρωτᾶν
1191 373 1217 418 ὅ
1245 392 1287 418 τι
1308 374 1356 417 τὸ
1382 373 1536 429 φάσμα
1562 378 1643 418 τοῦ
1673 372 1746 418 ἄν·
1759 380 1803 416 55

450 445 664 499 ὃθρώπου
696 446 770 500 εἴη.
819 444 897 499 τὴν
927 443 974 487 δὲ
1007 446 1185 500 Πυθίην
1216 445 1354 500 σφέας
1385 444 1577 489 κελεύειν
1605 446 1748 489 πείθε-

479 522 584 560 σθαι
605 520 665 572 τῷ
688 513 897 570 φάσματι·
929 514 1230 569 πειθομένοισι
1256 516 1315 566 δὲ,
1349 515 1530 571 ἄμεινον
1553 518 1750 561 συνοίσε-

480 593 598 631 σθαι.
658 587 731 629 καί
761 598 897 641 σφεας
927 584 1187 640 δεξαμένους
1215 589 1376 638 ταῦτα,
1407 591 1587 643 ποιῆσαι
1617 588 1748 631 ἐπιτε-

449 657 570 700 6λέα.
642 656 731 698 Καὶ
779 659 863 698 νῦν
908 656 1056 711 ἕστηκε
1107 656 1290 711 ἀνδριάς
1339 658 1588 714 ἐπωνυμίην
1638 658 1747 713 ἔχων

475 726 702 781 Ἀριστέω,
732 723 837 779 παρ’
873 725 993 784 αὐτῷ
1022 730 1086 782 τῷ
1119 726 1330 783 ἀγάλματι
1360 733 1440 773 τοῦ
1468 728 1747 780 Ἀπόλλωνος,
1759 737 1805 771 60

476 798 598 851 πέριξ
637 797 684 840 δὲ
723 794 859 840 αὐτὸν
896 795 1064 852 δάφναι
1093 795 1262 840 ἑστᾶσι·
1312 798 1362 842 τὸ
1406 799 1452 843 δὲ
1492 800 1662 856 ἄγαλμα
1700 800 1748 844 ἐν

474 873 529 926 τῇ
560 868 701 924 α’γορῇ
733 869 917 922 ἵδρυται.
971 865 1172 922 Ἀριστέω
1204 868 1283 923 μέν
1311 885 1395 912 νυν
1424 869 1525 925 πέρι
1553 875 1748 915 τοσαῦτα

480 939 686 996 εἰρήσθω.

351 1016 416 1060 16
593 1015 680 1068 Τῆς
709 1009 756 1053 δὲ
784 1013 883 1065 γῆς,
914 1012 990 1064 τῆς
1018 1007 1118 1063 πέρι
1147 1008 1220 1053 ὅδε
1251 1005 1274 1052 ὁ
1302 1007 1432 1065 λόγος
1465 1009 1661 1067 ὥρμηται
1685 1012 1747 1056 λέ-

143 1080 422 1149 ξξξῇἀξᾞῆῑζῖἑ
479 1087 656 1138 γεσθαι,
711 1080 858 1132 οὐδεὶς
901 1079 992 1124 οἶδε
1038 1078 1211 1135 ἀτρεκὲς
1257 1079 1283 1124 ὅ
1322 1097 1363 1123 τι
1407 1080 1456 1125 τὸ
1498 1080 1748 1138 κατύπερθέ

142 1147 421 1211 ῗξζξᾞῑῑιίἵξρῑοη·
451 1154 585 1198 Ξέστι.
645 1150 826 1204 οὐδενὸς
857 1152 942 1208 γὰρ
981 1150 1034 1208 δή
1074 1150 1297 1196 αὐτόπτεω
1340 1150 1501 1196 εἰδέναι
1544 1153 1748 1210 φαμένου

420 1365 535 1402 visam
554 1365 732 1413 (animam
753 1363 850 1412 scil.)
879 1363 1083 1402 evolantem

422 1434 467 1460 ex
486 1435 549 1460 ore
565 1422 601 1458 in
623 1421 881 1467 Proconneso,
912 1421 1010 1458 corvi
1029 1421 1085 1457 ef-

421 1478 521 1527 figie,
550 1490 697 1527 magna,
717 1490 811 1527 quae
833 1477 1008 1526 sequitur,
1031 1477 1086 1513 fa-

424 1534 658 1571 bulositate.“
736 1534 793 1572 De
826 1533 999 1570 Zalmoxi
1037 1532 1087 1568 si-

372 1583 374 1587 *
423 1590 521 1628 milia
537 1592 745 1628 referuntur
759 1590 822 1636 IV,
839 1590 907 1636 95,
931 1590 992 1626 ubi
1009 1589 1084 1626 vid,

423 1650 515 1684 nott.
555 1646 704 1683 Corvum
729 1647 925 1695 Magorum
953 1647 989 1683 in
1019 1647 1088 1683 do-

423 1704 541 1741 ctrina
560 1703 768 1752 significare
787 1703 999 1740 sacerdotem
1019 1702 1089 1740 So-.

423 1760 492 1806 lis,
529 1764 626 1797 teste
649 1759 852 1809 Porphyrio
881 1760 928 1797 de
952 1759 1085 1796 abstin.

422 1816 473 1853 lV
484 1829 521 1866 p.
534 1818 615 1857 399
629 1815 707 1863 (ed.
725 1815 847 1864 Lugd.
860 1815 942 1853 Bat.
960 1816 1086 1864 1620)

423 1873 563 1910 monuit
580 1873 710 1910 Ritter.
737 1872 908 1910 Vorhalle
928 1886 965 1923 p.
984 1874 1086 1912 278:

422 1942 496 1978 quo
523 1929 602 1979 ipso
625 1942 705 1966 cum
733 1929 781 1965 ad
805 1929 930 1966 Asiam
958 1928 1085 1966 Medi-

422 1998 501 2022 cam
533 1985 759 2034 relegemus,
806 1984 992 2023 Aristeam
1029 1984 1087 2022 ille

420 2041 495 2078 vult
518 2041 641 2080 haberi
663 2055 729 2092 pro
751 2045 834 2079 vate
860 2055 902 2079 ac
922 2042 1086 2078 ministro

423 2097 542 2145 Solis,
613 2098 857 2148 antiquissimi
914 2099 1084 2144 numinis,

421 2155 521 2202 quod
565 2154 740 2193 Indorum
782 2155 830 2192 sit
871 2153 1004 2201 Κοῖος,
1053 2167 1083 2193 s,

422 2209 595 2247 Buddlaa.
646 2211 752 2255 Quae
780 2212 859 2248 aliis
882 2212 1083 2248 diiudican-

421 2267 470 2303 da
494 2267 681 2316 relinquo,
712 2269 748 2305 id
770 2280 879 2304 unum
898 2268 1085 2314 adiiciens,

424 2335 569 2360 corvum
621 2324 768 2360 omnino
821 2336 960 2361 sacram
999 2324 1084 2361 ferri

425 2391 551 2425 avem,
580 2378 830 2429 Apollinisque
853 2381 1019 2417 comitem
1042 2392 1086 2416 ae

425 2435 639 2482 ministrum,
671 2436 706 2472 in
726 2437 894 2486 auspiciis
912 2438 1084 2486 frequen-

423 2495 508 2528 tem.
548 2490 669 2537 Plura,
699 2504 766 2529 nec
785 2492 854 2529 hoc
875 2492 955 2529 Ioco
977 2504 1084 2542 prae-

422 2548 613 2595 termisso,
653 2549 679 2584 l.
712 2548 772 2584 Fr.
806 2548 1013 2584 Gronovius
1047 2548 1083 2583 in

426 2604 636 2642 Observatt.
667 2604 736 2650 III,
769 2606 818 2644 19
850 2604 911 2641 fin.
941 2625 996 2632 —
1025 2603 1081 2640 Ad

424 2660 536 2698 verba
575 2661 739 2710 proxime
786 2660 978 2709 sequentia
1017 2658 1084 2698 καὶ

425 2713 496 2755 τὸν
524 2717 618 2754 conf.
645 2716 714 2762 IV,
761 2720 799 2758 9.
859 2716 973 2754 Paulo
1004 2720 1088 2766 post

423 2786 504 2810 cum
524 2777 672 2812 recentt.
687 2774 770 2810 edd.
790 2773 996 2822 scripsimus
1013 2769 1087 2822 τήν

425 2827 475 2868 δὲ
501 2829 689 2880 Πυθίην,
719 2829 781 2867 ubi
803 2829 912 2878 vulgo
940 2824 1016 2880 τήν
1038 2843 1087 2868 τε

1144 1363 1324 1413 Πυθίην.
1350 1361 1409 1401 Ad
1429 1364 1543 1401 verba
1566 1367 1698 1403 ποιεῖν
1724 1363 1804 1404 ε’πι-

1141 1418 1252 1458 τελὲα
1271 1421 1365 1458 conf.
1385 1421 1448 1466 111,
1468 1423 1531 1460 16.
1566 1420 1631 1468 IV,
1655 1423 1692 1462 3.

1195 1475 1307 1528 πέριξ
1331 1473 1373 1515 δὲ
1395 1472 1529 1526 αὐτὸν]
1571 1477 1626 1514 Ita
1646 1490 1725 1515 cum
1745 1490 1805 1516 re-

1143 1537 1255 1571 centt.
1281 1533 1366 1570 edd.
1388 1533 1561 1583 reposui,
1601 1538 1682 1571 cum'
1704 1533 1806 1586 apud

1143 1589 1375 1627 Herodotum
1392 1589 1518 1626 vocula
1537 1587 1649 1640 πέριξ
1667 1591 1734 1638 (de
1743 1604 1807 1628 cu-

1142 1646 1196 1682 ius
1216 1651 1368 1684 accentu
1390 1646 1542 1683 diximus
1558 1646 1682 1693 adIII,
1705 1648 1804 1695 117)

1143 1702 1303 1740 crebrius
1330 1703 1532 1744 inveniatur
1554 1707 1685 1752 quarto
1705 1703 1805 1740 casui

1142 1759 1286 1806 iuncta,
1332 1763 1371 1795 ut
1399 1759 1534 1796 docent
1560 1760 1805 1810 interpretes;

1143 1815 1187 1852 cf.
1208 1815 1236 1863 1,
1261 1816 1351 1855 196.
1383 1815 1427 1861 ΙΙ,
1448 1817 1513 1855 29.
1543 1815 1608 1864 ΙΙΙ,
1626 1817 1716 1856 153.
1741 1815 1804 1862 IV,

1143 1873 1209 1912 36.
1238 1872 1302 1911 52.
1323 1874 1389 1913 79.
1411 1874 1491 1912 180
1521 1872 1602 1909 coll.
1625 1872 1689 1919 IV,
1710 1872 1804 1919 152,

1143 1928 1204 1964 ubi
1232 1927 1311 1965 libri
1335 1929 1512 1965 fluctuant
1538 1930 1631 1966 inter
1657 1940 1806 1966 accusa-

1142 1985 1255 2021 tivum
1277 1988 1313 2021 et
1332 1985 1551 2034 genitivum,
1581 1985 1642 2035 qui
1662 1989 1699 2022 et
1723 1985 1804 2034 ipse

1143 2041 1326 2078 invenitur
1346 2041 1373 2088 Ι,
1399 2043 1489 2083 179.
1528 2041 1575 2089 ΙΙ,
1605 2043 1672 2082 91.
1723 2040 1806 2078 No-

1144 2102 1219 2134 stro
1252 2096 1331 2134 loco
1367 2110 1434 2148 pro
1470 2095 1584 2149 πέριξ
1624 2101 1711 2134 sunt
1741 2097 1803 2147 qui

1142 2154 1346 2204 praebeant
1368 2153 1458 2204 περὶ
1484 2159 1521 2192 et
1544 2167 1610 2205 pro
1642 2149 1762 2192 αὐτὸν
1782 2166 1803 2191 e

1141 2211 1324 2247 Sancrosti
1352 2210 1443 2247 libro
1478 2215 1627 2248 notatur
1657 2204 1801 2255 αὐτῶν,

1141 2268 1240 2316 quod
1265 2267 1483 2316 IVesseling.
1502 2266 1627 2304 tenuit.
1655 2287 1711 2293 —
1741 2264 1801 2301 Ad

1141 2328 1396 2371 argumentum
1438 2322 1506 2358 Ioci
1550 2322 1634 2359 facit
1669 2321 1800 2359 Athen.

1139 2379 1227 2416 XIII
1248 2392 1334 2429 pag.
1355 2378 1435 2419 605
1455 2378 1497 2415 C.

1350 2435 1459 2485 Cap.
1490 2433 1588 2471 XVI.

1199 2486 1362 2536 ου’δενὸς
1400 2487 1473 2542 γάρ
1508 2486 1560 2540 δή
1597 2485 1801 2530 αὐτόπτεω

1143 2546 1291 2585 εἰδέναι
1316 2562 1338 2584 κ
1359 2561 1388 2583 τ.
1413 2547 1462 2596 λ.]
1508 2547 1646 2583 Eadem
1667 2546 1802 2584 locutio

1142 2604 1206 2650 111,
1233 2604 1309 2644 115
1333 2602 1409 2640 coll.
1431 2603 1476 2648 II,
1496 2604 1562 2643 29.
1605 2603 1687 2650 VII,
1711 2604 1800 2644 139.

1143 2660 1185 2696 In
1207 2659 1262 2696 his
1285 2665 1404 2697 autem
1425 2659 1639 2697 enarrandis
1655 2660 1703 2697 de
1719 2658 1802 2696 Ari-

1144 2716 1221 2753 stca
1239 2717 1359 2764 deque
1375 2717 1545 2765 gentibus
1563 2717 1598 2753 in
1612 2715 1703 2753 illius
1721 2727 1801 2753 car-

1143 2773 1240 2809 mine
1269 2773 1556 2810 commemoratis
1584 2784 1693 2822 quam
1715 2784 1800 2821 pru·
1835 2790 1842 2796 κ

1145 2829 1275 2867 denter
1297 2830 1413 2879 egerit
1432 2829 1666 2873 Herodotus,
1705 2828 1800 2866 bene
