1863 3256
411 253 967 296 MELPOMENE.
1026 255 1088 296 IV.
1298 262 1379 301 571

125 365 408 423 μνημόσυνον
443 364 608 408 ἑωυτοῦ
646 363 869 416 λιπέσθαι,
910 365 1042 406 τοῦτο
1080 361 1130 406 τὸ
1171 363 1229 419 μή
1266 364 1381 425 ἄλλῳ

126 439 190 493 εἴη
224 437 393 492 βασιλέϊ
420 434 787 491 κατεργασμένον,
817 435 1010 490 ἐμιμέετο
1039 437 1224 477 τοῦτον·
1257 433 1300 484 ἐς
1330 432 1384 478 οὗ

96 508 257 563 δὲ’λαβε
296 507 375 550 τὸν
411 506 586 564 μισθόν.
644 512 833 560 Δαρεῖος
872 505 950 561 μὲν
987 506 1069 561 γάρ
1100 505 1282 560 χρυσίον
1311 521 1387 547 κα-

122 578 381 632 θαρώτατον
421 576 646 634 ἀπεψήσας
677 581 720 629 ἐς
750 578 798 621 τὸ
831 576 1158 627 δυνατώτατον,
1195 575 1443 631 νόμισμαὸο

123 649 332 700 ἐκόψατο·
369 647 608 704 Ἀρυάνδης
641 648 686 690 δὲ
717 646 861 702 ἄρχων
890 648 1140 703 Αἰγύπτου,
1173 644 1387 701 ἀργύριον

122 719 261 763 τώυτό
301 723 432 762 τοῦτο
465 720 622 762 ἐποίεε
678 718 751 761 καὶ
782 721 863 760 νῦν
891 718 980 762 ἐστὶ
1010 718 1221 774 ἀργύριον
1250 722 1387 761 καθα·

65 789 298 846 4ρώτατον
346 788 395 832 τὸ
443 787 740 843 Ἀρυανδικόν.

805 788 965 843 μαθών
1000 790 1044 832 δὲ
1082 788 1271 843 Δαρεῖός
1311 804 1387 844 μιν

120 865 256 904 ταῦτα
294 863 523 911 ποιεῦντα,
569 862 709 916 αἰτίην
740 861 783 903 οἱ
815 858 950 915 ἄλλην
981 861 1216 910 ἐπενείκας,
1255 859 1313 909 ὥς
1343 860 1387 902 οἱ

0 936 75 982 ,67
120 932 437 983 ἐπανιστὲαιτο,
476 930 707 975 ἀπέκτεινε.

771 930 876 974 Τότε
905 932 950 975 δὲ
986 930 1114 982 οὗτος
1144 931 1166 975 ὁ
1193 930 1369 984 ’Λρυάν-
1383 937 1426 971 85
1440 933 1716 968 Afyan‘lesl'hefc-

1437 968 1527 995 timae
1546 968 1595 994 dat
1613 969 1716 1002 copias

120 1004 197 1058 δης
215 1005 512 1057 κατοικτείρας
537 1005 793 1059 Φερετίμην,
826 1005 943 1046 διδοῖ
963 1001 1073 1059 αὐτῇ
1094 1002 1279 1057 στρατὸν
1299 1001 1379 1044 τόν
1436 1010 1538 1028 ⁰¹¹¹·¹⁸⁸
1561 1001 1716 1034 ⁹⁰¹¹2³²¹²⁸

121 1073 163 1125 ἐξ
185 1073 416 1128 Αἰγύπτου
446 1074 637 1126 ἅπαντα,
665 1075 736 1117 καὶ
765 1073 844 1117 τόν
874 1074 1001 1126 πεζόν
1030 1074 1100 1116 καὶ
1130 1073 1207 1116 τὸν
1237 1090 1383 1115 ναυτι-

1435 1041 1465 1062 et
1485 1036 1636 1069 nanninus,
1662 1034 1717 1061 du-

1457 1070 1537 1095 cibus
1564 1068 1700 1095 Amaside

1439 1102 1599 1136 Maraphio
1618 1102 1717 1128 etBa-

1440 1139 1494 1162 ατε
1525 1135 1714 1169 νει-οι-ρζὶιᾱᾶι

119 1143 219 1187 κόν·
263 1144 504 1200 στρατηγόν
538 1146 583 1188 δὲ
611 1149 693 1188 τοῦ
722 1146 800 1199 μὲν
830 1149 960 1197 πεζοῦ
983 1145 1165 1197 ’Ἄμασιν
1195 1142 1381 1195 ἀπέδεξε,
1439 1170 1716 1202 fflffiilinnmqan-

1440 1203 1486 1229 dis
1502 1211 1513 1227 x
1524 1203 1596 1229 ideri
1613 1202 1717 1235 fuisse,

120 1213 262 1270 ἄνδρα
291 1215 560 1273 Μαράφιον·
591 1220 671 1260 τοῦ
703 1216 748 1260 δὲ
777 1219 988 1259 ναυτικοῦ
1018 1214 1216 1271 Βάδρην,
1255 1214 1382 1258 ἐόντα
1440 1242 1471 1262 ut
1495 1236 1714 1271 subigere-ilai-

124 1365 163 1412 ἐς
185 1360 234 1404 οὗ
256 1366 371 1417 ἔλαβε
388 1363 460 1406 τόν
481 1362 658 1416 μισθόν]
690 1365 731 1413 ἔς

67 1416 117 1461 οὗ
159 1436 225 1472 pro
266 1423 306 1469 ἐς
344 1420 366 1462 ὂ
382 1452 392 1472 ,
453 1423 552 1472 quod
604 1427 729 1460 tuetur

66 1479 226 1526 Manli„
273 1493 368 1517 nunc
395 1493 414 1517 e
449 1479 656 1516 melioribus
687 1479 729 1515 li-

67 1536 140 1572 bris
162 1537 374 1584 repositum.
415 1536 522 1572 Conf.
549 1536 608 1583 lv,
634 1538 726 1576 160.

66 1591 211 1629 Referri
239 1597 360 1629 autem
382 1593 491 1629 debet
511 1593 609 1629 hicce
627 1592 726 1628 locus

67 1649 116 1685 ad
140 1649 333 1698 Scriptoris
354 1648 483 1685 Nostri
511 1649 727 1686 sententiam

69 1705 118 1742 de
137 1706 287 1741 deorum
312 1706 494 1750 vindicta,
532 1706 592 1754 qui
612 1705 728 1741 hoini-

67 1773 134 1798 nes
161 1761 357 1798 insolenter
379 1767 529 1810 agentes
553 1766 588 1798 et
607 1762 726 1797 maio-

67 1830 108 1853 ra
128 1821 238 1865 atque
256 1818 310 1854 sas
333 1824 388 1855 cst
411 1818 530 1854 animo
550 1823 728 1867 appeten-

67 1877 123 1910 tes
157 1874 327 1911 deiiciant
361 1875 539 1923 bonisque
570 1875 727 1924 privent,

71 1934 112 1966 ut
133 1932 296 1968 meritam
315 1931 506 1981 superbiae
522 1930 621 1966 luant
639 1944 728 1981 poe-

68 1999 166 2024 nam.
214 1987 271 2024 De
305 2000 378 2036 quo
398 1987 620 2024 Dalilmann.
648 1987 728 2023 He-

69 2043 148 2079 rod.
169 2056 204 2092 p.
218 2042 309 2084 165.
340 2043 423 2080 Vid.
445 2056 554 2093 supra
574 2048 665 2080 nott.
678 2044 726 2080 ad

70 2099 101 2144 l,
120 2100 185 2138 32.
216 2100 280 2145 ΙΙΙ,
306 2100 372 2140 40.
389 2120 444 2128 -—-
474 2096 645 2148 ἐκόψατο
663 2112 726 2135 va-

70 2154 137 2191 let:
166 2156 250 2192 cudi
268 2158 369 2192 iussit
386 2170 516 2204 numos,
537 2158 625 2193 satis
641 2161 727 2192 nota

69 2212 170 2248 verbi
190 2213 298 2249 medii
319 2217 513 2262 potestate.
554 2214 611 2249 Ad
631 2218 728 2249 stru-

72 2274 212 2305 cturam
246 2270 437 2306 verborum
464 2282 567 2318 seqq.
608 2264 729 2320 ἄργυ-

74 2339 161 2374 ριον
183 2320 310 2363 τωύτό
334 2327 448 2363 τοῦτο
475 2325 601 2363 ἐποίεε
634 2327 730 2362 conf.

73 2380 209 2420 Matth.
239 2382 305 2419 Gr.
325 2382 390 2419 Gr.
420 2380 456 2432 ἓ.
477 2381 558 2423 415
583 2382 618 2433 β.
642 2395 728 2433 pag.

74 2439 168 2477 760.

130 2492 196 2532 καὶ
229 2496 306 2532 νῦν
341 2492 421 2533 ἐστὶ
459 2489 654 2545 οἷργύριον
694 2509 730 2532 κ.

75 2564 108 2588 τ.
131 2549 178 2599 λ.]
217 2551 333 2596 Hinc,
371 2556 542 2588 monente
563 2551 732 2596 U'essel„

76 2605 203 2643 Pollux
225 2606 287 2652 ΙΙΙ,
313 2608 379 2646 87.
416 2607 497 2654 Vll,
525 2609 578 2648 98
601 2620 730 2656 argeu-

78 2667 154 2698 tum
176 2657 448 2711 Ἀρυανδικόν.
487 2663 552 2700 Cr.
577 2664 733 2701 conferri

78 2718 151 2755 vult
170 2718 330 2754 Boeckh.
363 2720 667 2757 Staatshaushalt.
694 2721 730 2757 d.

80 2774 212 2812 Athen.
231 2774 243 2810 l
264 2787 299 2824 p.
319 2777 393 2819 233
432 2777 493 2824 qui
514 2777 561 2813 de
579 2777 731 2814 Darico-

82 2844 161 2868 rum
179 2843 263 2867 vero
286 2832 449 2880 pondere
475 2833 654 2872 disseruit.
678 2854 733 2861 -—

84 2886 143 2924 Ad
159 2885 365 2933 ἐπενείκας
381 2888 474 2924 conf.
490 2888 554 2934 IV,
579 2889 735 2929 154.—

1439 1270 1538 1304 hymn.

785 1365 858 1402 Pro
885 1363 1164 1412 ἐπανιστέατο,
1212 1365 1310 1413 quod
1337 1364 1446 1414 pleri-

786 1435 857 1469 que
889 1426 1016 1458 tenent
1040 1422 1120 1458 libri
1143 1421 1264 1470 scripti
1293 1422 1446 1470 ipseque

784 1478 989 1526 Matthiae,
1038 1491 1117 1515 cum
1159 1477 1362 1525 Schweigh.
1409 1481 1447 1514 et

785 1535 900 1571 Gaisf.
979 1535 1064 1572 dedi
1149 1533 1445 1580 ἐπανιστέαιτο,·

783 1591 1130 1639 Schweighaeusero
1169 1591 1286 1638 magis
1320 1590 1443 1640 place-

782 1652 838 1683 ret
884 1647 1145 1685 ἐπανίσταιτο.
1214 1646 1366 1694 Schugt.
1406 1647 1442 1682 in

783 1703 935 1741 Miscell.
948 1704 1098 1740 Cracov.
1113 1703 1218 1740 Fasc.
1237 1702 1271 1738 ll
1291 1702 1440 1750 (1818)

782 1773 819 1811 p.
842 1759 895 1800 45
925 1761 1127 1797 coniecerat
1157 1758 1440 1797 ἐπανιστείατο.

953 1818 1059 1866 Cap.
1092 1815 1273 1853 CLXVII.

841 1871 961 1922 διδοῖ]
998 1873 1057 1909 Ad
1078 1873 1229 1909 sormam
1262 1871 1356 1907 conf.
1378 1869 1441 1917 lV,

786 1931 865 1971 163
892 1934 927 1966 et
948 1930 983 1965 in
1002 1931 1163 1979 proxime
1185 1940 1265 1976 sqq.
1286 1927 1442 1964 attende

783 1987 855 2023 vim
883 1986 1160 2036 praepositionis
1195 1981 1264 2022 τόν
1296 1982 1343 2030 ἕξ
1374 1983 1442 2022 Αί-

783 2039 959 2095 γύπτου,
990 2043 1036 2079 de
1059 2055 1131 2090 qua
1155 2053 1264 2091 supra
1284 2041 1355 2076 iam
1376 2039 1443 2075 ali-

784 2099 926 2149 quoties
953 2100 1166 2135 monuimus.
1216 2097 1256 2133 In
1279 2096 1358 2146 ipso
1384 2108 1443 2132 ar-

783 2163 955 2204 gumento
1030 2155 1199 2192 convenit
1264 2152 1441 2202 Polyaen.

783 2212 891 2258 Ylll,
922 2211 987 2251 47.

842 2265 969 2317 ἄνδρα
996 2263 1248 2317 Mapoiqnov]
1291 2259 1444 2315 Dsapa'-

787 2340 874 2375 φιοι
906 2337 1017 2372 supra
1046 2325 1140 2360 inter
1160 2323 1353 2359 Persarum
1382 2318 1445 2372 γέ-

787 2396 856 2420 νεα
878 2381 905 2427 l,
929 2382 1021 2427 125,
1051 2380 1110 2416 ubi
1133 2379 1227 2415 conf.
1249 2382 1341 2414 nott.
1390 2377 1445 2413 Ex

787 2451 860 2487 qua
881 2442 992 2485 gente
1016 2437 1114 2485 quod
1133 2436 1165 2472 h.
1185 2435 1206 2472 l.
1229 2446 1446 2471 commemo-

786 2499 887 2531 ratur
930 2494 1003 2529 dux
1045 2492 1198 2543 (quales
1232 2490 1447 2541 plerumque

787 2563 832 2588 ex
905 2548 1253 2586 Achaemenidarmu
1337 2552 1446 2595 geute

789 2602 1065 2656 sumebantur),
1107 2605 1174 2641 hoc
1199 2605 1338 2641 unicum
1370 2603 1446 2638 fere

788 2662 990 2712 exemplum
1014 2663 1207 2699 Persarum
1235 2661 1275 2696 in'
1299 2658 1447 2695 historia

786 2720 902 2757 videri
928 2718 1054 2755 scribit
1083 2718 1244 2754 Heereu.
1273 2715 1383 2750 Idem
1414 2712 1442 2757 1,

792 2780 811 2816 1
835 2789 920 2827 pag.
939 2775 1033 2815 512.
1055 2795 1106 2802 -
1139 2772 1210 2815 Qui
1231 2765 1388 2818 Βάδρης
1407 2768 1441 2803 h.

788 2832 836 2879 l.‚
880 2833 909 2867 is
943 2831 1037 2866 iufra
1074 2829 1144 2875 lv,
1189 2828 1269 2866 203
1301 2820 1443 2874 Βάρης,

793 2888 894 2937 quod
914 2886 1111 2935 genuinum
1136 2884 1201 2919 viri
1225 2892 1358 2919 nomen
1386 2880 1443 2916 su-
