1863 3256
447 189 533 229 526

835 187 1299 227 IIERODOTI

419 296 496 339 8οἱ
535 297 580 340 δὲ
621 297 775 341 αὐτίκα
814 297 892 352 μὲν
926 295 1091 350 γάμους
1129 296 1311 350 ἔγημαν,
1355 294 1431 345 τὰς
1460 297 1506 339 δὲ
1539 298 1587 341 ἐκ
1617 299 1702 356 Λή-

285 365 384 410 146
442 383 557 422 μνου
605 367 792 424 ἤγοντο,
843 367 1045 418 ἐξέδοσαν
1093 364 1275 410 ἄλλοισι.

390 563 524 599 storiae
549 562 680 599 verba:
711 557 750 604 ἒς
771 555 899 607 φνλᾰς
920 555 1051 598 διεδά-

393 630 512 656 σαντο
531 618 611 666 (per
631 615 742 652 tribus
764 615 1051 666 cl1·strz·buerunt)‚·

390 687 487 722 quae
509 685 571 709 cur
592 673 638 709 de
658 672 910 709 Perioecorum
940 673 1051 709 tribu-

391 730 480 775 bus,
510 741 576 764 nec
601 741 708 774 vero,
746 730 847 776 quod
869 729 948 778 ipsa
981 730 1051 766 sert

391 798 449 821 res
479 783 666 833 ipsiusque
691 785 894 822 sententiae
915 798 1052 822 conne-

391 853 479 886 xus,
518 840 565 876 de
592 841 854 890 Spartanorum
885 841 1050 877 tribubus

393 896 604 945 accipienda
632 897 727 942 sint,
770 897 941 944 equidem
975 909 1050 933 non

390 951 566 999 intelligo.
625 951 706 989 Nec
726 953 842 1000 magis
868 952 1049 1001 intelligo,

391 1020 463 1056 quo
492 1009 568 1045 iure
596 1010 766 1057 cognatio
793 1009 928 1057 Minyis
955 1022 1050 1057 quae

391 1077 471 1101 cum
482 1064 673 1113 Spartanis
689 1066 942 1108 intercesserit,
962 1065 1049 1101 ficta

390 1120 625 1170 perhibeatur
671 1126 784 1170 atque
830 1119 899 1158 hoc
938 1122 1048 1158 modo

390 1176 572 1213 Herodoti
621 1177 668 1214 de
709 1178 782 1215 fide
824 1177 1050 1224 detrahatur,

390 1245 500 1282 quam
519 1233 604 1269 mihi
624 1234 658 1270 in
675 1233 805 1270 talibus
821 1235 1049 1283 praesertim,

390 1289 452 1325 ubi
471 1289 621 1326 meliora
638 1291 838 1339 antiquitas
856 1303 922 1326 nos
942 1291 1051 1326 mini-

391 1358 450 1381 me
470 1346 628 1392 edocuit,
658 1359 834 1383 summam
856 1358 935 1383 esse
951 1346 1049 1383 haud

391 1414 464 1438 uno
494 1401 574 1438 loco
607 1403 714 1440 edixi.
772 1402 853 1440 Nec
881 1402 1051 1439 abhorret

388 1461 595 1507 temporum
643 1460 756 1504 ratio,
816 1471 888 1507 quo
933 1459 1049 1495 minus

387 1512 536 1562 Minyas
587 1527 608 1551 a
643 1514 843 1563 Tyrrhenis
883 1514 1048 1563 Pelasgis

390 1569 534 1607 Lemno
570 1570 704 1607 eiectos
732 1569 1050 1608 Lacedaemonem

341 1663 344 1666 Α
389 1627 533 1663 venisse
554 1639 639 1663 vere
668 1627 776 1676 prodi
796 1627 1050 1665 existimemus,

392 1682 465 1725 Qui
485 1682 631 1731 Pelasgi
651 1684 839 1731 octoginta
856 1687 942 1732 post
954 1683 1052 1720 Tro-

391 1737 463 1774 iam
491 1743 634 1788 captam
664 1740 768 1776 annis
797 1740 826 1776 si
853 1752 873 1776 e
893 1739 1052 1776 Boeotia

391 1794 428 1830 in
458 1793 618 1832 Atticam
654 1795 899 1833 discesserunt
926 1796 1052 1845 ibique

391 1863 500 1887 unam
523 1856 622 1889 certe
644 1864 710 1901 per
728 1849 870 1902 γενεὰν
892 1865 1053 1889 commo-

391 1908 460 1944 rati
489 1912 596 1953 sunt,
645 1913 839 1957 antequam
869 1907 1051 1945 Lemnum

394 1967 430 2000 et
451 1964 610 2001 Imbrum
639 1969 828 2014 peterent3
873 1964 941 2001 hoc
963 1978 1051 2002 con-

391 2020 491 2056 venit
509 2033 587 2056 eum
609 2033 652 2058 eo
673 2021 750 2058 sere
774 2028 953 2071 tempore,
976 2034 1049 2070 quo

389 2074 541 2124 Minyae
568 2076 605 2112 in
624 2076 820 2114 Laconiam
840 2078 1049 2128 pervenisse

388 2133 574 2178 seruntur,
618 2145 715 2169 anno
751 2133 825 2172 scil.
867 2132 974 2174 1140
1014 2147 1046 2171 a.

391 2188 477 2225 Chr.
503 2202 539 2225 n.
563 2201 582 2226 e
604 2187 779 2226 Larcheri
806 2189 969 2236 calculis3
1001 2191 1046 2228 cf.

389 2243 483 2281 Tab.
506 2245 716 2294 chronolog.
738 2259 824 2296 pag.
846 2247 940 2288 586.
972 2246 1049 2284 lam

392 2300 552 2349 denique
597 2305 697 2350 quod
739 2304 788 2340 ad
831 2303 1050 2340 locutionem

391 2359 542 2394 attinet:
583 2356 622 2404 ἐς
654 2355 784 2406 φυλάς
813 2355 1048 2398 διεδάσαντο

393 2412 474 2460 (per
510 2414 623 2449 tribus
658 2415 954 2465 distribuerunt),
1004 2427 1050 2453 ea

392 2467 517 2514 simul,
547 2471 697 2518 opinor,
729 2472 926 2517 indicatur,
957 2471 1049 2517 illos,

392 2525 431 2561 in
462 2526 574 2561 tribus
600 2539 678 2562 cuin
707 2528 971 2576 reciperentur,
1011 2527 1048 2564 in

394 2581 574 2618 civitatem
599 2594 745 2630 quoque
773 2595 852 2620 csse
881 2587 1047 2632 receptos

395 2637 595 2686 civiumque
639 2638 686 2674 ad
733 2639 809 2675 iura
858 2639 1048 2675 admissos.

394 2693 654 2741 „Plataeenses
673 2694 940 2741 (Yulckenaerii
963 2698 1048 2731 sunt

393 2749 524 2799 verba)
548 2751 584 2786 in
605 2750 760 2788 Atticam
788 2755 955 2801 receptos
979 2766 1046 2789 κα-

393 2810 573 2857 τανεῖμαι
603 2806 658 2854 εἰς
686 2804 780 2854 τούς
808 2803 959 2859 δήμους
979 2806 1053 2846 καὶ·

1339 366 1517 422 Χρόνου
1563 368 1608 412 δὲ
1648 370 1702 413 οὐ

1107 554 1179 605 tols·
1199 554 1352 607 φυλάς,
1382 561 1418 596 in
1441 559 1553 597 (lemos
1578 565 1609 598 et
1632 563 1668 598 in
1689 575 1761 599 cer—

1108 618 1166 651 tas
1208 616 1321 651 tribus
1354 615 1500 665 referre,
1554 618 1762 668 psephisma

1109 672 1208 708 iubet
1239 673 1338 721 apud
1359 672 1596 710 Demosthen.
1625 687 1660 724 p.
1679 675 1758 715 741

1109 727 1160 777 [p.
1188 730 1295 767 1380
1317 727 1472 779 Reisk.].
1503 729 1636 779 Attigit
1653 731 1761 768 istam

1107 796 1179 819 non
1202 796 1290 821 sane
1315 787 1504 834 protritam
1533 787 1760 835 antiquitatis

1106 840 1271 876 Graecae
1319 846 1457 890 partem
1503 842 1761 880 Hemsterhus.

1105 895 1142 930 in
1162 895 1310 931 Miscell.
1333 897 1443 934 Obss.
1465 898 1530 934 Vll
1558 911 1593 947 p.
1615 899 1697 939 325
1725 902 1762 935 et

1106 951 1153 987 ad
1180 950 1364 1001 Aristoph.
1383 953 1477 990 Plut.
1498 967 1534 1003 p.
1553 956 1648 994 368.
1697 955 1763 990 Ci-

1105 1019 1187 1043 cero
1208 1020 1274 1056 pro
1292 1008 1396 1044 Balb.
1413 1011 1484 1048 12:
1531 1009 1616 1045 lidi
1632 1013 1762 1057 egomet

1105 1063 1292 1099 nonnullos
1304 1085 1356 1092 —
1368 1069 1502 1101 nostros
1521 1067 1610 1101 cives
1618 1066 1762 1102 Athenis

1106 1120 1145 1155 in
1172 1132 1311 1156 munero
1339 1121 1496 1158 iudicum
1532 1125 1637 1171 atque
1655 1124 1763 1158 Areo-—

1100 1177 1312 1225 pagz'tarum
1325 1206 1336 1224 ,
1376 1182 1471 1215 certa
1513 1180 1630 1224 tribu,
1671 1182 1762 1215 certo

1106 1245 1247 1268 numero
1266 1233 1354 1280 (nisi
1373 1234 1476 1271 malis
1499 1238 1590 1271 certo
1609 1236 1764 1283 (lema).“

1106 1287 1204 1325 Add.
1231 1290 1272 1325 C.
1303 1290 1347 1326 F.
1378 1291 1579 1328 Hermann.
1610 1291 1762 1328 Handb.

1107 1346 1172 1382 der
1200 1344 1295 1381 Hell.
1324 1346 1590 1384 Staatsalterth.
1619 1347 1655 1398 §-
1682 1349 1761 1388 117

1106 1405 1181 1437 not.
1203 1403 1240 1441 6.
1287 1401 1399 1444 Quod
1420 1404 1536 1452 ipsum
1550 1432 1562 1449 ,
1595 1409 1635 1440 ut
1655 1417 1762 1453 pere-

1106 1457 1198 1505 grini
1231 1458 1267 1493 in
1298 1459 1477 1496 civitatem
1517 1460 1763 1509 reciperentur

1106 1519 1218 1561 atque
1245 1514 1330 1550 inde
1353 1515 1461 1551 tribui
1491 1515 1594 1552 alicui
1626 1516 1764 1552 adscri-

1107 1569 1300 1614 berentur,
1340 1570 1491 1607 Athenis
1524 1571 1762 1620 frequentius,

1105 1623 1244 1662 Dorum
1274 1626 1310 1662 in
1339 1626 1542 1663 civitatibus
1571 1628 1764 1674 rarissime,

1106 1694 1174 1718 nec
1202 1681 1270 1717 nisi
1300 1683 1457 1732 probata
1486 1683 1607 1733 stirpis
1627 1697 1764 1732 cogna-

1107 1738 1208 1774 tione
1227 1739 1362 1775 sactum
1383 1752 1484 1785 esse,
1524 1740 1633 1777 dubio
1652 1745 1764 1778 caret.

1163 1790 1233 1840 τοὶς
1263 1791 1305 1833 δὲ
1333 1793 1377 1833 ἐκ
1396 1791 1569 1846 Λήμνου
1601 1793 1762 1848 ἤγοντο,

1107 1848 1295 1897 ἐξέδοσαν
1330 1848 1494 1902 ἄλλοισι]
1549 1854 1571 1889 i.
1602 1866 1634 1891 e.
1674 1866 1763 1903 quas

1106 1919 1185 1944 vero
1221 1906 1350 1944 Lemni
1397 1908 1574 1945 duxerant
1622 1922 1762 1956 uxores,

1106 1976 1166 2000 eas
1219 1963 1302 2000 aitis
1350 1964 1543 2004 elocarunt.
1624 1966 1764 2004 Vocula

1104 2016 1272 2070 ἤγοντο,
1311 2033 1403 2069 quae
1436 2034 1457 2058 a
1489 2022 1629 2059 duobus
1662 2022 1762 2059 libris

1105 2077 1229 2123 abest,
1267 2090 1288 2114 e
1307 2077 1529 2125 glossemate
1549 2078 1690 2115 invecta
1709 2079 1763 2114 vi-

1105 2134 1211 2170 detur
1246 2134 1322 2169 viro
1362 2134 1470 2171 docto
1504 2134 1540 2170 in
1566 2133 1763 2184 Ephemer.

1104 2188 1227 2238 Lipss.
1259 2191 1366 2231 1829
1396 2202 1450 2226 nr·
1476 2192 1554 2230 136
1578 2203 1614 2240 p-
1641 2193 1763 2237 1087,

1106 2246 1167 2294 qui
1199 2242 1268 2292 τοὶς
1295 2243 1338 2284 δὲ
1372 2246 1656 2295 haudquaquam
1694 2259 1761 2296 pro

1105 2302 1256 2339 relativo
1275 2303 1501 2353 pronomine,
1531 2302 1596 2338 sed
1618 2314 1684 2351 pro
1703 2315 1763 2338 ar-

1106 2358 1235 2405 ticulo,
1286 2359 1341 2395 cui
1378 2359 1619 2395 adnectantur
1648 2358 1762 2396 verba

1106 2413 1150 2453 ἐκ
1202 2409 1399 2463 Λήμνου,
1473 2413 1585 2463 accipi
1636 2414 1761 2451 voluit.

1105 2470 1213 2514 Quod
1235 2475 1331 2507 certe
1351 2473 1513 2519 praestat
1534 2470 1762 2506 emendatio-

1103 2527 1139 2562 ni
1158 2526 1303 2574 Stegeri
1335 2527 1390 2573 (in
1418 2525 1574 2563 Praesat.
1601 2539 1636 2575 p.
1658 2526 1761 2574 XV),

1104 2577 1331 2633 ἠγάγοντο,
1387 2583 1409 2618 i.
1449 2594 1480 2619 e.
1521 2582 1758 2629 abduxerunt,

1104 2639 1326 2687 corrigentis.
1397 2638 1457 2675 De
1507 2638 1594 2688 ipsis
1639 2639 1758 2676 verbis

1105 2691 1298 2745 ἄγεσθαι,
1338 2691 1538 2734 ἐκδιδόναι
1567 2695 1661 2731 cons.
1689 2708 1758 2731 no-

1086 2749 1180 2788 ¹tata
1212 2752 1259 2788 ad
1286 2751 1325 2797 l,
1362 2751 1426 2792 34.
1455 2753 1521 2793 93.
1565 2750 1630 2791 59.
1665 2753 1758 2792 196.

1103 2807 1136 2845 ιι
1148 2836 1160 2857 ,
1190 2807 1257 2849 47.
