1863 3256
456 83 1024 128 MELPOMENE.
1084 85 1146 122 IV.

140 200 338 247 5διώκει,
381 199 456 243 καὶ
485 195 509 241 ὁ
536 194 659 241 κύων
689 194 840 250 ἔχεται.

1354 89 1439 129 319

897 192 1032 248 ’Υπὲρ
1072 192 1119 237 δὲ
1158 192 1351 246 τούτων,
1390 195 1440 238 τὸ

165 272 278 327 πρὸς
319 270 398 327 τὴν
436 268 502 325 ἦῶ
541 266 824 310 ἀποκλίνοντι
865 265 1060 309 οἰκέουσι
1090 263 1271 308 Σκύθαι
1300 263 1440 317 ἄλλοι,

169 341 254 386 ἀπὸ
286 345 374 384 τῶν
402 341 643 396 βασιληΐων
662 337 880 381 Σκυθέων
898 336 1190 389 ἀποστάντες,
1220 335 1293 378 καὶ
1325 336 1441 379 οὕτω

47 413 112 457 23
173 412 429 468 ἀπικόμενοι
469 411 511 462 ἐς
550 414 710 453 τοῦτον
750 408 828 452 τόν
865 413 1022 465 χῶρον.
1082 407 1227 464 Μέχρι
1257 406 1336 463 μὲν
1376 406 1429 463 δὴ
1443 406 1667 468 4021'510153112102,
1686 411 1714 437 in
1728 419 1774 438 ra-

166 489 241 540 τῆς
268 481 440 527 τούτων
474 485 563 524 τῶν
592 480 811 525 Σκυθέων
849 480 1013 536 χώρης,
1066 479 1155 523 ἔστι
1193 476 1219 534 ἡ
1263 482 1439 522 uon-casts-

163 560 316 611 χθεῖσα
345 557 464 597 πᾶσα
493 550 646 603 πεδιάς
675 569 719 595 τε
748 551 897 607 γῆκαὶ
927 549 1168 607 βαθύγεος·
1207 548 1256 593 τό
1282 547 1324 592 δ’
1349 547 1436 592 ἀπὸ
1495 574 1587 602 mm„-
1607 581 1773 608 mmm„-

1633 446 1775 472 montium

1498 476 1682 510 Argippaei:
1725 479 1775 505 dn-

1496 509 1669 535 scribuntur
1695 518 1713 537 a
1740 512 1773 538 s·-

1513 550 1590 576 gura
1602 564 1609 575 ‚
1627 543 1757 582 'ling-fua,

1494 609 1577 635 ribus
1589 630 1597 643 ,
1623 610 1771 637 existima-

134 624 348 678 Ξτούτου,
395 623 586 681 λιθώδης
622 622 663 667 τ’
706 622 793 667 ἐστὶ
827 623 900 667 καὶ
942 623 1108 679 τρηχέη.
1169 619 1436 674 διεξελθόντι
1492 643 1575 671 none
1600 644 1680 679 apud
1706 643 1771 671 fini-

164 808 342 850 οἰκέουσι
356 805 519 849 Σκύθαι
535 807 660 860 ἄλλοι]
670 810 772 849 Ren-

106 867 177 905 nel.
208 880 245 918 p.
266 866 348 907 437
376 868 442 905 hos
462 868 616 916 Scythas
640 868 674 904 in
704 869 770 905 de-

107 925 238 971 sertis,
277 937 372 973 quae
398 937 493 974 nunc
512 925 699 975 pertinent
723 926 771 962 ad

105 981 261 1018 hordam
306 982 464 1019 mediam
511 986 547 1018 et
593 982 769 1019 minorem

107 1038 364 1086 Kirgisorum,
395 1038 570 1082 collocat3
602 1038 769 1086 gubernii

107 1094 363 1142 Oremburgici
393 1098 536 1144 partem
570 1106 634 1131 eos
666 1094 770 1131 habi-

106 1156 204 1187 tasse
236 1150 310 1186 vult
331 1150 540 1188 Billerbeck
560 1149 582 1187 l.
599 1150 621 1187 l.
645 1164 679 1200 p.
701 1150 766 1191 25.

105 1206 156 1243 Et
177 1205 416 1244 voluntariam
441 1207 534 1244 hanc
555 1220 679 1244 eorum
702 1208 768 1244 mi-

105 1262 310 1311 grationem
347 1264 458 1300 fuisse
491 1277 511 1301 e
541 1276 631 1301 voce
667 1259 767 1303 εἷπο-

106 1314 269 1365 στᾶντες
323 1321 598 1369 quodammodo
647 1321 768 1370 colligi

104 1387 215 1426 posse
236 1381 343 1426 putat
361 1377 518 1414 Heeren.
543 1377 656 1414 Ideen
683 1379 712 1423 I,
741 1382 767 1420 2

103 1444 191 1483 pag.
211 1434 318 1479 3023
357 1446 429 1483 qua
458 1439 557 1471 certe
584 1435 640 1470 vi<
669 1434 767 1472 aliud

102 1489 152 1526 illi
172 1491 388 1539 spectarint,
429 1492 497 1528 nisi
525 1496 563 1527 ut
588 1491 765 1528 coloniam

104 1559 131 1582 s.
162 1547 289 1584 sedem
318 1559 450 1584 novam
472 1560 516 1585 ea
543 1553 767 1586 mercaturae

103 1602 141 1639 in
161 1603 218 1640 via
245 1605 471 1650 conderent,
512 1616 608 1653 quae
634 1605 680 1642 ab
702 1617 766 1641 ora

105 1659 212 1697 Ponti
232 1660 455 1710 coloniisque
474 1661 524 1697 ibi
542 1661 697 1698 conditis
717 1662 765 1698 ad

103 1716 294 1754 interiores
311 1717 422 1754 Asiae
443 1717 571 1767 plagas
604 1722 766 1754 montes-

103 1785 176 1822 que
209 1773 300 1811 Ural
337 1778 373 1811 et
412 1774 582 1822 regiones
614 1774 764 1812 ulterius

103 1829 188 1867 sitas
221 1831 382 1868 duceret.

291 1887 401 1938 Cap.
432 1886 569 1924 XXIII.

160 1938 304 1991 πεδιάς
322 1958 362 1982 τε
381 1946 434 1995 γῆ
452 1942 519 1982 καὶ
539 1938 762 1995 βαθύγεος]

103 2000 239 2038 Vocem
271 1997 414 2047 πεδιάς
445 2005 483 2037 et
511 2000 581 2037 hoc
612 2000 692 2037 loco
727 2005 765 2038 et

102 2056 196 2094 infra
223 2057 295 2105 IV,
319 2056 373 2098 47
406 2058 572 2103 obviam,
612 2058 766 2095 adiecti-

99 2125 183 2150 vum
214 2127 297 2152 esse
326 2119 452 2152 monet
482 2114 576 2151 Gail.
605 2115 764 2163 (Geogr.

102 2170 213 2208 minn.
239 2171 287 2207 III
315 2184 351 2221 p.
377 2170 480 2218 243)
514 2170 584 2208 alia
616 2184 764 2220 quoque

101 2225 199 2264 haud
215 2239 332 2278 pauca
352 2228 511 2265 afferens
530 2227 708 2265 adiectiva
728 2229 765 2265 in

103 2284 257 2321 eandem
296 2283 474 2334 syllabam
516 2285 763 2325 terminantia.

104 2335 304 2392 βαθύγεος
336 2340 479 2378 exhibui
518 2354 599 2378 cum
631 2341 764 2391 Gaisfi,

103 2396 282 2444 probante
298 2397 525 2446 Schweigh.‚
557 2398 619 2447 qui
640 2402 765 2436 tamen

104 2451 141 2488 in
156 2455 257 2490 textu
269 2454 415 2491 retinuit
426 2449 538 2505 βαθύ
543 2468 653 2505 γεως,
663 2455 764 2504 quod

105 2507 224 2545 minus
244 2510 405 2548 Ionicum
424 2524 505 2549 esse
524 2511 662 2548 volunt.
705 2511 763 2549 Cf.

105 2562 169 2611 IV,
194 2567 285 2606 126.
327 2567 442 2605 Recte
463 2568 561 2605 tradi
587 2568 678 2606 haec
696 2581 766 2605 no-

104 2624 160 2656 tat
202 2621 383 2660 Gatterer.
433 2625 575 2662 Comm.
624 2625 761 2662 Societ.

104 2675 275 2726 Gotting.
296 2677 381 2714 XIV
410 2692 495 2729 pag.
516 2680 562 2728 5,
602 2694 682 2718 cum
703 2682 763 2719 via

102 2744 124 2769 a
152 2733 273 2783 Volga
301 2734 387 2772 inde
420 2735 530 2774 ducat
553 2750 621 2787 per
648 2736 760 2776 valles

831 824 925 847 nunc
945 822 1091 859 quoque
1107 822 1224 858 aeque
1241 822 1415 847 amoenas
1435 814 1493 846 at-

829 881 901 916 que
926 867 1133 915 frugiferas

885 919 1067 972 λιθώδης
1089 918 1118 960 τ’
1142 921 1221 961 ἐστὶ
1244 921 1310 960 καὶ
1331 921 1489 973 τρηχέη]

828 981 911 1017 Hoc
926 981 973 1017 ad
991 985 1183 1016 montanas
1202 980 1384 1028 regioneS,
1397 992 1492 1028 quae

828 1038 874 1074 ab
895 1037 1037 1074 oriente
1055 1036 1223 1084 gubernii
1241 1038 1408 1072 Saratow
1438 1037 1493 1071 in-

828 1094 987 1143 cipiant,
1026 1093 1152 1129 referri
1171 1091 1246 1128 vult
1268 1091 1489 1129 Maltebrun.

826 1149 969 1187 Annall.
998 1150 1033 1185 d.
1055 1150 1197 1197 Yoyag.
1220 1148 1252 1185 II
1283 1160 1370 1198 pag.
1396 1151 1491 1188 372.

826 1206 874 1242 At
886 1206 943 1244 De
955 1206 1121 1253 Guignes
1135 1205 1269 1255 (Me'm.
1291 1206 1338 1242 de
1351 1203 1489 1241 l’Acad.

827 1264 862 1299 d.
885 1263 995 1300 Inscr.
1015 1263 1061 1300 T.
1083 1262 1224 1299 XXXV
1246 1276 1281 1311 p.
1300 1262 1403 1309 551)
1432 1261 1491 1298 hic

825 1320 1006 1368 cogitarat
1048 1320 1095 1356 de
1145 1319 1302 1356 desertis
1348 1317 1491 1365 Cliamo,

825 1377 935 1425 longe
972 1376 1121 1425 lateque
1166 1376 1345 1422 extensis,
1394 1387 1489 1423 quae

826 1434 952 1470 Sinam
1004 1433 1175 1470 euntibus
1232 1431 1491 1483 perlustranda

825 1491 908 1527 sint.
953 1489 1011 1527 De
1042 1503 1114 1538 quo
1152 1502 1238 1526 mox
1273 1488 1489 1526 videbimus.

824 1546 932 1584 Nunc
962 1546 1157 1583 afferamus
1186 1546 1278 1583 duos
1297 1545 1396 1582 locos
1419 1545 1490 1582 huc

824 1617 903 1640 cum
926 1604 1081 1640 maxime
1101 1603 1295 1649 facientes,
1333 1602 1488 1639 alterum

824 1660 946 1697 Melae
987 1660 1026 1706 I,
1066 1662 1116 1700 19
1148 1660 1232 1706 fin.,
1279 1658 1361 1708 [ubi
1392 1671 1490 1695 nunc

823 1718 919 1754 conf.
962 1716 997 1753 T
1000 1716 1180 1754 zschucke
1221 1721 1313 1753 nott.
1354 1728 1486 1764 exegg.

822 1773 904 1811 Vol.
930 1773 980 1810 ΙΙΙ
1007 1773 1048 1812 Ρ.
1071 1773 1086 1810 Ι
1113 1787 1148 1823 ρ.
1174 1775 1254 1813 646
1285 1772 1363 1810 coll.
1394 1776 1485 1808 nott.

822 1831 915 1868 critt.
945 1843 980 1880 p.
1009 1830 1087 1871 651
1117 1829 1251 1866 V01.11
1283 1829 1323 1866 P.
1348 1826 1392 1878 I.]
1424 1828 1486 1877 qui

821 1891 1019 1938 postquam
1041 1886 1294 1935 Thyssagetas
1324 1885 1485 1922 Turcas-

823 1957 895 1993 que
922 1948 1208 1989 memoraverat,
1248 1955 1329 1980 eum
1350 1943 1387 1978 in
1406 1954 1485 1977 mo-

824 2001 910 2038 dum
945 2001 1086 2051 pergit:
1132 2000 1265 2046 „Tum
1305 1999 1484 2037 continuis

822 2057 973 2107 rupibus
1005 2057 1078 2094 late
1106 2069 1238 2106 aspera
1272 2060 1309 2093 et
1338 2056 1487 2093 deserta

822 2115 947 2163 regio,
1000 2114 1048 2151 ad
1087 2113 1327 2163 Arymphaeos
1372 2124 1487 2161 usque

823 2171 1055 2221 permittitur.
1113 2171 1183 2206 His
1203 2169 1388 2206 iustissimi
1408 2181 1488 2205 mo-

821 2240 901 2273 res3
929 2240 996 2278 pro
1016 2228 1185 2264 domibus
1210 2239 1381 2272 nemora,
1420 2224 1487 2262 ali-

822 2289 946 2322 menta
957 2284 1104 2330 baccae,
1123 2288 1159 2320 et
1175 2284 1337 2320 maribus
1356 2287 1393 2320 et
1405 2282 1486 2319 foe-

821 2342 928 2378 minis
958 2342 1058 2378 nuda
1085 2345 1170 2378 sunt
1201 2341 1332 2390 capita.
1382 2339 1485 2376 Sacri

821 2398 946 2447 itaque
968 2397 1170 2435 habentur:
1200 2398 1368 2446 adeoque
1386 2396 1484 2446 ipsos

822 2467 931 2492 nemo
950 2455 997 2492 de
1016 2459 1091 2492 tam
1111 2455 1195 2492 feris
1217 2454 1391 2502 gentibus
1408 2452 1485 2488 vio-

822 2511 884 2559 lat,
914 2515 954 2548 ut
975 2511 1053 2548 aliis
1071 2523 1220 2561 quoque
1241 2511 1290 2547 ad
1311 2523 1374 2547 eos
1397 2521 1485 2545 con-

819 2569 958 2618 fugisse
991 2581 1060 2618 pro
1091 2567 1192 2618 asylo
1233 2568 1325 2605 sit.“
1381 2564 1483 2602 Alter

820 2624 927 2662 Plinii
959 2630 1014 2663 est
1041 2624 1141 2662 locus
1168 2624 1217 2661 H.
1245 2623 1294 2662 N.
1320 2621 1394 2666 Vl,
1430 2619 1481 2659 14

819 2680 935 2732 (13):
975 2703 1067 2728 ‚‚—
1095 2680 1224 2729 Ibique
1251 2677 1481 2727 Arimphaeos

819 2738 1001 2787 quosdam
1019 2738 1244 2787 accepimus,
1285 2733 1385 2772 haud
1406 2733 1481 2770 dis-
