1863 3256
207 276 291 316 656
671 272 1241 314 EXCUBSUSVI

553 726 1205 775 EXCURSUS
1285 731 1356 778 VI

323 832 422 869 AD
481 830 969 868 HERODo'r.
1030 831 1101 879 ιιι,
1144 835 1222 874 119
1268 833 1345 870 0011.
1388 832 1458 879 iv,
1505 834 1590 874 129.

440 1044 570 1082 Viro
615 1042 1082 1080 Illustrissz'mo
1129 1043 1490 1083 Doctissimo

666 1120 698 1160 Ι.
748 1121 787 1159 C.
837 1120 880 1158 F.
939 1121 1263 1160 Baelario

495 1201 547 1247 G.
603 1201 682 1245 Fr.
741 1200 1315 1246 Hermannus
1386 1200 1436 1246 S.

318 1313 569 1362 „Meministi,
607 1314 671 1351 Vir
705 1314 940 1361 amicissime,
981 1319 1066 1352 ante
1101 1315 1166 1352 hos
1200 1319 1275 1353 tres
1307 1326 1473 1359 menses,
1515 1326 1626 1363 quum
1658 1313 1718 1352 Tu

206 1387 304 1421 totus
327 1395 425 1421 esses
444 1382 481 1418 in
503 1381 698 1419 Herodoto
718 1381 754 1418 T
757 1394 804 1417 uo
826 1382 942 1418 doctis
963 1383 1054 1419 curis
1074 1381 1311 1429 illustrando,
1341 1394 1411 1431 ego
1432 1381 1624 1431 Sophoclis
1643 1382 1720 1420 An-

205 1451 368 1499 tigonam
386 1448 538 1500 publicis
557 1447 685 1484 scholis
705 1447 920 1497 explicarem
933 1477 944 1496 ,
976 1462 1179 1487 sermonem
1199 1450 1294 1488 inter
1312 1462 1377 1486 nos
1397 1448 1557 1486 incidere
1576 1450 1622 1487 de
1641 1449 1719 1488 loco

205 1516 265 1554 illo
306 1517 394 1554 satis
426 1514 598 1562 notabili,
644 1528 716 1564 quo
745 1515 1002 1554 Herodoteum
1034 1516 1109 1563 111,
1147 1519 1226 1558 119
1259 1515 1458 1567 Sophocles
1487 1517 1720 1567 expresserit,

205 1584 328 1634 Antig.
350 1597 382 1621 v.
402 1582 484 1625 905
497 1585 663 1624 —9122

473 1667 518 1703 οὐ
536 1667 606 1713 γάρ
624 1665 713 1702 ποτ’
733 1665 819 1702 οὔτ’
841 1664 908 1712 ἂν,
935 1667 969 1702 εἰ
983 1666 1120 1702 τέκνων
1134 1667 1253 1713 μήτηρ
1275 1666 1380 1712 ἔφυν,

473 1722 560 1760 οὔτ’
583 1726 618 1760 εἰ
634 1724 743 1766 πόσις
762 1737 825 1769 μοι
843 1723 1044 1760 κατθανών
1065 1723 1224 1770 ἐτήκετο,

474 1783 537 1830 βίᾳ
555 1783 714 1816 πολιτῶν
731 1780 839 1817 τόνδ’
861 1779 907 1817 ὃὶν
927 1780 1070 1829 ᾐρόμην
1087 1781 1215 1818 πόνον.

472 1840 574 1880 τίνος
590 1838 707 1883 νόμον
731 1838 777 1884 δὴ
794 1840 916 1874 ταῦτα
936 1837 1030 1884 πρὸς
1046 1838 1153 1884 χάριν
1170 1839 1281 1884 λέγω,-

471 1895 579 1937 πόσις
597 1896 663 1940 μὲν
680 1893 728 1931 ἄν
746 1909 809 1941 μοι
822 1923 832 1940 ,
856 1894 1133 1940 κατθανόντος,
1159 1893 1267 1937 ἄλλος
1284 1891 1345 1942 ἦν,

472 1953 535 1989 καὶ
553 1957 642 1994 παῖς
660 1952 730 1989 ἄπ’
756 1950 869 1988 ἄλλον
889 1952 1034 1998 φωτὸς,
1061 1954 1096 1988 εἰ
1109 1952 1212 1989 τοῦδ’
1236 1951 1438 1999 ἤμπλακον,

469 2010 609 2055 μητρὸς
629 2010 669 2047 δ’
689 2010 727 2046 ἐν
739 2008 862 2046 ’Ἅιδου
881 2011 944 2046 καὶ
961 2010 1103 2055 πατρὸς
1123 2011 1364 2047 κεκευθότοιν

474 2067 544 2103 ov’n
563 2067 640 2103 ἔστ’
658 2066 822 2113 ἁδελφὸς
843 2064 943 2109 ὅστις
964 2065 1010 2103 ἂν
1029 2066 1183 2114 βλάστοι
1199 2068 1302 2107 ποτέ.

208 2167 317 2204 quem
349 2165 460 2203 quum
485 2152 582 2189 haud
607 2151 729 2200 exigui
752 2152 925 2188 momenti
946 2164 1026 2189 esse
1046 2163 1155 2202 posse
1173 2153 1222 2189 ad
1240 2152 1470 2190 illustrandas
1489 2151 1720 2201 quaestiones

207 2226 264 2258 tot
291 2219 540 2258 recentissimo
570 2223 738 2270 tempore
771 2218 1077 2268 disputationibus
1105 2220 1261 2269 agitatas
1293 2221 1340 2258 de
1360 2220 1530 2257 historiae
1553 2219 1722 2256 Herodo-

208 2293 290 2326 teae
321 2292 444 2325 aetate
475 2291 586 2336 atque
606 2288 747 2336 origiue
775 2286 1093 2334 intellexissemus,
1123 2289 1339 2337 flagitabas,
1369 2293 1430 2335 ut,
1460 2299 1555 2337 quae
1579 2299 1650 2335 ego
1673 2286 1720 2323 dc

209 2356 252 2393 eii
279 2368 318 2392 re
344 2356 537 2403 sentirem,
568 2355 673 2393 latius
705 2366 814 2405 qnam
841 2367 907 2404 per
938 2353 1106 2403 colloquii
1135 2357 1323 2406 angustias
1356 2355 1508 2402 liceret,
1557 2354 1721 2404 exposita

208 2436 276 2475 per
313 2422 433 2459 literas
465 2422 605 2459 Tecum
637 2424 950 2462 communicarem.
1022 2424 1104 2473 Ego
1133 2438 1218 2460 vero
1247 2423 1332 2460 illud
1360 2424 1427 2460 etsi
1451 2422 1546 2458 haud
1571 2426 1721 2470 gravate

208 2491 434 2541 recepissem,
456 2489 590 2525 diutius
610 2494 731 2527 tamen
749 2491 884 2539 distuli,
903 2493 1037 2529 veritus
1058 2505 1105 2528 ne
1121 2494 1182 2527 aut
1203 2492 1250 2528 ab
1270 2490 1345 2527 aliis
1359 2490 1453 2526 (licta
1473 2501 1721 2538 recoquerem,

209 2562 274 2596 aut
301 2569 396 2594 nova
425 2556 540 2605 magis
572 2569 680 2604 quam
705 2570 791 2594 vera
817 2558 1005 2596 afferrem:
1036 2571 1154 2607 neque
1174 2558 1274 2604 haec,
1295 2569 1389 2606 quae
1409 2558 1479 2593 iam
1499 2557 1547 2594 ad
1565 2556 1620 2594 Te
1639 2568 1722 2607 per-

211 2625 359 2676 scripsi,
388 2623 492 2660 aliter
521 2623 674 2672 accipias
702 2636 808 2672 quam
831 2626 880 2660 ad
910 2626 1105 2662 voluntatis
1134 2637 1236 2662 meae
1263 2624 1557 2662 testificationem
1586 2624 1721 2675 scripta

212 2706 313 2739 esse,
354 2703 505 2742 quorum
537 2701 631 2738 quae
650 2702 737 2727 vera
763 2690 854 2737 sint,
897 2692 1007 2740 longe
1035 2705 1056 2729 a
1085 2692 1144 2728 Te
1173 2691 1297 2727 melius
1324 2692 1586 2735 scriberentur,
1627 2702 1721 2740 quae

211 2774 325 2803 nova,
356 2772 402 2796 ne
423 2761 617 2808 patronum
638 2757 784 2806 quidem
803 2770 952 2808 sperare
977 2759 1035 2796 Te
1064 2759 1243 2804 au‹leant;
1282 2759 1401 2796 officio
1420 2764 1542 2796 tamen
1561 2763 1719 2804 coactns,

212 2827 297 2865 nihil
316 2827 434 2864 (licere
458 2838 564 2874 quam
583 2830 702 2862 tacere
719 2824 837 2862 malui.
896 2826 942 2862 Et
965 2827 1031 2863 hoc
1055 2827 1203 2874 quidm-m
1229 2832 1330 2863 extra
1353 2827 1618 2864 dubitationem
1638 2837 1718 2863 esse

212 2895 381 2942 arbitror,
411 2897 550 2930 tantam
570 2894 758 2944 utriusque
782 2893 849 2931 loci
872 2893 1138 2931 similitudinem
1156 2907 1248 2941 csse,
1279 2898 1408 2931 utnon
1427 2893 1607 2944 prodiisse
1627 2891 1719 2929 alter
