1879 3255
627 162 978 202 THALIA.
1041 166 1101 203 ιιι.
1476 177 1502 215 7

198 273 312 330 ΰγοὶρ
342 271 445 322 τούς
475 270 725 326 φυλάκους,
769 270 1071 318 ἀπαλλάσσετο
1102 275 1146 326 ές
1176 275 1362 328 Πέρσας.
1415 279 1496 332 ὠρ-

221 343 398 401 μημένῳ
440 341 486 385 δὲ
534 341 848 397 στρατεύεσθαι
890 345 1110 403 Καμβύσῃ
1152 344 1220 389 ἐπ’
1260 348 1499 402 Αἴγυπτον,

220 413 294 458 καὶ
324 411 562 467 ἀπορέοντι
592 413 672 470 τήν
702 415 874 466 ἔλασιν,
905 416 1020 468 ὅκως
1048 416 1128 473 τὴν
1157 416 1357 472 ἄνυδρον
1386 420 1498 462 διεκ-

219 487 352 542 περᾷ,
396 483 596 528 ἐπελθών
630 487 784 541 φράζει
812 487 892 542 μὲν
927 489 1001 531 καὶ
1031 487 1167 531 τᾶλλα
1198 487 1250 531 τοὶ
1294 485 1556 544 Ἀμοὲσιοςδο

218 555 472 612 πρήγματα,
513 556 727 613 ἐξηγέεται
766 559 811 601 δὲ
851 559 925 602 καὶ
965 558 1047 616 τήν
1089 560 1279 610 ἕλασιν,-
1302 553 1388 602 ὦδε
1420 577 1497 603 πα-

218 627 429 681 ραινέων·

214 842 300 899 γάρ
343 845 553 901 Φοινίκης
591 844 717 901 μέχρι
755 843 906 899 οὔρων
945 861 1035 887 των
1071 843 1293 911 Καδύτιος
1325 845 1546 900 πόλιος,85

155 985 218 1023 ler.
239 985 272 1023 ll
302 998 337 1035 p.
362 986 456 1027 358.
508 985 643 1023 Matth.
671 986 736 1023 Gr.
758 987 826 1023 Gr.

154 1056 242 1094 pag.
266 1044 362 1082 323.
390 1063 445 1069 -—-

212 1100 254 1135 In
273 1100 334 1136 fin.
355 1099 485 1149 capitis
504 1111 594 1149 pro:
630 1095 739 1150 παροῖ
752 1095 823 1138 τὸν

153 1152 398 1207 Ἀραβίων
427 1153 591 1206 βασιλέα
626 1169 719 1192 unus
752 1155 822 1192 Pa-

153 1213 285 1249 risinus
318 1212 408 1249 liber
440 1212 587 1250 exhibet
619 1207 822 1264 Ἀράβιον,

153 1269 255 1319 quod
285 1281 361 1305 non
388 1267 484 1305 male
513 1269 571 1305 hic
600 1269 672 1318 legi
695 1274 823 1307 censet

151 1325 357 1375 Schweigh.
387 1327 482 1362 conf.
511 1326 575 1372 ΠΙ,
607 1326 644 1366 5.
665 1328 702 1366 7.
742 1326 823 1364 Nec

151 1384 323 1432 equidem
340 1395 597 1433 repugnarem,
626 1383 657 1420 si
674 1387 820 1420 tantum

150 1441 338 1489 legeretur
373 1435 482 1491 παρα
520 1436 590 1478 τὸν
630 1435 818 1491 Ἀράβιον

150 1496 212 1548 (ut
239 1498 268 1545 I,
289 1499 315 1536 2
342 1497 404 1533 fin.
429 1493 500 1535 τόν
521 1492 720 1547 Κόλχον),
753 1498 819 1535 de-

149 1554 222 1593 leta
241 1567 329 1591 voce
348 1552 532 1606 βασιλέα,
563 1567 671 1603 quam
691 1559 817 1591 tamen

149 1624 276 1649 omnes
306 1611 341 1648 h.
370 1611 393 1648 l.
423 1611 550 1662 scripti
582 1611 665 1648 libri
698 1623 816 1660 agno·

150 1673 267 1708 scunt.

395 1725 498 1775 Cap.
530 1724 575 1761 V.

172 1817 176 1826 Χ
209 1776 363 1834 Μούνῃ
383 1778 426 1819 δὲ
443 1777 568 1835 ταύτῃ
591 1779 666 1819 εἰσὶ
696 1795 817 1830 φανε-

150 1836 216 1889 ραὶ
238 1853 273 1876 κ.
292 1853 323 1876 τ.
341 1837 389 1888 λ.]
427 1838 533 1882 Quae
558 1838 627 1874 hoe
647 1837 726 1874 loco
749 1838 815 1875 de-

149 1895 319 1932 scribitur
346 1895 404 1932 via
435 1896 472 1931 in
497 1893 708 1944 Aegyptum
743 1906 816 1930 una

148 1952 208 1989 illa
231 1952 378 2001 quidem
392 1980 403 1998 ‚
434 1965 500 2002 per
521 1964 631 2000 quam
650 1952 814 1988 terrestri

147 2009 281 2046 itinere
311 2022 356 2047 ex
383 2008 592 2046 Palaestina
620 2009 657 2044 in
689 2008 815 2058 Aegy-

147 2071 253 2117 ptum
274 2064 317 2116 (i.
343 2079 374 2103 e.
399 2078 466 2115 per
485 2065 696 2102 Idumaeam
719 2078 814 2114 quae

145 2126 316 2170 vocatur,
354 2122 618 2171 Pelusiaeaque
649 2122 813 2170 deserta)

144 2179 337 2231 pervenire
366 2179 470 2226 licet,
510 2180 554 2216 e&
580 2179 811 2216 Herodotum

144 2238 264 2288 ipsum
280 2237 317 2273 in
334 2236 427 2273 hanc
444 2240 580 2273 terram
597 2236 811 2285 pervenisse

144 2297 254 2344 putat
274 2292 498 2342 Wesseling.
547 2293 705 2330 Praefat.
728 2307 763 2343 Ρ.
778 2291 811 2329 V

144 2352 202 2388 ed.
226 2351 343 2387 Gaisf.
383 2350 432 2386 At
447 2349 672 2387 verisimilius
694 2350 810 2386 videri

144 2412 270 2446 monet
287 2408 413 2457 Heyse
433 2407 586 2451 Qua-est.
611 2406 750 2443 Herod.
774 2420 808 2456 p.

144 2467 199 2506 97
236 2464 319 2501 navi
339 2477 382 2501 eo
408 2464 611 2514 profectum
632 2476 712 2500 esse
733 2463 810 2500 He-

143 2522 327 2567 rodotum,
356 2521 582 2571 potissimum
600 2521 647 2557 ob
665 2533 709 2557 ea
728 2533 809 2556 ver-

144 2578 211 2626 ba,
243 2591 338 2627 quae
364 2578 465 2614 initio
486 2577 657 2626 leguntur
678 2577 810 2626 capitis

147 2635 263 2681 sexti,
305 2635 367 2671 ubi
386 2634 527 2671 Noster
557 2647 596 2671 se
626 2635 668 2671 iis
694 2634 811 2670 adnu—

147 2702 286 2728 merare
317 2692 506 2738 videatur,
557 2691 620 2740 qui
646 2690 742 2727 illam
775 2690 810 2727 in

148 2748 278 2784 terram
300 2749 520 2797 navigarint.
551 2748 609 2785 De
631 2752 810 2797 tempore,

150 2814 223 2851 quo
249 2802 387 2846 Noster
419 2803 629 2856 Aegyptum
667 2804 812 2852 adierit,

483 629 716 685 πέμψαντα
761 628 885 683 παρα
930 629 1008 672 τὸν
1047 628 1264 685 Ἀραβίων
1317 631 1499 687 βασιλέα

126 690 158 735 5
219 697 414 751 δέεσθαι,
445 699 527 756 τὴν
552 699 752 753 διέξοδόν
783 702 824 744 οἱ
855 698 1053 756 ἀσφαλέα
1073 705 1328 757 παρασχεῖν.
1370 703 1496 746 Μού·

882 987 979 1023 conf.
998 988 1090 1022 nott.
1119 985 1167 1021 ad
1187 984 1252 1032 Ill,
1275 985 1337 1025 15.
1385 985 1443 1024 De
1461 987 1552 1024 urbe

885 1042 1019 1093 Cadytz'
1047 1054 1074 1078 s.
1106 1041 1372 1092 Hierosolymis
1409 1044 1553 1080 monui-

882 1112 962 1136 mus
994 1100 1028 1134 in
1054 1098 1203 1134 Excurs.
1227 1098 1278 1134 Xl
1313 1100 1359 1135 ad
1392 1099 1437 1146 ll,
1471 1099 1550 1141 159

882 1169 917 1206 Ρ.
934 1157 1015 1195 92
1035 1168 1139 1204 seqq.
1171 1154 1252 1192 Nec
1270 1155 1549 1194 aliterHeeren.

881 1212 995 1250 ldeen
1019 1212 1095 1258 1,2
1071 1241 1097 1250 ,
1126 1225 1162 1262 Ρ.
1191 1210 1284 1250 114.
1333 1212 1391 1250 De
1415 1213 1452 1249 P
1451 1213 1551 1250 alae-

879 1271 976 1306 sima
1008 1268 1122 1319 Syria
1161 1270 1257 1305 cons.
1287 1268 1317 1316 Ι,
1354 1271 1433 1310 105
1463 1271 1550 1319 ibiq.

878 1331 956 1363 not.
1005 1325 1063 1363 De
1093 1324 1226 1375 Syriae
1260 1326 1410 1364 nomine
1446 1326 1552 1363 latius

877 1386 1032 1434 patente
1055 1383 1213 1419 diximus
1233 1383 1281 1418 ad
1301 1383 1328 1430 l,
1355 1385 1420 1422 72.

933 1455 1012 1478 των
1048 1434 1252 1485 Καδύτιος
1290 1435 1429 1486 πόλιος
1468 1439 1550 1479 ἐστὶ

879 1492 1051 1548 Σύρων]
1129 1496 1317 1533 Gaisford.
1357 1497 1542 1534 exhibuit:

874 1552 1037 1602 πόλιος,
1071 1569 1096 1604 η
1128 1551 1234 1592 έστὶ
1262 1548 1427 1620 φύρων,
1462 1556 1542 1591 vul-

873 1624 998 1661 goque
1019 1614 1164 1648 exstare
1180 1611 1230 1647 ait
1254 1606 1283 1660 ἥ
1308 1609 1410 1659 ἐστι,
1441 1612 1541 1648 cuius

872 1669 952 1705 loco
974 1667 1181 1704 Gronovius
1212 1680 1371 1717 eumque
1394 1672 1540 1705 secutus

873 1725 1023 1763 Reizius
1045 1737 1087 1761 ac
1108 1724 1344 1761 Schaeferus:
1374 1726 1427 1776 γῆ
1446 1723 1541 1763 ἐστι.

873 1781 1054 1830 Equidem
1085 1793 1166 1817 cum
1191 1780 1375 1818 Matthiae
1400 1782 1541 1818 nescire

874 1851 933 1875 me
958 1839 1100 1884 fateor,
1140 1839 1328 1886 quomodo
1361 1837 1545 1887 explican-

874 1895 960 1931 dum
983 1895 1028 1931 sit
1052 1890 1081 1944 ἣ
1101 1892 1182 1932 ἐστὶ
1213 1892 1338 1943 (non,
1375 1898 1415 1930 ut
1444 1895 1544 1944 apud

872 1950 1005 1988 Matth.
1025 1951 1171 1999 legitur,
1196 1948 1224 2000 ἦ
1248 1949 1353 1999 έστὶς
1383 1951 1435 1987 ita
1446 1951 1543 1988 enim

873 2008 1034 2046 exhibuit
1054 2006 1305 2057 Schweigh.);
1336 2021 1407 2045 nec
1425 2008 1543 2055 magis

870 2066 992 2116 placet
1014 2078 1033 2101 a
1053 2065 1241 2101 Gronovio
1272 2064 1448 2101 insertum
1476 2065 1545 2115 γῆ,

871 2123 1023 2172 quodg³
1002 2121 1159 2157 ‹rlossam
1190 2121 1345 2158 redolet.
1406 2121 1536 2170 Itaque

870 2184 949 2216 ut
933 2191 1024 2215 sana
1046 2180 1092 2214 sit
1119 2179 1254 2224 olatio,
1296 2177 1463 2214 voculam
1493 2193 1534 2227 η,

869 2248 965 2285 quae
982 2235 1234 2272 confusionem
1252 2236 1409 2285 peperit,
1431 2247 1534 2284 pror-

868 2306 930 2329 sus
947 2292 1161 2330 eiiciendam
1177 2304 1257 2329 esse
1275 2292 1412 2338 censui,
1427 2291 1535 2341 quip-

866 2363 914 2399 pe
932 2362 1043 2398 quum
1065 2349 1176 2385 etiam
1196 2349 1232 2384 in
1253 2361 1356 2397 seqq.
1380 2347 1533 2397 simplex

867 2406 1058 2443 adiiciatur
1080 2405 1261 2454 genitivus
1283 2405 1395 2441 verbo
1420 2401 1533 2442 εἶναι.

867 2462 980 2501 Aliter
1000 2462 1194 2508 Matthiae,
1225 2462 1280 2498 cui
1300 2462 1444 2498 videtur
1456 2461 1535 2498 He-

867 2520 1045 2587 rpdotus,
1092 2531 1204 2567 quum
1248 2518 1368 2555 dicere
1415 2517 1536 2564 vellet,

869 2592 948 2614 απο
968 2592 1042 2628 γαρ
1060 2575 1254 2624 Φοινίκης
1271 2573 1380 2625 μέχρι
1400 2571 1533 2624 οὔρων

868 2635 947 2671 τῶν
968 2627 1172 2678 Καδυτιος
1193 2627 1332 2678 πόλιος
1353 2629 1381 2681 ἦ
1402 2647 1423 2682 χ
1435 2627 1532 2680 ὤρη

869 2689 948 2729 ἐστὶ
976 2684 1148 2741 Συρων,
1188 2689 1378 2725 institutae
1400 2687 1533 2722 oratio-

868 2747 924 2784 nis
963 2746 1094 2783 oblitus
1130 2745 1257 2783 ultima
1293 2745 1341 2781 ad
1372 2741 1531 2791 Cadytin

869 2804 996 2841 urbem
1016 2802 1199 2850 retulisse,
1229 2798 1258 2852 ἢ
1273 2798 1353 2840 ἐστὶ
1373 2793 1532 2849 Σύρων.

1556 711 1616 738 Ora
1627 712 1811 742 maritimum

215 787 271 829 νῃ
303 771 349 814 δὲ
368 769 505 829 ταύτῃ
536 773 619 815 εἰσι
649 788 838 829 φανεραι
868 771 1044 827 ἐσβολαὶ
1074 771 1117 822 ές
1139 773 1376 827 Αί.γυπτον
1407 773 1495 819 α’πὸ
1554 744 1649 813 ὲξψίέ
1675 746 1826 817 ὲέΛέὲῖῗ

1566 816 1636 839 ntum
1647 833 1657 853 2

1552 846 1674 874 ‹itionus

1703 822 1730 848 q·
1733 823 1826 844 iorum

1739 850 1829 877 urlee

1551 880 1634 915 Cad)
1638 881 1677 908 tis
1699 885 1730 909 et
1740 881 1826 918 Ieny-
