1863 3256
328 280 392 324 13

119 344 257 371 Aristeae
279 343 397 372 sabula-

134 378 207 406 toria
226 378 359 406 narratio
370 387 378 411 ς

450 167 534 206 298

393 513 457 538 ται
486 511 533 536 ne
562 499 643 548 quis
677 500 723 535 ad
751 511 909 548 sequens
936 499 1058 535 trahat

394 561 526 606 caput,
577 560 701 592 monet
745 556 849 592 Reiz.
898 556 1055 592 Praesut.

395 625 482 662 pag.
514 611 630 648 XXll.

608 667 720 716 Cap.
751 665 850 704 Xlll.

451 718 664 772 Ἀριστέης]
697 722 869 760 Veterum
886 724 1057 760 testimo-

397 780 458 816 nia
496 781 543 816 de
585 778 729 816 Aristea
743 806 753 824 ‚
810 791 918 827 quem
963 780 1057 816 circa

396 834 543 884 Olymp.
562 833 594 871 L
617 836 783 872 floruisse
805 835 929 872 volunt
943 864 953 882 ,
983 836 1058 872 col-

398 890 488 939 legit
517 891 638 927 omnia
661 890 824 927 Schultz.
845 892 881 928 in
897 892 1056 941 Specim.

394 947 531 997 Appar.
555 947 603 984 ad
619 946 761 983 Annall.
779 960 865 997 pag.
887 945 912 985 4
932 951 1007 983 not.
1029 949 1054 986 9

395 1002 474 1040 coll.
496 1003 636 1040 Fabric.
658 1003 749 1040 Bibl.
772 1004 902 1041 Graec.
929 1004 943 1039 l
969 1016 1055 1053 pag.

395 1062 459 1100 10.
474 1060 688 1097 Herodotea
697 1064 950 1110 expresserunt
961 1059 1058 1096 Pau-

394 1129 471 1154 san.
495 1116 521 1163 l,
541 1114 608 1162 24,
628 1118 668 1157 6.
705 1116 752 1163 V,
776 1118 816 1163 7,
844 1117 881 1157 4,
921 1116 1053 1153 TzetZ.

393 1172 487 1209 Chil.
508 1172 560 1218 ll,
582 1173 665 1213 724
680 1172 847 1219 -734,
877 1173 939 1222 qui
962 1184 1056 1209 non-

394 1228 493 1266 nulla
511 1229 628 1266 minus
651 1229 745 1266 bene
767 1229 955 1277 intellexit,
982 1228 1052 1265 alii.

393 1285 478 1322 Alio
495 1289 618 1322 tamen
641 1298 684 1322 ex
704 1286 808 1323 fonte
824 1298 890 1322 sua
912 1286 1053 1323 hausis-

393 1355 433 1379 se
470 1342 616 1379 videtur
644 1341 859 1379 Plutarchus
883 1343 955 1379 vit.
976 1342 1055 1378 Ro-

392 1398 479 1436 mul.
501 1400 554 1440 28
571 1397 635 1445 (al.
656 1400 752 1447 27);
785 1411 938 1447 quocum
959 1399 1054 1435 conf.

394 1455 526 1492 Athen.
546 1454 634 1491 Xlll
663 1467 701 1504 p.
723 1456 804 1496 605
829 1456 870 1493 C.
904 1460 940 1492 et
961 1455 1054 1492 Plin.

392 1511 442 1548 H.
467 1510 515 1548 N.
544 1510 630 1558 vn,
659 1514 696 1550 2.
746 1511 836 1558 Vll,
868 1512 922 1553 52
953 1510 1053 1561 (53).

373 1581 376 1585 ·
394 1567 492 1604 Add.
510 1567 644 1603 Suidas
662 1579 689 1602 s·
706 1580 740 1603 v.
761 1567 802 1605 T.
826 1569 842 1604 1
862 1580 948 1618 pag.
960 1569 1053 1609 323.

394 1623 516 1674 Ipsam
543 1624 789 1661 narrationem
822 1625 868 1661 de
892 1623 1052 1670 Ariste-21,

395 1679 535 1717 exstitit
560 1680 656 1717 inter
681 1681 901 1718 recentiores
920 1681 1053 1718 Ritter.

394 1736 584 1782 (Vorhalle
622 1749 709 1786 pag.
746 1738 872 1785 271),
923 1738 984 1786 qui
1011 1749 1054 1773 ex

393 1792 646 1841 antiquissIma
672 1793 854 1831 Buddhae
886 1794 1054 1830 doctrina

394 1850 443 1887 de
477 1850 678 1886 animarum
711 1849 982 1887 immortalitate
1010 1862 1054 1886 ac

394 1906 611 1954 migratione
624 1906 818 1943 deductam
830 1912 868 1943 et
878 1908 926 1943 ad
937 1906 1055 1943 Grae-

393 1975 515 1999 corum
537 1962 696 1999 indolem
720 1963 878 2000 effictam
905 1964 1053 2007 diceret,

394 2031 473 2055 cum
504 2019 552 2056 de
580 2018 723 2056 Aristea
752 2019 881 2056 similia
908 2019 1055 2069 praedi-

394 2080 563 2112 carentur
583 2080 693 2124 atque
712 2076 758 2114 de
776 2076 936 2113 Buddha
955 2076 1055 2126 apud

393 2130 504 2168 Indos
528 2132 583 2181 (p.
608 2133 729 2181 357),
766 2133 960 2182 ipsumque
987 2145 1054 2169 no-

393 2200 477 2224 men
504 2189 669 2226 Aristeae
701 2190 823 2238 (quod
853 2189 950 2226 haud
980 2189 1071 2227 scio.

396 2256 443 2279 an
456 2244 600 2281 duxeris
620 2258 740 2282 avoce
756 2243 936 2297 cispio-rog,-
959 2246 1054 2282 conf.

395 2300 482 2336 ibid.
501 2314 586 2350 pag.
611 2303 712 2349 281)
733 2302 869 2351 aliquid
888 2302 1055 2339 recondi-

396 2356 467 2392 tius
490 2362 602 2405 atque
622 2359 793 2395 secretius
820 2359 977 2409 prodere
1000 2359 1052 2394 vi-

396 2412 542 2449 deretur
563 2414 667 2463 (pag.
690 2416 804 2461 275).
846 2414 927 2451 Nec
947 2414 1052 2450 aliam

396 2481 478 2505 esse
499 2470 675 2507 rationem
690 2470 890 2508 fabularum
911 2471 957 2508 de
967 2470 1054 2506 Zal-

397 2525 493 2561 moxi
520 2526 595 2572 (de
620 2540 691 2575 quo
715 2527 786 2562 vid.
809 2530 901 2563 nott.
924 2527 970 2564 ad
991 2527 1054 2572 lv,

398 2581 452 2621 95
474 2580 568 2632 sq.)‚
598 2583 645 2620 de
664 2582 897 2633 Epimenide,
920 2583 966 2619 de
982 2583 1054 2630 Py-

397 2636 555 2686 thagora
583 2642 696 2688 atque
721 2639 881 2676 Abaride
907 2639 1055 2688 Hyper-

397 2693 522 2732 boreo.
580 2694 639 2733 De
666 2696 798 2745 quibus
826 2696 904 2746 ipse
935 2695 1057 2732 videat

397 2750 451 2787 vir
474 2751 617 2789 doctus.

456 2802 559 2860 ἆνήρ
592 2802 913 2859 Προκοννήσιος]
954 2807 1055 2845 Idem

838 164 1308 205 HERODoTl

551 272 668 330 ’Ἐφη
697 274 744 317 δὲ
771 273 988 331 Ἀριστέης
1018 274 1041 318 ὁ
1076 275 1411 329 Καυστροβίου,
1460 272 1569 328 ἀνὴρ
1603 277 1718 327 Προ-

453 343 707 401 κοννήσιος,
745 346 909 388 ποιέων
939 344 1065 395 ἔπεα,

1110 343 1345 388 ἀπικέσθαι
1384 343 1427 394 ἐς
1456 342 1714 401 Ἰσσηδόνας,
1733 353 1774 384 10

1114 500 1274 536 affirmat
1303 500 1438 536 Strabo
1460 499 1546 536 Xlll
1573 511 1610 548 p.
1629 499 1712 540 589
1732 497 1772 535 A.

1115 569 1144 592 s.
1163 556 1239 596 581
1268 556 1335 602 A.,
1376 557 1434 593 ubi
1457 555 1596 592 insulae
1619 555 1772 591 Procon-

1114 614 1189 648 nesi
1217 613 1439 650 menfionmn
1472 613 1577 657 facit,
1616 624 1710 660 quae
1738 611 1774 647 iu

1115 667 1341 718 Propontide
1380 670 1449 704 sita
1489 672 1525 705 et
1565 680 1587 704 a
1622 667 1775 704 Milesiis

1115 725 1265 760 condita
1284 723 1436 773 insignis
1454 724 1641 762 serebatur
1669 735 1775 772 egre-

1115 780 1165 828 gii
1194 782 1383 817 marmoris
1415 786 1596 830 proventu
1623 780 1775 830 lapidis-

1114 848 1186 884 que
1209 836 1442 873 alabastritae
1471 837 1619 885 vinique
1646 835 1773 886 optimi

1115 893 1347 928 feracissima.
1395 891 1505 929 Nunc
1532 897 1704 938 vocatur,
1733 896 1775 928 ut

1114 947 1277 997 plerique
1295 952 1440 998 putant,
1459 946 1656 984 Illarmora.
1688 947 1776 984 Col-

1113 1004 1203 1052 legit
1245 1017 1340 1053 quae
1375 1004 1444 1040 huc
1479 1005 1617 1042 faciunt
1654 1004 1776 1040 omnia

1114 1059 1321 1097 'I‘zschuck
1349 1061 1397 1098 ad
1430 1059 1517 1098 Mel.
1546 1060 1592 1105 ΙΙ,
1623 1063 1647 1099 7
1681 1064 1775 1097 nott.

1113 1129 1243 1165 exegg.
1261 1129 1347 1166 pag.
1370 1117 1451 1156 577
1467 1136 1516 1143 -
1530 1117 1612 1157 580
1630 1115 1710 1152 Vol.
1723 1115 1774 1152 ΙΙΙ

1113 1174 1154 1210 P.
1177 1173 1208 1209 ll
1231 1172 1311 1210 coll.
1343 1172 1680 1210 Raoul-Rochette
1703 1171 1725 1208 l.
1750 1171 1773 1209 l.

1113 1229 1164 1265 ΙΙΙ
1184 1242 1220 1279 p.
1237 1229 1319 1270 253
1341 1242 1444 1278 seqq.
1492 1229 1603 1273 Quod
1629 1229 1675 1266 ab
1696 1227 1774 1264 aliis

1113 1286 1280 1322 scribitur
1308 1281 1608 1336 Προκόνησος,
1639 1285 1774 1334 magis,

1112 1347 1152 1378 ut
1170 1342 1325 1388 videtur,
1337 1355 1380 1379 ex
1395 1347 1555 1379 veterum
1569 1343 1773 1378 Atticorum

1112 1398 1256 1435 dicendi
1296 1399 1456 1446 ratione,
1520 1399 1567 1435 de
1606 1411 1650 1435 eo
1689 1401 1775 1448 post

1113 1454 1319 1492 Tzschuck.
1342 1454 1363 1492 l.
1381 1455 1403 1491 l.
1425 1467 1510 1505 pag.
1529 1457 1611 1495 577
1632 1458 1669 1492 et
1679 1458 1772 1491 nott.

1114 1511 1243 1548 critice.
1273 1524 1359 1561 pag.
1390 1509 1473 1552 480
1503 1511 1581 1547 vol.
1602 1511 1633 1547 11
1663 1510 1704 1547 P.
1726 1509 1774 1557 ll,

1112 1569 1253 1604 monuit
1278 1566 1440 1605 Boeckh.
1469 1568 1504 1604 in
1531 1567 1687 1617 Corpor.
1713 1566 1772 1603 ln-

1112 1624 1250 1673 seriptt.
1274 1624 1428 1660 Graece.
1445 1623 1461 1660 Ι
1480 1635 1566 1673 pag.
1593 1626 1644 1665 18
1660 1636 1693 1662 a.
1731 1622 1772 1659 ln

1110 1680 1328 1717 Herodoteo
1354 1678 1435 1717 loco
1462 1680 1564 1727 libri,
1594 1683 1772 1730 quantum

1111 1737 1205 1783 scio,
1241 1749 1315 1774 non
1335 1737 1485 1774 variant.

1168 1791 1315 1831 ποιέων
1335 1791 1443 1842 ἔπεα]
1475 1794 1499 1830 i.
1519 1805 1552 1831 e.
1572 1788 1773 1840 ἐποποιὸς,

1111 1851 1183 1898 quit
1202 1862 1290 1886 voce
1307 1850 1422 1886 utitur
1433 1850 1566 1886 Suidas
1583 1849 1605 1888 l.
1627 1849 1671 1895 l.‚
1693 1862 1772 1885 car-

1111 1907 1217 1942 minis
1237 1907 1326 1955 epici
1343 1909 1475 1943 auctor.
1514 1905 1611 1944 Nam
1630 1906 1772 1943 Arima-

1113 1975 1195 2012 spea
1229 1962 1503 2012 intelliguntur,
1556 1964 1602 1999 de
1642 1962 1774 2011 quibus

1113 2031 1196 2057 mox
1215 2031 1294 2069 cap.
1318 2019 1380 2059 14.
1436 2020 1499 2056 Sic
1519 2019 1614 2056 infra
1637 2018 1700 2066 lv,
1723 2017 1775 2059 14

1112 2075 1191 2113 coll.
1217 2078 1266 2116 16
1290 2079 1421 2114 ποιεῖν
1445 2074 1551 2114 ἔπεα.
1604 2074 1663 2113 De
1682 2074 1775 2112 Isse-

1113 2133 1261 2169 donibus
1277 2132 1348 2168 vid.
1367 2137 1459 2169 nott.
1480 2133 1528 2169 ad
1548 2131 1577 2178 Ι,
1598 2133 1693 2172 201.
1710 2131 1774 2175 1V,

1112 2191 1187 2235 273
1218 2189 1264 2225 de
1284 2189 1483 2239 Arimaspis
1503 2189 1598 2225 conf.
1616 2193 1711 2224 nott.
1724 2187 1773 2224 ad

1111 2246 1176 2291 lV,
1195 2247 1260 2285 27.
1284 2247 1359 2290 323
1397 2246 1443 2282 de
1463 2244 1622 2294 Gryplzz's
1644 2244 1771 2293 dispu-

1110 2304 1264 2338 tavimus
1283 2302 1318 2337 in
1332 2302 1492 2338 Excursu
1514 2301 1562 2338 ad
1584 2300 1644 2346 ΙΙΙ,
1670 2302 1772 2344 116·,

1110 2359 1157 2395 de
1178 2357 1414 2407 Hyperboreis
1444 2357 1518 2393 vid.
1552 2355 1701 2393 Excurs.
1735 2360 1773 2392 et

1109 2418 1200 2451 nott.
1225 2414 1272 2450 ad
1296 2414 1436 2459 1v,32.
1468 2413 1551 2449 Hoc
1568 2412 1647 2449 loco
1661 2424 1771 2449 unum

1110 2470 1292 2507 Ritterum
1322 2468 1512 2519 (Vorhalle
1548 2481 1634 2519 pag.
1664 2469 1767 2517 277)

1112 2527 1289 2563 excitasse
1315 2526 1494 2571 sufficiat,
1523 2529 1773 2574 quaerentem,

1111 2595 1220 2629 num,
1265 2595 1361 2631 quae
1407 2583 1548 2619 urbium
1588 2582 1636 2619 ad
1664 2581 1773 2618 Ponti

1112 2651 1213 2675 oram
1263 2638 1422 2689 Apollini
1479 2643 1771 2676 consecratarum

1111 2696 1273 2732 serantur
1308 2696 1477 2741 nomina,
1525 2707 1558 2731 v.
1591 2708 1622 2733 c.
1654 2694 1773 2742 Assos,

1111 2752 1287 2801 Assopolis
1327 2752 1601 2801 quodammodo
1638 2763 1772 2789 conve·-

1113 2808 1216 2846 niant
1255 2821 1334 2846 cum
1367 2807 1571 2846 Issedonum
1614 2808 1770 2846 nomine.
