1863 3256
50 1124 118 1170 46

491 162 1058 203 MELPOMENE.

1121 166 1180 203 lv.
1387 172 1471 213 373

163 270 383 326 5Σάρδισι
424 272 572 330 φυλήν
609 275 850 328 κεκλῆσθαι
882 271 1073 317 Ἀσιάδα.
1129 272 1187 317 ‘H
1220 273 1267 318 δὲ
1298 275 1352 331 δὴ
1383 276 1469 320 Εὐ·

191 342 319 399 ρώπη
342 341 443 388 οὕτε
474 346 511 388 εἰ
526 343 791 398 περίρῤυτός
815 344 903 388 ἔστι
925 340 1185 400 γινώσκεται
1205 344 1318 399 πρὸς
1336 345 1469 389 ου’δα-

189 418 287 470 μῶν
337 412 616 469 ἀνθρώπων·
678 414 779 459 οὔτε
828 413 993 459 ὁκόθεν
1039 413 1088 458 τὸ
1130 412 1304 472 οὔνομα
1344 417 1524 474 ἔλαβε65

187 487 340 535 τοῦτο,
374 484 476 529 οὔτε
506 485 625 537 ὅστις
657 487 701 529 οἷ
730 480 786 541 ἦν
817 483 840 528 ὁ
866 485 1052 542 θέμενος
1083 487 1307 542 φαίνεται·
1339 489 1376 531 εἰ
1406 488 1466 545 μή

188 553 274 597 ἀπὸ
297 556 371 610 τῆς
397 557 560 610 Τυρίης
580 553 783 610 φήσομεν
802 554 1026 612 Εὐρώπης
1048 560 1199 613 λαβεῖν
1219 558 1269 602 τὸ
1290 557 1465 616 οὔνομα

185 623 266 681 τὴν
293 623 463 681 χώρην,
493 624 712 679 πρότερον
743 626 789 669 δὲ
819 621 874 681 ἦν
905 626 993 683 ἄρα
1025 628 1278 687 ἀνώνυμος,
1316 630 1463 685 ὥσπερ

156 697 237 738 Gai
265 695 421 749 ἕτεραι.
482 694 576 740 ἄλλ’
611 696 721 754 αὕτη
752 714 799 752 γε
831 697 877 741 ἐκ
906 703 983 755 τῆς
1015 699 1154 757 Ἀσίης
1184 717 1228 744 τε
1260 703 1464 757 φαίνεται

181 765 338 818 ἐοῦσα,
372 767 444 811 καὶ
475 765 560 811 οὐκ
579 766 823 826 ἀπικομένη
846 771 888 823 ές
906 772 988 829 τὴν
1016 775 1100 828 γῆν
1130 770 1317 829 ταύτην,
1350 772 1465 831 ἥτις

180 840 267 880 νῦν
295 835 385 882 ὑπὸ
409 836 629 896 Ἑλλήνων
661 839 860 897 Εὐρώπη
891 842 1112 895 καλέεται,
1145 841 1245 886 ἀλλ’
1279 843 1389 888 ὅσον
1419 845 1523 890 έκῖο

185 911 398 966 Φοινίκης
447 911 490 962 ἐς
528 910 744 968 Κρήτην,
801 913 848 957 ἐκ
889 914 1063 972 Κρήτης
1109 914 1155 959 δὲ
1197 915 1240 966 ἐς
1278 918 1462 973 Λυκίην.

153 984 339 1024 7Ταῦτα
377 982 457 1038 μέν
494 999 578 1026 νυν
617 983 684 1027 ἐπὶ
716 989 932 1030 τοσοῦτον
971 986 1185 1043 εἰρήσθω·
1233 992 1348 1031 τοῖσι
1373 987 1459 1044 γὰρ

179 1053 503 1110 νομιζομένοισι
534 1052 682 1098 αὐτῶν
710 1055 974 1113 χρησόμεθα.

289 1124 337 1169 Ὁ
379 1125 425 1170 δὲ
457 1124 633 1178 Πόντος
665 1126 688 1170 ὁ
719 1127 955 1180 Εὔξεινος,
994 1126 1062 1172 ἐπ’
1095 1126 1149 1171 ὃν
1179 1127 1457 1182 ἐστρατεύετο

179 1203 388 1252 Δαρεῖος,
417 1198 596 1254 χωρέων
625 1197 801 1242 πασέων
829 1198 1083 1255 παρέχεται,
1115 1198 1194 1250 ἔξω
1225 1203 1306 1243 τοῦ
1339 1203 1456 1245 Σκυ-

120 1335 229 1373 codd.
266 1329 346 1373 ἆπό
366 1328 550 1385 Λιβύης;
594 1346 690 1383 qnae
722 1345 785 1371 ea-

121 1393 207 1430 dem
257 1392 414 1429 varietas
459 1391 496 1427 in
551 1391 672 1428 verbis
720 1389 786 1429 ἐπὶ

118 1444 258 1488 Ἀσίεω
285 1453 322 1486 et
353 1446 418 1488 ἐπὶ
445 1449 516 1497 τῆς
539 1446 786 1498 Προμηθέος

120 1511 252 1544 exstat.
294 1505 390 1542 Add.
431 1505 501 1552 lv,
555 1507 647 1545 107.
690 1505 784 1546 148.

122 1562 202 1604 149
229 1562 309 1600 coll.
336 1560 426 1603 184.

176 1621 399 1669 κεκλῆσθαι
442 1612 629 1667 Ἀσιάδα]
678 1617 782 1661 Inde,

119 1677 239 1714 iudice
258 1676 418 1713 Heeren.
439 1675 564 1712 ldeen.
585 1675 619 1720 Ι,
650 1676 671 1715 1
694 1686 782 1724 pag.

122 1731 225 1779 154,
267 1733 355 1770 Asia
398 1734 505 1778 urbs,
554 1743 650 1781 quae
684 1731 784 1781 apud

119 1789 350 1841 Stephanum
386 1789 476 1838 Byz.
523 1800 785 1825 commemora·

118 1852 198 1895 tur,
248 1859 323 1883 non
372 1845 442 1882 alia
478 1850 592 1895 atque
629 1845 782 1883 Sardes.

176 1900 268 1942 οὔτε
317 1900 512 1942 ὁκόθεν
550 1924 607 1929 —
665 1900 782 1951 ἔλαβε

116 1962 248 2006 τοῦτο,
267 1956 359 1999 οὔτε
378 1955 525 2006 ὅστις
544 1957 656 1997 οἷ-
686 1958 782 2007 φαί-

117 2015 250 2068 νεται]
281 2016 370 2053 Sola
392 2017 429 2054 in
450 2016 505 2053 his
527 2021 653 2053 noster
671 2015 780 2052 adhi-

116 2074 196 2112 buit
223 2073 383 2127 ‘relativa
418 2073 660 2124 pronomina,
719 2073 782 2121 qui

115 2130 224 2178 alias,
253 2136 430 2169 monente
451 2130 587 2167 struve
608 2129 637 2175 Ι,
667 2142 704 2179 p.
725 2129 781 2170 49

115 2192 207 2235 not,
225 2189 433 2238 promiscue
453 2192 488 2224 et
508 2186 781 2235 interrogativis

116 2250 155 2282 et
182 2244 340 2283 relativis
371 2245 484 2281 utitur
512 2244 549 2280 in
573 2244 781 2292 iuterroga-

115 2302 276 2339 tionibus
301 2301 471 2351 obliquis.
501 2321 558 2328 —
597 2299 639 2337 ln
671 2312 778 2349 seqq.

115 2371 182 2408 pro
206 2357 275 2397 καὶ
295 2353 370 2397 οὔκ
388 2353 611 2407 ἀπικομένη
631 2356 780 2405 Steger.

116 2413 238 2452 Praef.
259 2427 346 2467 pag.
369 2414 457 2452 XIV
483 2414 685 2453 rescribere
704 2412 782 2451 vult

120 2465 234 2509 οὐδ’
262 2485 330 2523 pro
362 2466 421 2511 οὐ
430 2486 465 2510 κ.

181 2529 312 2566 Ταῦτα
331 2527 403 2578 μέν
418 2543 495 2568 νυν
508 2525 572 2567 ἐπὶ
589 2528 784 2568 τοσοῦτον

120 2578 327 2634 εἰρήσθω]
357 2585 383 2622 i.
418 2598 451 2623 e.
483 2585 586 2622 Haec
613 2584 784 2621 hactenus

120 2640 219 2677 dicta
239 2643 354 2685 sunto,
383 2641 432 2680 de
451 2646 573 2680 terrae
593 2641 670 2679 scil.
690 2640 784 2678 divi-

116 2697 219 2735 sione
241 2698 278 2734 in
303 2702 377 2734 tres
394 2703 520 2748 partes
538 2703 576 2736 et
587 2698 635 2736 de
657 2710 783 2735 fflmm

115 2754 397 2803 uniuscuiusque
408 2756 583 2792 terminis.
600 2755 665 2791 Sic
675 2754 785 2806 plane

116 2808 182 2850 ἐπὶ
208 2812 401 2851 τοσοῦτον
419 2810 492 2859 IV,
519 2812 600 2853 199
630 2811 789 2849 Aris-tot.

844 1334 903 1373 De
925 1347 1002 1385 rep.
1022 1334 1056 1371 ll
1070 1363 1080 1381 ,
1112 1336 1150 1375 9.
1181 1333 1277 1372 Plut.
1301 1333 1465 1374 Marcell.
1486 1337 1512 1377 8

843 1393 904 1429 fin.
956 1391 1123 1428 Imitatur
1149 1391 1350 1429 Pausanias
1381 1393 1453 1437 Π,
1483 1393 1511 1435 4

843 1448 879 1501 ξ.
902 1449 942 1496 4,
966 1449 1028 1486 ubi
1047 1449 1119 1485 vid.
1143 1448 1311 1486 Siebelis.
1335 1471 1391 1476 —
1419 1449 1510 1488 Mox

843 1506 930 1544 dedi
955 1501 1091 1544 αὐτῶν
1106 1518 1175 1556 pro
1193 1501 1359 1545 αὐτέων.

1035 1563 1143 1612 Cap.
1176 1562 1310 1600 XLVI.

900 1615 920 1658 ὅ
959 1615 1002 1657 ὁὲ
1037 1614 1190 1666 Πόντος
1229 1617 1253 1658 ό
1279 1615 1506 1672 Εὔξεινος]

842 1676 926 1713 Hoc
957 1689 1001 1713 ex
1024 1674 1105 1713 loco
1128 1681 1165 1713 et
1187 1688 1291 1725 seqq.
1321 1677 1408 1713 satis
1432 1689 1508 1714 ma-

843 1733 1016 1770 nifestum
1043 1732 1121 1770 fieri
1141 1733 1265 1770 scribit
1287 1733 1412 1783 Heyse
1435 1733 1459 1770 l.
1483 1733 1508 1772 l.

840 1802 926 1840 pag.
967 1791 1041 1831 131
1087 1801 1153 1836 ea,
1200 1803 1297 1839 quae
1333 1790 1420 1828 inde
1459 1791 1507 1829 de

840 1845 1057 1896 Scytharum
1115 1852 1213 1883 terra
1258 1847 1506 1896 gentibusque

839 1902 990 1952 singulis
1011 1909 1248 1948 enarrantur,
1273 1916 1316 1940 ex
1334 1904 1505 1954 autopsia

840 1960 999 2010 quadam
1016 1960 1174 1997 fluxisse.
1205 1959 1286 1997 Nec
1305 1960 1455 1998 dubium
1468 1961 1504 1997 in

839 2018 928 2054 istas
961 2017 1131 2066 regiones
1150 2018 1361 2066 pervenisse
1381 2017 1506 2055 Hero-

839 2074 983 2120 dotum,
1014 2086 1122 2123 quern
1149 2086 1390 2123 quaecunque
1407 2075 1503 2112 refe-

838 2136 897 2168 rat
945 2130 1000 2167 vel
1048 2131 1167 2180 ipsum
1205 2131 1341 2168 vidisse
1369 2130 1426 2168 vel
1456 2131 1503 2168 ab

838 2188 1023 2237 indigenis
1060 2187 1261 2224 Graecisve
1292 2187 1402 2224 Ponti
1443 2199 1504 2224 ac-

839 2244 926 2281 colis
944 2244 1129 2294 accepisse
1150 2250 1249 2281 recte
1269 2248 1429 2282 statuere
1447 2244 1503 2280 vi·

838 2302 947 2339 detur
973 2300 1151 2338 Niebuhr.
1183 2301 1325 2347 (Verm.
1354 2300 1502 2337 Scin-ist.

838 2359 878 2405 I,
918 2371 954 2409 p-
982 2359 1109 2403 355);
1143 2370 1299 2407 quocum
1329 2357 1504 2395 Herodo-

838 2420 915 2452 tum
945 2415 1115 2465 ponimus
1143 2415 1201 2451 vix
1226 2413 1324 2452 ultra
1354 2414 1502 2452 Olbiam

839 2483 1073 2523 progressum
1095 2483 1200 2518 esse,
1228 2484 1296 2509 nec
1315 2472 1352 2508 in
1367 2471 1503 2509 Tauri-

841 2541 919 2566 cam
948 2527 1199 2579 paeninsulam
1223 2528 1507 2579 Bospommque

841 2585 995 2623 venisse.
1044 2584 1094 2621 Et
1133 2585 1303 2622 laudibus
1332 2585 1420 2621 iude
1451 2584 1507 2620 di-

841 2655 954 2692 gnum
986 2641 1192 2679 indiarum
1218 2648 1362 2692 patrem
1392 2640 1507 2677 histo·

841 2700 918 2736 riae
953 2698 1142 2737 Mannert.
1180 2698 1232 2735 IV
1266 2711 1302 2748 p.
1345 2698 1410 2737 63.
1450 2697 1505 2736 67

841 2754 940 2802 (coll.
976 2754 1133 2792 Rennel.
1177 2768 1215 2805 p.
1248 2751 1350 2803 403)
1392 2758 1504 2801 atque

841 2811 1062 2850 Dahlmann.
1085 2810 1226 2849 Herod.
1247 2821 1333 2860 pag.
1357 2809 1437 2849 159
1455 2808 1502 2846 ob

1532 1133 1623 1162 Ponti
1666 1135 1778 1175 Euxini

1514 1174 1621 1203 gemer-
1664 1177 1795 1197 emman

1537 1201 1763 1237 stupidis-simae

1514 1242 1638 1271 praeter
1675 1225 1794 1272 Scyth}-
