1863 3256
427 162 512 202 378

832 166 1303 205 HERODOTI

395 270 512 313 3εζσὶ
542 269 588 314 δὲ
618 273 709 315 οἵδε
740 275 785 316 οἱ
812 275 948 329 μέγαν
978 275 1116 318 αὐτὸν
1145 278 1390 326 ποιεῦντες·
1441 275 1514 319 διὰ
1542 278 1621 332 μέν
1650 295 1698 335 γε

426 345 504 397 τῆς
535 345 766 398 Σκυθικῆς
794 344 938 400 χώρης
965 346 1090 389 πέντε
1119 348 1198 402 μὲν
1229 348 1274 390 οἱ
1304 346 1502 400 ῥέοντες,
1541 349 1619 392 τόν
1648 357 1726 394 τε5

425 413 606 457 Σκύθαι
644 415 828 469 Πόρατα
869 417 1097 468 καλέουσι,
1139 417 1344 473 ’Έλληνες
1385 417 1431 460 ὁὲ
1473 419 1696 472 Πυρετόν·

421 485 495 527 καὶ
525 483 673 536 ἄλλος,
720 487 987 540 Τιαραντός·
1029 488 1101 531 καὶ
1126 487 1310 542 Ἀραρός
1339 504 1403 540 τε,
1438 490 1510 532 καὶ
1541 489 1695 534 Νάπα-

394 560 512 609 4ρις,
544 556 616 598 καὶ
642 554 894 612 Ὀρδησσός.
953 557 976 603 ὁ
1008 559 1087 614 μὲν
1116 565 1288 614 πρῶτος
1313 561 1477 616 λεχθεὶς
1501 564 1588 603 τῶν
1619 577 1696 605 πο-

423 630 597 681 ταμῶν,
628 626 782 680 μέγας,
813 629 886 672 καὶ
910 630 1020 684 πρὸς
1049 628 1114 686 ἠῶ
1146 632 1258 686 ῥέων
1288 631 1604 675 ἀνακοινοῦται
1632 636 1694 692 τῷ

413 695 565 753 ’Ίστρῳ
596 696 644 740 τό
676 696 823 754 ὕδωρ·
865 698 888 743 ὁ
914 701 959 744 δὲ
983 701 1186 756 δεύτερος
1210 703 1399 758 λεχθεὶς,
1436 702 1692 755 Τιαραντὸς,
1709 711 1751 744 10

391 767 536 821 5πρὸς
574 767 756 824 ἑσπέρης
794 786 838 814 τε
875 776 1062 826 μᾶλλον,
1105 774 1178 816 καὶ
1217 773 1424 817 ἐλάσσων.
1487 773 1510 817 ὁ
1555 774 1600 817 δὲ
1640 774 1693 830 δὴ

418 837 596 892 Ἄραρός
634 856 678 883 τε
715 841 789 883 καὶ
831 839 854 884 ὁ
897 842 1102 897 Νάπαρις
1143 844 1215 886 καὶ
1255 842 1278 886 ὁ
1313 841 1571 899 Ὀρδησσὸς,
1619 844 1692 888 διὰ

418 908 556 964 μέσου
596 911 766 955 τούτων
807 912 965 964 ἰόντες,
1019 912 1280 968 ἐσβάλλουσι
1315 913 1359 965 ἐς
1395 915 1475 958 τόν
1503 914 1690 968 Ἴστρον.

389 975 547 1024 δοῦτοι
595 982 676 1038 μὲν
721 983 962 1039 αὐτιγενέες
999 985 1185 1040 ποταμοὶ
1224 986 1447 1028 Σκυθικοὶ
1501 990 1691 1041 συμπλη-

354 1223 411 1255 rat
454 1215 591 1269 μόνοι,
643 1219 744 1267 quod
792 1223 1020 1271 receperunt.

353 1275 457 1313 Reiz.
477 1282 516 1314 ct
533 1276 715 1314 Borhcck.

409 1383 601 1438 Πόρατα]
635 1389 752 1426 Prave
781 1389 817 1426 in
838 1388 1022 1425 Sancrofti

352 1442 446 1480 libro
470 1450 588 1482 exstat
614 1441 807 1493 Τώρατα,·
843 1446 1021 1494 quemad-

357 1501 506 1538 modum
526 1502 625 1552 apud
641 1501 777 1539 Melam
802 1502 838 1547 Ι,
874 1504 935 1542 19.
967 1503 1020 1542 87

355 1555 530 1594 Maeotia·
558 1557 594 1594 T
593 1562 744 1594 oreatae.
789 1558 898 1595 Nunc
929 1560 1020 1594 satis

330 1658 333 1662 ἱ
354 1615 524 1651 convenit
548 1615 618 1651 dici
644 1614 773 1651 Prutle.
814 1615 895 1651 vid.
918 1614 1020 1651 Ren-

354 1669 424 1707 nel.
459 1684 494 1720 p.
524 1672 618 1711 405.
658 1671 855 1709 Reichard.
887 1684 921 1721 p.
952 1671 1017 1711 41.

353 1726 539 1764 Manuert.
577 1727 627 1764 lV
664 1741 700 1777 p.
731 1730 783 1769 73
814 1733 884 1765 etc.
946 1728 1017 1765 Pro

352 1777 520 1833 Πόρατα
553 1784 709 1832 mavult,
740 1789 894 1821 notante
928 1784 1017 1832 Cr.‚

351 1836 545 1890 Πούρατα
567 1840 775 1878 Demetrius
790 1841 1016 1892 Philippides

349 1894 391 1935 ἒν
414 1899 466 1950 τῇ
495 1897 650 1952 ἱστορίᾳ
667 1900 741 1945 τῆς
764 1899 1016 1948 Ρουμουνιάς

347 1951 450 2002 Lips.
474 1956 660 1995 1816.—-
696 1954 908 2001 Tiarantus,
934 1955 1015 2005 plu-

347 2009 447 2046 ribus
484 2011 569 2047 viris
609 2012 728 2048 doctis
761 2012 908 2048 videtur
934 2025 1015 2049 esse

346 2066 471 2103 Αἰαίη.
502 2066 553 2104 Et
571 2068 643 2104 vid.
665 2081 812 2117 quoque
834 2068 1013 2106 Niebuhr.

347 2121 563 2160 Vermischt.
584 2124 732 2161 schrift.
762 2125 779 2160 1
811 2138 897 2173 pag.
917 2125 1012 2167 356.

345 2179 573 2216 Reichardus
595 2181 642 2218 de
657 2181 768 2218 fluvio
793 2180 935 2218 leisse
954 2183 1012 2219 in-

344 2235 497 2284 telligit3
529 2236 711 2275 Mannert.
741 2237 763 2274 l.
784 2237 807 2274 l.
830 2239 878 2275 de
901 2239 1012 2276 fluvio

347 2290 417 2341 Syl
471 2293 507 2329 iu
558 2292 734 2331 Valachia
783 2295 1012 2333 occidentali.

344 2347 484 2384 Ararus
523 2349 705 2387 Rennelio
755 2350 908 2400 aliisque
957 2356 1013 2390 est

345 2405 461 2440 amnis
483 2404 604 2442 Sirene
629 2419 655 2442 s.
677 2406 790 2452 Seret,
814 2407 1011 2446 Mannerto

344 2472 386 2496 ac
406 2460 612 2498 Reichardo
633 2463 763 2498 fluvius
786 2463 920 2507 Aluum
950 2464 1012 2513 qui

344 2516 453 2553 iidem
486 2515 655 2567 Naparin
683 2531 750 2567 pro
782 2521 891 2557 fluvio
914 2520 1012 2557 Ard-

342 2572 477 2609 sckisch
515 2578 552 2611 et
580 2575 771 2611 Ordessum
804 2589 871 2625 pro
897 2577 1009 2612 fluvio

345 2628 471 2666 Sereth
484 2629 630 2668 habent.
659 2631 1008 2670 ContraRennenus

342 2684 475 2735 aliique
508 2685 652 2736 plurimi
673 2686 845 2737 Naparin
874 2693 1009 2739 putant

343 2755 426 2779 esse
449 2742 591 2781 Proava
610 2757 640 2782 S.
661 2743 902 2793 Jalommtza,
936 2746 1008 2782 Or-

343 2798 478 2837 ‹lessum
497 2801 642 2838 fluvium
660 2800 783 2850 Argis.

290 1046 357 1090 49
415 1051 583 1096 θύουσι
616 1053 767 1098 αὐτόν.
822 1054 895 1099 Ἐκ
926 1055 972 1098 δὲ
999 1053 1282 1112 Ἀγαθύρσων
1313 1055 1467 1111 Μάρις
1495 1057 1692 1112 ποταμὸς

1136 1217 1205 1257 καὶ
1224 1215 1325 1271 πρός
1344 1214 1406 1269 η’(ὖ
1419 1217 1537 1269 ρ’ἑων]
1559 1218 1745 1268 Schweig-

1079 1274 1256 1313 haeusero
1279 1277 1478 1326 interprete
1505 1276 1572 1321 (ad
1593 1276 1620 1321 I,
1641 1277 1744 1323 201)

1079 1345 1153 1368 non
1179 1333 1358 1370 orientem
1386 1345 1509 1370 versus
1528 1333 1657 1368 fluvius
1680 1333 1746 1370 de-

1079 1388 1224 1434 labitur,
1254 1390 1319 1426 sed
1340 1391 1456 1437 magis
1477 1402 1586 1437 quam
1609 1390 1744 1426 caeteri

1079 1458 1204 1482 amnes
1223 1446 1269 1482 ab
1287 1446 1427 1483 oriente
1448 1447 1548 1491 fluit,
1579 1452 1617 1483 et
1639 1445 1675 1481 in
1699 1458 1743 1483 ea

1079 1501 1161 1538 lstri
1200 1506 1326 1552 parte,
1372 1515 1467 1551 quae
1502 1503 1657 1539 maxime
1692 1502 1742 1539 ad

1077 1558 1255 1595 orientem
1293 1563 1445 1608 spectat.
1497 1559 1583 1601 Quo
1610 1558 1742 1595 eodem

1077 1615 1187 1650 modo
1207 1616 1314 1652 etiam
1329 1615 1441 1652 verba
1459 1611 1558 1665 πρός
1575 1613 1742 1666 ἑσπέρης

1076 1671 1189 1721 accipi
1221 1671 1307 1708 vult.
1365 1672 1442 1708 Sed
1470 1672 1542 1708 vid.
1571 1675 1662 1708 nott.
1693 1672 1741 1708 ad

1074 1726 1146 1772 IV,
1179 1727 1244 1768 40.
1287 1727 1346 1764 Ad
1378 1723 1664 1767 ἄνοικοινοῦται
1695 1749 1740 1755 —-

1074 1780 1118 1822 τό
1140 1779 1248 1836 ὕδωρ
1271 1784 1301 1822 C
1310 1798 1337 1821 r.
1360 1787 1500 1823 confert
1511 1784 1670 1822 Fischer.
1691 1785 1740 1822 ad

1074 1840 1222 1878 Weller.
1250 1841 1322 1889 111,
1351 1854 1384 1878 a.
1414 1855 1450 1892 p.
1472 1842 1575 1886 412,
1606 1842 1667 1890 qui
1692 1841 1739 1879 de

1074 1901 1255 1934 structura
1283 1898 1385 1934 huius
1410 1898 1510 1936 verbi
1531 1910 1610 1934 cum
1631 1910 1738 1935 accu-

1073 1955 1190 1991 sativo
1219 1955 1270 1991 rei
1296 1955 1480 1992 admonet.
1501 1976 1555 1981 —
1595 1953 1656 1991 Ad
1675 1967 1739 1990 vo-

1072 2023 1149 2047 cem
1181 2005 1400 2062 αὕτιγενέες
1431 2011 1529 2048 conf.
1561 2010 1615 2056 ΙΙ,
1658 2008 1737 2052 149

1072 2066 1195 2116 ibique
1217 2073 1307 2104 nott.
1329 2072 1365 2105 et
1380 2068 1424 2116 ΙΙ,
1449 2070 1511 2114 17,
1533 2067 1593 2104 ubi
1606 2067 1736 2105 eodem

1071 2136 1178 2162 sensu
1205 2120 1408 2176 ἰθαγενής.

1264 2215 1295 2252 c
1308 2228 1329 2253 a
1339 2229 1376 2266 p.
1407 2214 1541 2252 XLIX.

1125 2293 1168 2333 ἐκ
1213 2290 1255 2332 δὲ
1292 2289 1553 2344 Ἀγαθύρσων
1593 2287 1734 2343 Μάρις

1069 2346 1268 2400 ποταμός]
1309 2351 1368 2388 De
1396 2349 1610 2398 Agathyrsis
1639 2350 1734 2386 conf.

1070 2407 1140 2453 lV,
1175 2405 1253 2447 104
1283 2407 1368 2456 ibiq.
1395 2410 1488 2443 nott.
1519 2405 1644 2442 filaris
1665 2408 1734 2443 flu-

1070 2464 1148 2500 vius
1193 2475 1288 2499 nunc
1326 2467 1475 2499 vocatur
1507 2460 1677 2499 DIaroscla
1703 2475 1731 2499 s.

1070 2518 1220 2564 ΙΙΙανοες
1248 2520 1284 2555 in
1304 2519 1487 2555 montibus
1508 2518 1732 2569 'l'ransylva-

1068 2577 1150 2614 niae
1163 2576 1274 2611 oritur
1286 2580 1321 2613 et
1334 2576 1369 2612 in
1383 2574 1557 2612 'l‘iliscum
1576 2575 1731 2623 (Theis-

1066 2633 1122 2680 se)
1153 2633 1280 2668 influit.
1325 2633 1382 2669 Cf.
1401 2631 1558 2671 Reunel.
1576 2646 1612 2683 p.
1633 2633 1729 2673 414.

1065 2688 1223 2726 Heeren.
1265 2688 1388 2726 Ideen.
1423 2688 1455 2736 Ι,
1494 2692 1521 2730 2
1562 2702 1598 2739 p.
1630 2687 1728 2730 275.

1064 2744 1251 2783 Mannert.
1264 2745 1323 2782 lv.
1339 2758 1425 2796 pag.
1436 2747 1502 2786 73.
1518 2747 1608 2786 102.
1621 2745 1729 2795 Kap-

1065 2815 1150 2853 pen.
1174 2801 1374 2851 Nordgest.
1404 2802 1440 2842 d.
1461 2801 1570 2840 Pont.
1600 2815 1638 2853 p.
1663 2802 1728 2843 13.

1762 494 1833 535 30:-
