1863 3256
226 290 312 329 676
775 289 1187 329 ADDENDA

449 398 610 433 eiusmodi
629 409 758 433 sensum
780 400 949 444 particula
970 395 1018 432 ἂν
1036 401 1148 432 futuro
1169 398 1286 432 addita
1306 408 1455 442 unquam
1479 397 1619 443 exprimi
1640 410 1741 443 posse

448 449 554 489 negat
579 455 698 478 censor
722 456 825 489 supra
849 445 1004 479 laudatus
1022 456 1100 488 pag.
1125 446 1213 484 983,
1238 443 1295 488 qui
1321 443 1520 487 particulam
1541 438 1588 476 ἕὶν
1607 445 1740 478 minime

450 490 492 524 ad
527 487 673 524 ἔσονται
707 490 829 524 referri
864 490 955 529 vult,
998 491 1057 523 sed
1093 490 1136 522 ad
1169 486 1367 531 καυμάτων
1394 488 1470 522 τῶν
1497 487 1740 532 θερμοτάτων

449 532 605 577 ἐόντων,
629 537 677 570 ita
703 542 741 570 ut
765 537 848 569 haec
873 536 946 568 sere
970 535 1036 568 loci
1062 535 1107 568 sit
1131 534 1320 568 sententia:
1360 530 1454 574 ὅκως
1474 532 1618 568 ἔσονται
1639 532 1677 568 ἐν
1694 535 1740 590 τῇ

451 577 598 626 ἁρπαγῇ
619 580 714 616 κατὰ
735 578 874 622 ταύτην
897 578 964 623 τὴν
985 576 1097 623 ὤρην,
1123 578 1162 614 ἐν
1179 574 1272 625 ᾗπερ
1289 578 1335 614 τὰ
1356 578 1527 622 καύματα
1542 579 1729 624 θερμότατ

450 622 498 661 div
521 627 589 671 εἴη.
639 627 804 671 Equidem
831 626 919 659 haud
944 626 1013 660 scio
1040 638 1082 660 an
1107 626 1291 660 Hermanni
1320 632 1472 670 praestet
1498 627 1597 660 ratio.
1617 645 1662 651 --
1689 626 1740 659 Ad

450 674 576 718 capitis
613 674 711 707 huius
745 677 974 713 argumentum
1007 672 1203 706 consulatur
1241 683 1376 717 quoque
1408 672 1574 706 Niebuhr.
1609 671 1740 706 Histor.

450 719 594 752 Schrift.
618 719 633 750 Ι
660 728 739 760 pag.
768 720 832 753 139
858 729 930 761 seq.

232 764 284 798 Ad
301 763 371 805 111,
399 765 463 800 106
481 776 513 809 p.
538 765 613 799 195.
639 764 716 797 196.
767 763 864 802 Quae
889 764 932 798 de
956 764 1114 807 gossypio
1138 763 1228 808 apud
1255 763 1466 797 Herodotum
1488 762 1666 807 leguntur,
1700 773 1741 796 ea

453 812 494 844 ad
509 809 624 842 Sinam
643 810 751 842 relata
769 810 844 842 vult
862 810 916 843 De
935 810 1094 853 Guignes
1119 809 1154 844 in
1175 811 1276 844 Mem.
1302 810 1345 842 de
1370 808 1500 843 l’Acad.
1519 810 1551 842 d.
1565 809 1740 854 Inscriptt.

453 855 586 888 XXXV
613 866 689 898 pag.
715 856 794 890 556.

234 901 285 934 Ad
302 901 373 942 ΙΙΙ,
399 903 464 935 108
490 912 568 945 pag.
597 902 660 934 198
686 912 705 933 a
731 901 788 934 lin.
813 901 835 935 5
861 901 903 934 ab
928 901 987 935 inf.
1014 901 1079 934 del.
1107 899 1291 933 semicolon
1317 904 1395 943 post
1418 901 1548 934 modus.

233 948 286 981 Ad
304 948 372 987 ΙΙΙ,
401 948 465 981 108
491 958 570 990 pag.
599 947 662 981 199
689 958 718 979 a.
768 947 834 988 lis,
873 958 962 990 quae
987 947 1029 979 ad
1055 947 1160 979 verba
1186 942 1261 978 ἔστι
1291 942 1403 978 ἐοῦσα
1432 944 1531 989 σοφή
1563 945 1741 989 adscripsi,

451 992 530 1026 add.
556 992 757 1036 Interprett.
783 992 825 1026 ad
851 992 984 1037 Eunap.
1019 1003 1051 1036 p.
1076 992 1155 1027 357.
1183 993 1261 1026 593.
1295 991 1417 1024 Jacobs
1441 992 1485 1024 ad
1510 991 1631 1024 Achill.
1657 992 1739 1025 Tat.

451 1039 494 1079 V,
522 1041 583 1074 10:
614 1050 701 1082 quae
727 1038 842 1072 attulit
864 1039 975 1073 Walz.
999 1038 1041 1071 ad
1067 1041 1187 1072 Arsen.
1215 1037 1340 1070 Violet.
1367 1047 1446 1080 pag.
1470 1038 1503 1072 5.
1529 1037 1561 1070 6.

233 1082 285 1116 Ad
307 1082 376 1124 ΙΙΙ,
404 1085 469 1163 105¹)
496 1095 575 1128 pag.
600 1085 672 1146 203
692 1096 723 1118 a.
774 1085 826 1118 De
852 1095 914 1118 usu
940 1095 1058 1118 vocum
1083 1081 1192 1118 τέκνα
1215 1088 1320 1126 atque
1346 1081 1491 1116 νεοσσοὶ
1515 1082 1604 1116 conf.
1629 1082 1739 1116 Walz.

465 1155 473 1163 .
500 1131 522 1165 Ι.
573 1141 591 1162 ‘d
621 1157 625 1161 -
654 1133 707 1165 15.

231 1173 283 1207 Ad
305 1175 377 1217 ΙΙΙ,
403 1178 466 1211 115
488 1141 568 1221 pag?
587 1142 654 1210 2508
671 1188 742 1221 seq.
781 1176 900 1220 Negat
918 1174 970 1209 vir
991 1174 1206 1209 doctissimus
1226 1174 1330 1217 Voigt
1348 1173 1495 1216 (Gesch.
1516 1185 1547 1206 v.
1567 1173 1741 1206 Preussen

457 1223 473 1255 1
500 1234 576 1267 pag.
600 1224 641 1257 15
658 1222 750 1267 seq.)
777 1222 966 1255 Phoenices
990 1221 1048 1254 illa
1070 1221 1135 1254 iam
1162 1224 1276 1253 aetate
1300 1219 1343 1253 ad
1361 1219 1561 1253 Borussicas
1579 1229 1657 1252 oras
1680 1229 1740 1251 na-

450 1269 552 1301 vibus
584 1274 703 1301 vectos
734 1267 866 1309 videri,
897 1267 1045 1310 indeque
1069 1266 1224 1300 attulisse
1248 1265 1432 1305 electrum,
1467 1264 1558 1308 quod
1583 1265 1741 1298 terrestri

455 1314 513 1348 via
537 1314 652 1358 potius
677 1319 710 1347 et
737 1313 872 1358 quidem
905 1313 1033 1358 triplici
1068 1312 1264 1356 acceperint
1287 1316 1425 1345 veteres
1449 1310 1576 1345 Graeci
1606 1321 1647 1343 ac
1672 1309 1741 1343 Ro-

449 1360 561 1400 mani,
587 1362 674 1401 una,
701 1371 788 1404 quae
815 1360 857 1393 ad
883 1359 1047 1392 Vistulam
1072 1358 1219 1403 indeque
1247 1369 1310 1402 per
1334 1356 1497 1390 Poloniae
1521 1360 1672 1398 tractus,
1697 1354 1741 1388 ad

452 1406 654 1439 Cracoviam
685 1411 882 1450 montesque
905 1406 1135 1438 Sarmatarum
1168 1416 1278 1447 usque
1311 1402 1354 1437 ad
1380 1403 1586 1443 Carnutum,
1617 1401 1742 1434 Roma-

453 1463 570 1485 norum
596 1457 744 1485 castrum
769 1463 878 1495 prope
903 1450 1111 1490 Danubium,
1138 1449 1293 1490 duxerit,
1327 1449 1453 1488 altera,
1490 1459 1580 1492 quae
1605 1459 1666 1492 per
1690 1447 1743 1479 in-

453 1496 594 1531 terioris
619 1497 824 1530 Germaniae
848 1502 951 1541 atque
976 1495 1112 1528 Galliae
1145 1495 1265 1538 plagas
1290 1494 1333 1527 ad
1359 1493 1543 1527 Massiliam
1569 1493 1742 1537 pertinue-

453 1543 518 1581 rit.
538 1542 613 1576 *ubi
643 1543 806 1576 electrum
838 1542 974 1575 allatum
999 1541 1195 1585 acceperint
1219 1540 1407 1573 Phoenices
1431 1550 1493 1584 per
1518 1550 1645 1572 omnem
1670 1544 1742 1571 ter-

451 1599 565 1622 rarum
589 1589 704 1622 orbem
727 1588 945 1628 translaturi,
971 1587 1094 1628 tertia,
1126 1589 1193 1631 qua
1216 1586 1376 1619 electrum
1403 1595 1465 1630 per
1492 1584 1742 1628 Borysthenem

455 1634 501 1668 ad
526 1634 661 1667 Olbiam
694 1638 797 1678 atque
829 1634 978 1678 Scythas
1002 1633 1199 1666 Graecosve
1223 1631 1324 1664 Ponti
1357 1630 1491 1664 accolas
1522 1629 1628 1663 suerit
1658 1629 1742 1663 alla-

454 1684 534 1713 tum.
586 1680 752 1723 Equidem
778 1683 814 1713 ut
838 1691 903 1712 non
930 1690 1068 1722 negem,
1113 1677 1170 1710 via
1195 1677 1345 1722 pedestri
1371 1678 1509 1720 postera
1532 1675 1742 1720 potissimum

453 1730 570 1760 aetate
595 1726 758 1759 electrum
783 1725 826 1758 ad
851 1724 1080 1758 meridionalis
1105 1724 1267 1768 Europae
1296 1723 1416 1767 plagas
1447 1721 1564 1755 afferri
1591 1720 1744 1765 potuisse

454 1783 495 1805 ac
520 1783 558 1804 re
583 1783 665 1805 vera
689 1772 826 1805 allatum
851 1771 977 1810 fuisse,
1002 1771 1050 1804 ita
1069 1769 1192 1803 nullam
1211 1768 1345 1802 invenio
1363 1778 1496 1802 causam
1515 1766 1657 1808 iustam,
1683 1777 1743 1800 cur

451 1818 639 1851 Phoenices
673 1829 808 1862 quoque
841 1818 884 1850 ad
909 1817 1030 1851 Baltici
1055 1815 1154 1850 maris
1178 1815 1282 1848 litora
1305 1814 1448 1848 navibus
1473 1814 1668 1857 pervenisse
1691 1812 1743 1845 in-

453 1864 566 1907 deque
591 1864 752 1897 electrum
778 1863 962 1897 abduxisse
984 1874 1115 1906 negem.
1140 1879 1185 1885 ——
1211 1860 1263 1894 Ad
1288 1872 1384 1894 usum
1407 1859 1504 1893 verbi
1527 1859 1743 1902 κατηγορεῖν

452 1910 485 1943 h.
512 1909 534 1943 l.
560 1909 711 1950 faciunt,
736 1921 825 1953 quae
848 1908 982 1942 notavit
1004 1909 1137 1942 Iacobs.
1163 1907 1206 1940 ad
1226 1906 1358 1940 Aelian.
1383 1906 1430 1940 N.
1453 1907 1479 1938 A
1514 1905 1552 1946 Ι,
1575 1906 1595 1939 5
1615 1916 1693 1949 pag.
1708 1905 1743 1938 8.

233 1954 284 1988 Ad
309 1956 381 1997 ΙΙΙ,
408 1954 571 1999 117“ρ3ξζ.
593 1956 671 1990 212.
698 1956 875 1988 Gatterer.
899 1955 1047 1997 (Societ.
1074 1965 1136 1997 reg
1173 1953 1333 1996 Gotting.
1359 1952 1404 1984 T.
1429 1950 1512 1984 xlv
1538 1963 1569 1995 p.
1589 1952 1632 1986 14
1649 1950 1741 1994 seq.)

442 1997 547 2045 ’Ἀξης
572 2001 716 2035 rescribi
749 2001 861 2045 placet
885 2013 946 2045 pro
970 1996 1073 2044 ’Ἄκης
1106 2001 1139 2032 in
1174 2000 1238 2032 hoc
1264 1997 1430 2032 Herodoti
1464 1996 1559 2038 loco,
1600 2008 1642 2030 ex
1675 2007 1741 2040 quo

451 2048 670 2093 perspicuum
703 2058 779 2081 esse
809 2052 942 2090 monet,
980 2045 1195 2079 Chorasmios
1220 2056 1240 2078 a
1264 2044 1381 2078 Persis
1406 2041 1742 2088 praevalescentibus

448 2094 540 2128 ultra
571 2094 780 2138 Hyrcaniam
814 2098 849 2127 et
874 2092 1087 2136 Margianam
1118 2091 1265 2125 reiectos
1298 2091 1424 2130 fuisse,
1460 2088 1509 2123 ita
1541 2093 1579 2121 ut
1611 2089 1653 2121 ab
1680 2088 1742 2121 hoc

448 2140 530 2173 inde
561 2145 714 2184 tempore
747 2150 862 2173 eorum
901 2139 1000 2172 sedes
1036 2138 1125 2171 intra
1158 2137 1350 2170 inferiorem
1378 2136 1488 2169 Oxum
1514 2140 1551 2168 et
1572 2135 1742 2167 Iaxartem

448 2186 664 2229 quaerendae
689 2190 815 2218 essent.
840 2184 1060 2219 Chorasmios
1085 2183 1173 2217 enim
1200 2183 1233 2215 in
1258 2187 1368 2216 ortum
1394 2181 1545 2226 proxime
1569 2179 1695 2214 afuisse
1720 2190 1740 2212 a

453 2231 630 2275 Sogdiana
655 2231 917 2276 haudquaquam
943 2231 1078 2263 dubium
1104 2240 1179 2262 esse
1204 2234 1332 2262 censet.

232 2277 284 2313 Ad
309 2279 380 2321 ΙΙΙ,
405 2279 472 2314 119
498 2289 576 2322 pag.
603 2278 671 2311 216
697 2289 729 2312 a.
777 2277 830 2312 Ad
857 2276 1102 2321 superlativum
1129 2271 1423 2316 ἅλλοτριεότατος
1447 2272 1538 2306 conf.
1558 2270 1743 2306 Hermanni

452 2324 603 2368 Opuscc.
629 2323 681 2356 Ill
705 2334 786 2368 pag.
809 2324 888 2363 169,
915 2323 972 2355 ubi
999 2322 1030 2356 h.
1049 2322 1070 2354 l.
1096 2320 1225 2361 laudat,
1251 2321 1336 2354 bene
1363 2329 1499 2353 monens
1515 2318 1671 2351 Graecos
1694 2315 1743 2349 ibi

450 2369 695 2413 superlativum
720 2381 780 2413 pro
807 2367 1038 2412 comparativo
1064 2367 1199 2407 dicere,
1235 2366 1294 2400 ubi
1327 2366 1411 2399 haec
1442 2364 1508 2398 duo
1532 2362 1630 2396 simul
1653 2361 1743 2394 indi—

453 2427 533 2448 care
557 2415 696 2455 volunt,
721 2423 756 2448 et
781 2414 884 2448 maius
908 2414 988 2458 quid
1014 2425 1088 2447 esse
1111 2413 1178 2446 alio
1203 2418 1238 2445 et
1257 2411 1390 2445 omnino
1415 2409 1603 2444 maximum.
1622 2426 1665 2432 —-
1690 2406 1741 2440 Ad

454 2472 547 2493 usum
573 2460 864 2505 imperfectorum:
905 2459 1067 2493 κλαίεσκε
1087 2454 1134 2492 ἂν
1153 2457 1216 2491 καὶ
1236 2454 1456 2502 ὀδυρέσκετο
1474 2455 1543 2489 vid.
1562 2453 1741 2486 Hermann.

453 2506 604 2550 Opuscc.
624 2507 672 2539 IV
695 2518 727 2550 p.
746 2508 790 2541 23
807 2507 880 2549 (De
902 2506 1022 2550 partic.
1045 2500 1091 2538 ἂν
1113 2505 1151 2544 Ι,
1175 2505 1228 2547 7).

235 2552 286 2585 Ad
312 2553 382 2593 ΙΙΙ,
409 2553 475 2588 130
500 2564 579 2596 pag.
604 2554 671 2585 237
698 2553 718 2583 b
744 2552 799 2584 lin.
826 2554 872 2586 20
897 2554 939 2584 ab
965 2551 1025 2586 ins.
1050 2556 1129 2596 post
1153 2551 1278 2584 verba:
1324 2549 1375 2583 Dc
1399 2545 1531 2592 phialis
1565 2545 1655 2578 idem
1690 2544 1742 2578 in—

454 2598 587 2632 serend.
612 2599 722 2630 Italus
742 2598 919 2642 interpres,

237 2645 287 2678 Ad
312 2644 382 2685 ΙΙΙ,
410 2646 474 2681 132
501 2655 579 2688 pag.
607 2643 685 2677 241.
736 2643 786 2676 Ad
823 2644 928 2676 verba
951 2641 1121 2685 μέγιστον
1143 2641 1290 2684 πρῆγμα
1315 2639 1342 2672 Ι.
1367 2638 1425 2671 Fr.
1452 2635 1649 2670 Gronovius
1668 2636 1743 2669 Ob-

455 2701 566 2725 servv.
590 2690 647 2730 lv,
668 2690 709 2723 15
729 2700 807 2733 pag.
832 2690 900 2723 250
924 2694 1100 2732 comparat
1125 2687 1318 2719 Latinorum
1343 2684 1537 2727 negotium,
1558 2693 1631 2715 res.-
1656 2692 1743 2725 quae

456 2736 622 2770 vocabula
647 2735 764 2769 eodem
793 2735 888 2768 modo
911 2746 977 2778 quo
1003 2735 1174 2767 Graecum
1199 2731 1349 2774 πρᾶγμα
1382 2728 1538 2763 adhiberi
1570 2728 1742 2762 observat.

236 2782 288 2816 Ad
313 2782 382 2823 ΙΙΙ,
407 2781 472 2817 142
497 2793 575 2828 pag.
595 2782 662 2815 254
687 2793 707 2815 a
732 2781 791 2813 lin.
815 2784 852 2815 11
881 2792 941 2825 pro
968 2780 1055 2814 cons.
1074 2779 1134 2817 ΙΙΙ,
1163 2779 1227 2810 112
1248 2778 1313 2820 leg.
1329 2776 1416 2809 conl'.
1437 2776 1481 2815 ll,
1502 2776 1577 2809 112.

237 2828 290 2862 Ad
314 2829 387 2870 ΙΙΙ,
415 2829 479 2864 142
505 2840 582 2874 pag.
606 2827 674 2862 254
699 2828 720 2861 b
749 2827 806 2861 lin.
831 2828 863 2862 8.
913 2826 999 2859 Add.
1029 2826 1212 2858 Hermann.
1237 2824 1386 2866 Opuscc.
1412 2821 1462 2854 ΙΙΙ
1486 2831 1566 2865 pag.
1594 2820 1669 2854 169.

238 2875 289 2909 Ad
314 2875 383 2917 ΙΙΙ,
409 2877 475 2911 150
501 2886 580 2920 pag.
604 2874 681 2908 262.
731 2871 897 2926 Equidem
922 2872 1082 2905 librorum
1107 2875 1315 2903 vetustorum
1344 2866 1579 2902 auctoritatem
1603 2868 1740 2898 secutus

457 2933 530 2955 cum
553 2920 665 2954 Gaisf.
692 2919 784 2953 edidi
809 2916 876 2961 τὴν
901 2915 1092 2962 ἐβούλετο,
1129 2928 1171 2949 ne
1195 2925 1381 2949 memorans
1405 2912 1539 2959 quidem
1563 2911 1640 2944 olim
1666 2909 1739 2943 vul—

1855 2870 1863 2901 A
