1863 3256
280 457 378 501 160

100 522 236 557 Zopyrus
248 522 379 557 quantia

121 557 211 582 nario
239 556 356 582 snt-,tuat

100 589 378 623 Babylonem,quo-

117 623 155 650 ad
176 624 268 657 vivit,
295 631 362 658 pro-

99 657 195 692 priam
216 663 244 683 et
274 657 379 683 iinmu-

100 699 166 717 nem
186 694 283 717 tenvt:
313 691 378 716 eius

118 724 197 751 mins
218 724 362 757 Megaby

101 766 154 784 zus
172 766 198 784 a.
210 758 260 784 ho
273 758 380 784 missus

103 791 174 818 beni
207 791 262 817 dux
282 792 310 817 iu
326 793 378 816 Ae-

109 828 252 870 gyptum:
274 832 366 858 nepos

110 859 246 892 anyrus
263 859 375 885 transit

120 893 156 919 ad
177 892 373 919 Athenienses

104 934 133 954 a.
152 926 211 954 4⁴0.

441 196 525 236 272

828 195 1303 236 HERODOTI

439 304 606 358 ριοὶδων
633 304 682 349 τὸ
714 306 1000 361 κεφαλαίωμα
1029 310 1118 350 τῶν
1147 308 1370 362 γυναικῶν
1400 309 1613 363 συνῆλθε·
1660 307 1709 352 ἐκ

435 376 627 420 τουτέων
668 378 713 420 δὲ
755 382 845 420 τῶν
882 381 1105 433 γυναικῶν
1144 379 1187 420 οἱ
1220 382 1306 421 νῦν
1338 377 1615 434 Βαβυλώνιοι
1643 385 1765 434 γε-35

435 448 606 502 γόνασα

667 448 887 502 Ζωπύρου
919 449 964 492 δὲ
996 447 1140 499 οὐδεὶς
1177 447 1470 504 ἀγαθοεργίην
1502 449 1709 503 Περσέων

437 517 724 574 ὑπερεβάλετο
755 519 874 572 παρὰ
905 521 1078 576 Δαρείῳ
1108 522 1247 576 κριτῇ,
1278 519 1378 563 οὔτε
1407 524 1494 562 τῶν
1524 520 1708 575 ὕστερον

436 589 708 645 γενομένων,
761 589 861 632 οὔτε
909 595 997 632 τῶν
1045 588 1287 644 πρότερον,
1336 590 1403 633 ὅτι
1452 591 1509 647 μή
1560 594 1710 645 Κῦρος

437 665 620 716 μοῦνος·
654 660 796 716 τούτῳ
826 661 908 717 γὰρ
930 659 1074 712 οὐδεὶς
1104 661 1311 716 Περσέων
1334 661 1487 718 ἠξίωσέ
1517 679 1579 706 κω
1604 663 1707 706 ἑωυ-

409 740 432 772 2
444 732 522 775 τόν
569 732 839 787 συμβαλέειν.

928 731 1148 783 Πολλάκις
1205 733 1250 776 δὲ
1295 738 1488 786 Δαρεῖον
1539 733 1766 790 λέγεται4ο

441 802 618 858 γνώμην
655 802 782 857 τήνδε
820 801 1136 855 ἀποδέξασθαι,
1176 802 1233 854 ὠς
1271 803 1479 859 βούλοιτο
1517 804 1572 847 ἂν
1610 805 1705 848 Zco'-
1771 811 1856 852 279

438 890 582 927 πυρον
612 871 723 917 εἶναι
760 873 934 918 ἀπαθέα
968 878 1044 930 τῆς
1075 873 1256 930 ἀεικείης
1293 879 1481 929 μᾶλλον,
1511 875 1539 931 ἢ
1569 879 1710 932 Βαβυ-

439 943 584 995 λῶνάς
614 946 658 987 οῖ
687 947 824 988 εἴκοσι
853 944 960 998 πρός
989 949 1043 1002 τῇ
1072 945 1205 1002 ἐούσῃ
1236 945 1569 1000 προσγενέσθαι.

1629 947 1709 990 ἐτί-

441 1027 548 1072 μησε
591 1015 636 1059 δέ
674 1033 750 1071 μιν
793 1015 1012 1072 μεγάλως·
1053 1016 1126 1059 καὶ
1167 1014 1251 1072 γάρ
1284 1014 1403 1069 δῶρά
1434 1017 1477 1058 οἱ
1507 1015 1592 1060 ἀνά
1622 1021 1709 1062 πᾶν

439 1088 533 1138 ἔτος
563 1087 710 1130 ἐδίδου
741 1091 899 1135 ταῦτα,
931 1087 984 1130 τὰ
1016 1086 1212 1144 Πέρσῃσί
1243 1087 1330 1130 ἐστι
1359 1086 1607 1142 τιμιώτατα,
1636 1090 1765 1133 καὶ45

438 1159 520 1214 τήν
551 1157 795 1213 Βαβυλῶνά
829 1160 873 1202 οἱ
902 1159 1035 1202 ἔδωκε
1065 1158 1214 1202 ἀτελέα
1243 1158 1452 1214 νέμεσθαι
1481 1159 1605 1216 μέχρι
1634 1164 1711 1215 τῆς

439 1229 610 1273 ἐκείνου
632 1228 742 1285 ζόης,
767 1230 840 1273 καὶ
870 1229 980 1282 ἄλλα
1009 1230 1145 1273 πολλὰ
1175 1230 1373 1274 ἐπέδωκε.
1416 1230 1632 1285 Ζωπύρου
1663 1232 1710 1275 δὲ

437 1300 600 1344 τούτου
641 1303 806 1356 γίνεται
836 1300 1118 1359 Μεγάβυζος,
1160 1300 1209 1353 ὃς
1250 1301 1298 1345 ἐν
1331 1301 1538 1361 Αἰγύπτῳ
1581 1301 1708 1347 ἀντία

383 1471 481 1508 dicat
502 1483 690 1517 summam,
724 1483 833 1520 quam
853 1470 964 1519 vulgo
986 1471 1045 1507 di-

384 1528 507 1564 cimus.
568 1528 679 1571 Quod
698 1527 733 1564 in
752 1527 933 1564 Sancrosti
953 1527 1044 1564 libro

373 1582 517 1632 ‘legitur
546 1580 756 1634 μυριάδες,
787 1596 860 1620 non
895 1596 1045 1634 prorsus

384 1640 552 1689 displicet
564 1640 809 1688 Wesselingio
831 1651 1046 1689 comparan-

384 1697 411 1732 ti
436 1696 582 1746 Lysiam
603 1697 640 1733 in
663 1697 729 1735 Or.
753 1696 898 1734 Parent.
920 1698 958 1735 7.
990 1696 1047 1733 10-

386 1752 487 1803 seph.
504 1753 547 1790 B.
572 1754 649 1789 Iud.
674 1753 736 1799 IV,
760 1754 821 1792 11.
843 1755 867 1792 3
889 1752 970 1789 alia.

588 1810 698 1859 Cap.
731 1809 842 1846 CLX.

442 1863 550 1916 παρά
578 1865 733 1916 Δαρείῳ
769 1864 910 1919 κριτῇ]
965 1866 1048 1902 Vid.

385 1924 520 1962 Matth.
547 1924 612 1960 Gr.
639 1924 704 1960 Gr.
725 1937 761 1973 p.
785 1926 879 1963 711.
911 1922 1048 1973 Zopyri

384 1980 722 2028 sactum,Dariique
744 1980 791 2017 de
811 1992 855 2016 eo
878 1979 1045 2016 iudicium

386 2037 572 2075 celebrant
590 2036 806 2085 multi,quos
827 2037 873 2073 ad
893 2035 955 2082 ΙΙΙ,
969 2036 1046 2077 150

385 2093 462 2130 init.
485 2095 683 2139 citavimus,
705 2097 816 2141 atque
836 2093 979 2130 videtur
1005 2092 1049 2128 il-

386 2149 450 2186 lud
472 2151 564 2187 adeo
584 2150 621 2186 in
634 2149 862 2199 proverbium
882 2148 1048 2196 cessisse,

386 2208 434 2244 de
454 2220 526 2256 quo
549 2207 734 2244 Zenobius
756 2206 818 2252 lv,
841 2209 878 2247 9.
924 2206 1047 2255 ipsum

386 2263 524 2313 Cyrum
555 2265 679 2312 quanti
720 2263 871 2301 fecerint
900 2262 1047 2309 Persae,

385 2320 472 2355 satis
502 2332 544 2357 ex
577 2320 618 2356 iis
649 2324 772 2369 putet,
812 2332 906 2368 quae
937 2330 1047 2369 supra

385 2375 447 2422 111,
469 2377 531 2415 34.
553 2377 606 2415 89
629 2376 737 2413 allata
759 2381 856 2412 sunt.

441 2427 604 2482 γνώμην
616 2428 736 2480 τήνδε
757 2427 1045 2480 ἀποδέξασθαι]

385 2488 511 2525 Simile
529 2489 575 2525 de
598 2488 805 2537 Megabyzo
827 2489 963 2524 dictum
984 2501 1048 2524 ex-

384 2549 458 2581 stat
497 2544 567 2590 lv,
600 2544 689 2584 143.
754 2545 794 2580 In
830 2557 934 2593 seqq.
966 2557 1046 2580 cum

383 2600 554 2650 Schwgh.
581 2605 617 2637 et
650 2600 780 2636 Matth.
807 2601 934 2636 retinui
961 2595 1045 2638 αἐι-

383 2656 512 2706 κείης,
543 2657 643 2693 cuius
677 2656 756 2692 loco
788 2656 905 2692 Gaiss.
938 2669 1047 2706 repo-

386 2720 510 2750 suerat
533 2708 697 2763 οἷεικίης.
729 2712 790 2749 Tu
804 2713 873 2748 vid.
894 2718 986 2749 nott.
1001 2713 1049 2749 ad

385 2770 415 2817 l,
440 2768 530 2810 115.

445 2827 580 2871 ταῦτα,
607 2822 654 2864 τοὶ
680 2823 859 2879 Πέρσῃσί
889 2823 969 2864 ἐστι
994 2839 1050 2863 τι·

1103 1464 1304 1520 μιοᾶτατα]
1339 1469 1490 1508 Ctesiae
1521 1471 1550 1508 si
1587 1471 1677 1509 fides
1709 1475 1766 1509 est

1101 1526 1286 1577 Excerptt.
1310 1527 1430 1564 Perss.
1461 1526 1496 1578 ἓ.
1514 1529 1590 1574 22,
1635 1527 1768 1577 Mega-

1101 1582 1247 1632 byzum.
1278 1583 1377 1620 cuius
1399 1597 1513 1633 opera
1537 1585 1765 1634 potissimum

1103 1652 1160 1677 res
1184 1640 1348 1677 confecta
1370 1645 1406 1676 et
1428 1641 1513 1677 urbs
1531 1641 1679 1678 tandem
1700 1653 1765 1679 ex-

1103 1701 1269 1746 pugnata
1301 1699 1370 1743 est,
1399 1696 1539 1734 Xerxes
1572 1697 1766 1734 honoravit

1104 1759 1180 1789 tum
1200 1752 1278 1788 aliis
1298 1752 1418 1789 multis
1438 1753 1557 1799 donis,
1586 1758 1662 1790 tum
1687 1767 1767 1791 mo·

1104 1807 1138 1845 la
1157 1810 1278 1854 aurea,
1293 1821 1355 1846 sex
1384 1809 1599 1846 talentorum
1621 1811 1765 1860 ponde-

1104 1865 1166 1913 ris,
1197 1865 1296 1913 quod
1315 1878 1442 1902 munus
1461 1867 1556 1904 inter
1576 1866 1678 1915 regia
1699 1867 1767 1903 do-

1106 1933 1153 1957 na
1182 1922 1281 1971 apud
1302 1921 1432 1958 Persas
1459 1923 1504 1959 sit
1525 1922 1768 1960 honorificen-

1103 1978 1291 2014 tissimum.
1324 1977 1384 2014 Tu
1403 1979 1496 2015 conf.
1521 1983 1612 2015 nott.
1629 1979 1677 2014 ad
1693 1978 1727 2016 h.
1743 1979 1766 2015 l.

1103 2047 1140 2084 P·
1165 2034 1256 2074 157.
1280 2035 1371 2074 158.
1402 2034 1533 2071 Maluit
1558 2034 1768 2072 Herodotus

1104 2091 1140 2127 in
1162 2091 1365 2128 universum
1388 2090 1510 2140 loqui,
1540 2104 1619 2128 cum
1641 2091 1768 2140 singu-

1103 2147 1139 2183 la
1165 2147 1319 2184 forsitan
1350 2147 1467 2184 minus
1498 2148 1592 2186 bene
1618 2148 1767 2197 cognita

1103 2203 1264 2241 haberet.

1163 2255 1296 2298 ἀτελέα
1325 2257 1542 2311 νέμεσθαι]
1585 2260 1690 2302 Quae
1715 2259 1766 2295 ita

1104 2317 1292 2366 intelligo,
1321 2321 1360 2353 ut
1387 2329 1450 2354 rex
1480 2316 1527 2351 illi
1557 2316 1681 2352 urbem
1715 2315 1767 2350 ita

1105 2374 1338 2418 commiserit,
1368 2377 1409 2409 ut
1428 2373 1565 2408 reditus
1582 2372 1661 2421 ipse
1683 2384 1767 2421 per-

1105 2431 1243 2479 ciperet
1272 2441 1390 2477 neque
1419 2428 1619 2476 quidquam
1643 2429 1678 2464 in
1709 2440 1768 2465 re-

1105 2487 1203 2535 gium
1237 2486 1414 2522 aerarium
1455 2485 1690 2530 immitteret,
1726 2487 1767 2521 ut

1104 2542 1162 2578 aiii
1186 2547 1356 2591 satrapae
1377 2553 1418 2577 ex
1439 2554 1481 2576 ca
1500 2541 1767 2586 distributione,

1105 2610 1213 2646 quam
1235 2597 1366 2634 Darius
1389 2598 1516 2646 (supra
1538 2596 1600 2641 ΙΙΙ,
1621 2598 1673 2637 89
1691 2598 1768 2645 sq.)

1106 2655 1358 2699 constituerat,
1379 2654 1499 2690 facere
1521 2652 1697 2691 solebant.
1720 2653 1764 2692 cf.

1104 2710 1244 2746 Herod.
1265 2710 1362 2756 Uli,
1390 2711 1479 2749 136.

1164 2763 1204 2811 ὃς
1228 2765 1269 2804 ἐν
1299 2761 1490 2818 Αἰγύπτῳ
1513 2761 1629 2804 duvia
1647 2760 1766 2815 Ἀθη-

1108 2823 1233 2862 ναίων
1253 2838 1289 2861 κ.
1313 2838 1344 2862 τ.
1366 2821 1414 2872 λ.]
1449 2822 1508 2862 De
1527 2823 1594 2860 hac
1612 2835 1652 2860 re
1672 2822 1766 2860 conf.
