1863 3256
1826 0 1831 12 ’
1848 3 1855 72 l

1827 14 1833 120 l

812 135 1282 209 HERO³DOT1
1830 121 1837 295 [ἢ

1835 329 1838 371 l

292 279 357 323 ⁴3
417 276 534 320 οὕτω
575 278 654 333 μὲν
696 277 807 334 αὕτη
857 278 1059 334 ἐγνώσθη
1106 277 1154 321 τὸ
1200 281 1386 331 πρῶτον.
1454 277 1577 320 Μετὰ
1619 277 1683 325 δὲ,
1834 307 1858 343 ΕΙ

83 342 361 437 {1¹:⁹3⁰029mss?
419 346 716 404 Καρχηδόνιοί
747 350 828 392 εἰσι
859 351 902 391 οἷ
930 349 1139 403 λέγοντες.
1198 349 1289 392 ἐπεὶ
1318 347 1554 403 Σατάσπης
1582 363 1630 403 γε
1661 346 1684 390 ὁ

83 411 277 483 iig2'1i¹'‘f'³a
271 418 360 505 ἓξ,
349 426 358 429 “
423 417 658 469 Τεάσπιος,
709 418 820 473 ἁνήρ
855 416 1164 473 Ἀχαιμενίδης,
1215 421 1271 462 ου’
1309 423 1571 472 περιέπλωσε
1613 423 1741 461 Λι-95

83 486 118 504 xe
170 485 235 511 Βρεμι
262 485 297 510 pc

419 488 558 545 βύην,
587 489 654 532 ἐπ’
687 487 794 531 αὐτὸ
824 492 955 531 τοῦτο
987 491 1221 543 πεμφθείς·
1264 489 1371 533 ἄλλα
1392 493 1534 540 δείσας
1564 489 1614 532 τό
1641 505 1685 532 τε
1750 494 1831 534 299

418 564 557 616 μῆκος
587 563 667 602 τοῦ
697 557 838 602 πλόου
868 559 941 602 καὶ
970 558 1048 614 τὴν
1079 560 1281 617 ἐρημίην,

83 486 144 538 Cla.
150 486 284 538 lionest.

1334 560 1501 617 ἀπῆλθε
1533 559 1684 609 ὀπίσω,

421 630 522 674 οὐδ’
571 628 784 672 ἐπετέλεσε
821 632 900 673 τὸν
947 631 1117 684 ἐπέταξέ
1160 635 1204 676 οἱ
1247 633 1274 689 ἡ
1323 633 1461 689 μήτηρ
1509 630 1682 674 ἄεθλον.

362 824 436 861 nel.
470 823 492 858 l.
520 820 543 857 l.
581 833 667 871 pag.
707 822 802 861 383.
862 820 1022 858 Heeren.

362 879 474 915 ldeen
498 878 524 922 l,
546 880 572 918 2
588 890 623 927 p.
649 880 714 918 81.
754 877 903 914 Dureau
925 878 1023 914 dela

361 933 750 984 IlIalleI.l.p·1g.70.
802 933 969 970 Koes.1.
999 933 1022 970 l.

360 1004 446 1042 pag.
470 992 534 1030 26

421 1043 525 1085 ου’τω
544 1043 616 1097 μὲν
639 1041 739 1095 αὕτη
766 1041 952 1097 ἐγνώσθη
977 1042 1022 1084 τό

363 1102 536 1155 πρῶτον]
579 1103 638 1139 Ad
667 1115 762 1151 quae
783 1107 907 1140 mente
935 1116 1023 1152 sup-

362 1161 455 1211 pleri
478 1160 552 1196 vult
569 1159 758 1196 Larclier.:
788 1159 1023 1210 περίῤῥυτος

364 1217 487 1257 ἐοῦσα
501 1248 510 1264 ,
542 1212 646 1266 πλην
666 1212 761 1254 Ιὅσον
781 1211 906 1265 αὐτῆς
923 1212 1023 1265 πρός

361 1271 435 1322 τήν
451 1269 584 1321 Ἀσίην
605 1267 775 1323 ου’ρίζεις
797 1286 876 1310 cum
891 1284 934 1309 ea
948 1272 1023 1308 He-

362 1331 482 1367 rodoti
502 1330 550 1366 sit
567 1330 766 1376 sententia,
799 1334 838 1365 ut
856 1334 930 1365 tum
948 1329 1025 1378 pri-

361 1401 458 1425 mum
479 1387 663 1435 cognitum
685 1386 815 1432 fuerit,
848 1386 941 1422 hanc
965 1398 1024 1421 or-

362 1445 416 1481 bis
447 1448 622 1479 terrarum
650 1446 791 1492 partem
815 1454 845 1478 s.
865 1442 1022 1490 Libyam

361 1501 450 1538 mari
472 1512 551 1537 esse
569 1500 737 1545 cinctam,
763 1499 832 1535 nisi
853 1499 925 1548 qua
941 1511 1022 1535 cum

360 1556 448 1594 Asia
470 1556 678 1593 cohaereat.

557 1645 588 1682 C
602 1658 669 1694 ap.
699 1643 832 1682 XLIII.

421 1721 538 1762 ΙΙΙετᾶ
551 1721 592 1763 δὲ
605 1719 875 1774 Καρχηδόνιοι
888 1740 922 1763 κ.
934 1740 963 1762 τ.
974 1722 1021 1775 λ.]

359 1780 520 1829 „Postea
550 1781 654 1831 (post
683 1781 777 1818 illam
800 1781 1022 1818 Phoenicum

359 1839 658 1887 navigationem)
707 1837 1023 1887 Carthaginienses

361 1895 510 1939 dicunt;
541 1895 676 1932 scilicet
690 1897 889 1943 cognovisse
902 1908 936 1932 se
953 1897 1022 1932 cir-

359 1953 550 2002 cumfluam
590 1965 660 1988 esse
697 1952 885 2001 Africam:
939 1964 1022 1988 nam

359 2009 448 2051 (hoc
472 2021 537 2045 suo
560 2009 734 2055 nomine,
765 2021 839 2046 non
861 2009 1020 2045 Cartha—

357 2065 575 2115 giniensium
608 2065 752 2113 verbis,
791 2065 916 2102 adiicit
943 2065 1023 2102 He-

357 2120 539 2170 rodotus)
576 2120 750 2172 Sataspes
783 2122 922 2171 quidem
951 2135 1021 2158 non

359 2180 682 2227 circumnavz'gavit
733 2178 916 2229 Africam,
971 2178 1021 2215 ad

359 2235 423 2271 hoc
443 2235 524 2271 licet
549 2237 687 2272 missus.
699 2237 725 2256 “
757 2235 1019 2284 Schweigk.

360 2290 480 2334 Quem
511 2292 587 2329 iure
618 2293 781 2341 sequitur
798 2292 893 2329 Miot
914 2293 1021 2329 item-

360 2360 432 2395 que
454 2347 564 2383 Italus
586 2349 780 2398 interpres.
826 2348 1023 2396 Carthagi-

360 2403 506 2440 nienses
537 2417 615 2440 cum
640 2405 833 2453 aliquoties
864 2403 936 2455 (cf.
960 2405 1021 2452 IV,

365 2461 455 2500 196.
486 2459 568 2505 VH,
594 2459 689 2511 167)
718 2462 873 2498 citentur
896 2473 1022 2498 narra-

361 2516 470 2552 tionis
511 2521 700 2563 auctores,
753 2517 879 2566 quaeri
914 2530 1022 2555 sane-

362 2585 470 2622 quam
495 2574 650 2621 poterit,
693 2586 780 2610 num
805 2574 920 2623 ipsam
943 2573 1023 2610 No-

361 2632 436 2666 ster
454 2629 585 2667 adierit
603 2630 884 2678 Carthaginem,
916 2643 1022 2679 prae-

363 2686 485 2723 sertim
508 2699 589 2723 cum
608 2686 766 2735 aliquam
787 2690 886 2724 certe
907 2686 1020 2734 Liby-

363 2754 427 2780 cae
452 2754 538 2780 orae
559 2747 699 2793 partem
719 2743 854 2781 viserit.
893 2742 941 2779 At
963 2743 1021 2779 vix

364 2811 445 2837 eum
461 2799 510 2836 ad
521 2799 784 2849 Carthaginem
809 2812 925 2850 usque
938 2812 1020 2850 per-

1080 824 1224 860 venisse
1259 824 1430 861 credibile
1468 828 1550 870 est,
1597 825 1645 859 ita
1685 825 1739 867 ut,

1079 892 1174 927 quae
1196 880 1561 928 Carthaginiensibus
1588 891 1739 915 narran-

1079 940 1137 971 tur
1157 936 1364 972 auctoribus
1378 963 1388 981 ‚
1420 949 1441 972 a
1460 936 1580 972 nautis
1603 946 1740 971 merca-

1078 992 1296 1040 toribusque
1361 991 1739 1040 Carthaginiensibus,

1078 1060 1170 1096 quos
1189 1049 1264 1085 sive
1287 1050 1323 1085 in
1336 1047 1506 1096 Aegypto
1529 1048 1658 1085 sivein
1676 1045 1740 1083 Li-

1080 1105 1174 1152 byae
1197 1118 1272 1152 ora,
1303 1105 1380 1142 sive
1400 1104 1470 1141 alio
1489 1117 1563 1153 quo
1585 1104 1665 1140 loco
1683 1103 1739 1139 of-

1078 1161 1259 1208 fenderit,
1296 1161 1435 1198 Noster
1457 1162 1640 1211 accepisse
1669 1158 1741 1210 pu-

1079 1218 1214 1254 tandus
1241 1218 1296 1254 sit.
1345 1219 1402 1255 Cs.
1423 1217 1641 1254 Dahlsnann.
1662 1216 1742 1253 He-

1079 1274 1196 1311 rodot.
1224 1287 1308 1323 pag.
1330 1277 1378 1314 71
1403 1286 1479 1322 seq.
1527 1274 1654 1322 Heyse
1674 1272 1696 1308 l.
1717 1271 1739 1309 l.

1079 1343 1165 1380 pag.
1202 1334 1280 1370 117
1316 1330 1393 1369 coll.
1429 1331 1520 1370 115.
1580 1330 1739 1367 Heeren.

1080 1387 1205 1424 ldeen.
1233 1387 1269 1432 I,
1304 1389 1330 1426 2
1359 1399 1444 1437 pag.
1475 1389 1501 1425 2
1531 1399 1608 1435 seq.
1646 1385 1739 1431 195,

1080 1443 1143 1492 qui
1171 1456 1409 1492 quaecuuque
1439 1443 1486 1479 de
1518 1443 1640 1479 Africa
1661 1442 1740 1479 He-

1079 1500 1230 1536 rodotus
1249 1500 1432 1545 retulerit,
1455 1511 1499 1535 ea
1517 1500 1553 1535 iu
1566 1497 1740 1548 Aegypto

1079 1555 1179 1593 illum
1201 1557 1269 1592 sibi
1289 1555 1479 1604 collegisse
1502 1555 1703 1592 contendit.

1138 1608 1299 1662 ἐπῆλθε
1332 1608 1473 1661 ὀπίσω]
1523 1612 1632 1648 Cons.
1678 1611 1741 1659 III,

1084 1671 1134 1709 16
1156 1669 1243 1718 ibiq.
1267 1674 1360 1706 nott.
1390 1668 1448 1706 De
1464 1667 1629 1718 Zopyro,
1662 1667 1741 1705 Me-

1081 1726 1213 1774 gabyzi
1247 1726 1344 1772 filio,
1396 1725 1490 1761 conf.
1531 1725 1602 1771 ill,
1648 1726 1739 1764 160.

1079 1782 1169 1818 Mox
1204 1783 1332 1833 scripsi
1364 1777 1551 1832 ἐβιήσατο
1587 1779 1739 1831 παρθέ-

1079 1854 1152 1878 νον
1179 1852 1247 1890 pro
1287 1837 1498 1889 παρθένον
1538 1833 1738 1889 ἐβιήσατο,

1078 1896 1259 1945 probante
1271 1908 1420 1945 quoque
1436 1894 1739 1932 censorelenensi

1083 1954 1189 1993 1817
1226 1965 1281 1989 nr.
1312 1954 1391 1992 163
1421 1963 1507 2002 pag.
1537 1952 1632 1991 364.
1680 1950 1739 1988 Ad

1079 2008 1386 2057 significationem
1416 2008 1518 2045 verbi
1552 2002 1739 2058 ἐβιήσατο

1078 2069 1223 2115 spectat
1261 2064 1456 2113 Phryniehi
1501 2068 1740 2114 piaeceptum

1078 2134 1165 2172 pag.
1198 2123 1252 2161 70
1285 2121 1475 2158 Lobeck..
1535 2121 1741 2187 βεβίασται

1079 2176 1111 2243 ἠ”
1153 2173 1254 2230 κόρη
1304 2176 1482 2224 λεκτέον,
1544 2172 1627 2215 ἄλλ’
1668 2171 1741 2227 ου’χ

1080 2230 1210 2285 ὥσπερ
1259 2232 1363 2280 τινὲς
1410 2236 1489 2272 τῶν
1547 2228 1739 2283 ρητὸρων,

1079 2290 1293 2343 ἔφθαρται
1325 2290 1738 2339 ConfiMoerisp.10.‘3.

1079 2350 1161 2389 389
1185 2353 1221 2386 et
1237 2347 1374 2385 Aelian.
1428 2347 1527 2383 Hist.
1559 2345 1630 2383 An.
1658 2346 1740 2393 Vll,

1083 2406 1146 2445 19.
1177 2427 1221 2432 —
1258 2404 1316 2441 Ad
1353 2398 1740 2441 ἀνασκολοπιεῖσθαι

1078 2461 1172 2499 conf.
1197 2465 1290 2498 nott.
1314 2461 1361 2497 ad
1381 2459 1446 2507 III,
1473 2460 1564 2500 132.
1584 2480 1640 2487 —
1671 2459 1740 2510 βα-

1080 2515 1206 2564 σιλέος
1228 2530 1308 2554 cum
1326 2517 1443 2553 Gaisf.
1469 2516 1554 2553 dedi
1580 2529 1647 2566 pro
1667 2517 1738 2567 βα-

1078 2576 1227 2622 σιλῆος,
1258 2574 1422 2622 itemque
1442 2573 1573 2609 retinui
1595 2587 1741 2624 παραι-

1078 2625 1247 2680 τήσατο,
1279 2630 1341 2666 ubi
1361 2629 1444 2665 olim
1469 2626 1738 2683 παρῃτήσατο.

1079 2687 1188 2723 Conf.
1207 2687 1326 2723 Koen.
1349 2687 1395 2722 ad
1411 2686 1568 2735 Gregor.
1587 2688 1674 2725 Cor.
1692 2687 1740 2724 de

1078 2743 1160 2780 dial.
1181 2743 1257 2780 Ion.
1278 2741 1314 2793 ἓ.
1339 2745 1390 2783 23
1412 2756 1448 2792 p.
1477 2741 1560 2783 407
1583 2748 1618 2782 et
1646 2747 1738 2781 nott.

1079 2800 1126 2837 ad
1155 2800 1294 2837 llerod.
1318 2799 1388 2846 III,
1422 2800 1512 2841 152.
