1863 3256
464 198 1146 241 MELPOMENE.1V.

1365 205 1448 244 3οΊ

175 312 218 354 οἳ
257 310 340 355 οὐκ
380 311 449 355 ἐπὶ
485 308 648 366 σιτήσει
688 311 918 363 σπείρουσι
946 307 1027 352 τόν
1064 312 1208 360 σῖτον,
1253 307 1350 353 ἀλλ’
1381 311 1449 354 ἐπὶ

145 386 167 423 4
179 380 350 438 πρήσει.

116 537 236 585 tingui
290 535 365 573 vult
405 534 575 574 Viileker.
633 532 780 582 (Myth.

118 594 258 642 Geogr.
285 606 321 643 p.
356 592 477 639 179),
520 592 583 641 qui
614 586 780 630 Σκύθαι

116 647 281 702 γεωργοὶ
302 652 477 693 vocantur
510 649 593 696 (lV,
626 650 689 689 18.
713 648 777 688 53.

117 704 187 754 54)
218 705 452 754 Scythaeque
483 705 555 742 sint
583 704 777 752 Hellenici‚

116 762 296 799 orientem
328 774 453 799 versus
491 775 513 799 a
545 761 775 810 Borysthene

115 818 344 865 habitantes,
389 831 469 856 cum
503 818 663 868 Scythae
688 819 778 855 Aro-

116 878 206 913 teres
230 875 457 913 occidentem
473 888 595 912 versus
617 888 638 912 a
661 876 779 924 Bory-

116 931 245 970 sthene
279 932 385 969 sedes
420 932 581 970 tenuisse
620 932 777 982 putandi

115 989 209 1036 sint,
257 989 472 1038 praesertim
512 1002 591 1026 cum
631 989 716 1026 inde
755 1001 777 1025 a

113 1044 289 1083 Danubio
318 1049 430 1094 atque
459 1044 634 1092 polonia,
682 1057 776 1094 quae

114 1114 210 1139 nunc
241 1106 413 1150 vocatur,
452 1115 568 1151 usque
604 1102 651 1139 ad
677 1115 777 1139 mare

112 1156 307 1195 Asovicum
326 1157 443 1195 solum
469 1159 517 1195 sit
538 1159 655 1196 fertile
671 1158 777 1208 plan-

113 1214 236 1264 tisque
271 1215 467 1264 gignendis
496 1215 602 1252 valde
633 1219 773 1265 aptum.

112 1272 170 1309 Cf.
191 1271 350 1309 Heeren.
370 1270 392 1311 l.
413 1271 435 1308 l.
457 1285 494 1321 p.
513 1274 607 1312 272.
647 1272 775 1321 ltaque

111 1328 148 1365 in
168 1340 211 1365 ea
235 1329 407 1377 regione,
448 1329 503 1365 cui
528 1341 623 1365 nunc
640 1341 775 1365 nomen

115 1383 286 1432 Ukraz'ne,
317 1397 487 1435 quaeque
505 1386 688 1422 frumento
710 1385 776 1422 ho-

111 1442 245 1491 dieque
276 1442 463 1488 abundet,
508 1441 666 1492 Scythas
688 1442 774 1478 Aro-

111 1501 200 1535 teres
221 1498 405 1536 habitasse
424 1499 529 1550 ponit
557 1512 643 1549 pag.
670 1498 773 1544 2953

112 1568 267 1604 quorum
308 1556 415 1593 sedes
463 1556 512 1592 ad
549 1557 774 1606 superiorem

111 1611 248 1660 Tyram
265 1610 480 1661 (Dniester)
514 1612 665 1650 collocat
690 1612 776 1649 Bla-

112 1669 284 1716 remberg
318 1669 435 1705 Choix
476 1669 541 1706 des
587 1668 775 1707 medailles

112 1728 181 1762 etc.
210 1737 295 1774 pag.
321 1727 392 1771 133
431 1725 480 1761 ad
507 1726 775 1774 Borysthenem

112 1780 314 1831 (Dnieper)
332 1786 442 1831 atque
462 1781 496 1817 in
517 1782 670 1820 Podolia
684 1783 774 1820 Nie-

112 1837 214 1875 buhr.
243 1838 361 1885 (Hist.
382 1838 532 1875 schrift.
550 1840 566 1875 Ι
598 1853 634 1890 p.
656 1841 773 1887 360),

111 1895 149 1931 in
170 1893 321 1931 australi
339 1899 445 1945 parte
465 1894 624 1934 Galitiae
643 1909 684 1932 ac
699 1896 774 1932 Bu-

111 1951 281 1999 kowina‚
331 1955 525 2001 tractuque
554 1953 775 2003 septentrio-

111 2007 184 2044 nali
227 2007 457 2055 Moldaviae‚
521 2009 697 2047 Podoliae
733 2022 775 2047 ac

110 2064 314 2113 Volhyniae
332 2065 516 2104 Mannert.
536 2066 558 2106 l.
578 2066 599 2103 l.
618 2066 668 2104 lv
686 2079 774 2117 pag.

112 2119 179 2161 95.
209 2120 262 2158 Ac
275 2121 435 2171 denique
455 2124 775 2161 commemoranda

110 2177 248 2215 Ritteri
290 2179 436 2228 opinio,
503 2192 577 2229 qua
617 2179 775 2230 Scythae

111 2234 271 2271 Aroteres
291 2236 431 2285 posteri
451 2236 521 2273 sint
543 2238 773 2286 antiquorum

112 2291 415 2338 Cimmeriorum,
467 2293 529 2342 qui
561 2293 654 2331 servi
683 2294 774 2342 Scy-

111 2347 254 2385 tharum
296 2353 407 2398 atque
439 2348 645 2387 Alazonum
690 2350 773 2387 olim

112 2404 248 2442 suerint
265 2406 362 2442 sacti.
405 2405 488 2443 Vid.
506 2406 678 2445 Vorhalle
705 2411 772 2445 etc.

112 2472 149 2509 p.
170 2460 265 2502 344.
287 2460 381 2503 458.

171 2517 211 2554 οἳ
237 2512 312 2556 οὐκ
342 2516 405 2557 ἐπὶ
434 2515 584 2569 σιτήσει
603 2540 660 2547 -
682 2514 774 2557 ἄλλ’

113 2569 179 2610 ἐπὶ
222 2569 394 2625 πρήσει]
451 2576 554 2614 Bene
604 2577 775 2613 observat

112 2627 279 2666 Heeren.
302 2629 416 2669 Ideen
446 2632 482 2677 1,
512 2635 538 2673 2
564 2645 651 2683 pag.
679 2636 775 2679 297,

113 2685 165 2721 uti
183 2697 278 2722 nunc
299 2698 342 2723 ex
371 2687 468 2726 hisce
486 2689 643 2726 Russiae
665 2691 774 2727 meri-

115 2740 271 2777 dionalis
294 2743 524 2791 regionibus,
558 2746 600 2782 iis
631 2747 775 2795 praeci-

114 2810 208 2847 pue,
248 2809 344 2846 quae
374 2799 422 2834 ad
458 2808 651 2850 utramque
696 2803 773 2839 Bo-

116 2854 297 2903 rysthenis
330 2854 446 2905 ripam
475 2856 565 2894 sitae
597 2858 644 2894 ad
666 2859 773 2896 Kiew

417 381 586 426 τούτων
635 381 681 425 δὲ
730 378 982 435 κατύπερθε
1031 378 1225 423 οἰκέουσι
1264 382 1446 436 Νευροί.

838 544 954 582 usque
980 533 1167 584 pertinent
1187 530 1371 580 (Ukraine
1391 531 1502 582 vulgo

836 590 1083 640 nuncupant),
1106 602 1240 639 magna
1255 589 1428 626 frumenti
1443 602 1504 626 co-

834 645 897 696 pia
931 650 1145 697 exportatur
1188 659 1256 697 per
1285 645 1394 682 Ponti
1426 645 1503 683 Eu-

835 702 907 739 xini
927 704 1105 754 emporia,
1135 702 1186 740 ita
1211 702 1413 751 antiquitus
1430 703 1503 740 iam

834 772 877 796 ex
899 759 1028 797 iisdem
1049 759 1155 797 terris
1175 760 1359 796 frumento
1387 759 1502 796 abun-

837 815 1010 854 dantibus
1038 820 1267 855 mercaturae
1289 828 1400 853 causa
1425 828 1502 853 ma-

836 885 946 921 gnam
987 873 1159 911 frumenti
1195 874 1265 910 vim
1295 873 1409 910 fuisse
1437 873 1502 910 Ol-

835 929 932 966 biam
970 931 1187 976 advectam,
1242 928 1341 967 unde
1380 929 1500 977 Iones,

835 984 1094 1034 Athenienses,
1116 986 1175 1024 alii
1197 986 1333 1024 Graeci
1353 986 1388 1022 in
1411 986 1499 1024 alias

834 1042 933 1079 orbis
969 1047 1148 1081 terrarum
1187 1048 1312 1093 partes
1347 1043 1500 1080 navibus

834 1098 922 1136 illud
943 1098 1037 1136 ultra
1052 1100 1329 1137 transvexerint.

890 1151 1044 1194 τούτων
1066 1154 1110 1195 δὲ
1132 1151 1363 1208 κατύπερθε
1395 1154 1500 1195 οἰκέ-

835 1224 925 1251 ουσι
968 1211 1144 1263 Νευροί]
1217 1210 1370 1253 τούτων
1418 1226 1500 1250 eum

835 1269 953 1306 Gaisf.
979 1273 1016 1307 et
1038 1269 1171 1307 Matth.
1195 1269 1283 1307 dedi
1309 1281 1377 1320 pro
1407 1284 1498 1308 του-

833 1324 943 1364 τέων.
988 1324 1149 1373 Neuros,
1183 1326 1231 1364 de
1251 1327 1383 1377 quibus
1405 1326 1500 1363 infra

834 1382 898 1430 IV,
920 1383 987 1424 51.
1010 1384 1113 1431 105,
1148 1385 1197 1421 ad
1223 1384 1343 1422 fontes
1368 1382 1500 1433 Hypa-

832 1439 889 1476 nis
913 1440 1036 1489 (Bug)
1068 1444 1104 1478 et
1133 1439 1258 1489 Tyrae
1286 1440 1499 1488 (Dniester)

832 1496 870 1533 in
910 1496 1072 1535 Galitiae
1117 1499 1345 1547 regioneque
1381 1496 1499 1534 vicina

833 1552 959 1590 Lutzk
984 1553 1169 1592 habitasse
1197 1555 1323 1592 statuit
1343 1553 1498 1591 Rennel.

833 1610 855 1649 l.
880 1610 902 1646 l.
923 1623 1010 1660 pag.
1032 1611 1140 1656 415,
1178 1623 1270 1660 quos
1292 1611 1442 1649 eosdem
1461 1610 1498 1646 in

833 1667 1044 1714 regionibus
1074 1679 1191 1717 prope
1222 1666 1411 1715 Lemberg
1433 1667 1499 1703 Vi-

833 1723 965 1760 stulam
990 1736 1115 1761 versus
1137 1724 1244 1761 sedes
1277 1735 1360 1761 suas
1383 1722 1498 1759 habu-

833 1781 904 1817 isse
925 1780 1033 1817 docet
1052 1780 1238 1818 Mannert.
1262 1781 1312 1817 lV
1341 1793 1376 1829 p.
1405 1781 1497 1820 103.

831 1837 883 1873 Et
912 1849 1000 1873 sane
1029 1850 1072 1874 eo
1101 1838 1233 1874 ducere
1254 1836 1398 1875 videtur
1418 1835 1498 1874 He-

832 1894 985 1930 rodotus
1005 1894 1084 1943 ipse
1107 1893 1168 1941 lV,
1193 1896 1284 1933 100.
1335 1893 1496 1930 Heeren.

834 1950 946 1988 ldeen
970 1950 998 1997 1,
1019 1953 1044 1990 2
1063 1963 1150 2001 pag.
1175 1952 1258 1991 276
1281 1951 1317 1987 in
1342 1948 1497 1987 Polonia

834 2007 996 2044 interiori
1020 2020 1062 2045 ac
1079 2006 1279 2044 Lithuania
1307 2019 1330 2043 a
1357 2007 1497 2056 Carpa-

833 2065 931 2101 tibus
960 2065 1144 2101 montibus
1178 2063 1353 2112 lacuque,
1397 2063 1497 2099 unde

833 2120 953 2169 Tyras
972 2122 1184 2172 proveniat,
1207 2121 1496 2170 septentrionem

832 2190 956 2214 versus
989 2190 1107 2227 usque
1147 2178 1195 2214 ad
1227 2177 1496 2225 Borysthenem

832 2238 1076 2271 commoratos
1095 2246 1176 2271 esse
1189 2233 1332 2271 Neuros
1349 2233 1496 2277 scribit3

831 2303 924 2340 quos
947 2292 983 2327 in
1006 2291 1181 2328 Poloniae
1206 2303 1249 2327 ac
1273 2289 1496 2327 Lithuaniae

831 2348 997 2384 confiniis
1029 2349 1171 2385 sedisse
1198 2347 1274 2384 vult
1299 2345 1494 2385 Reichard.

832 2404 854 2441 l.
878 2404 899 2441 l.
915 2418 951 2454 p.
969 2405 1044 2445 57:
1075 2405 1136 2441 ubi
1156 2408 1192 2442 et
1211 2404 1340 2440 fluvius
1363 2401 1496 2440 Narew

832 2461 994 2511 urbsque
1011 2462 1173 2499 eiusdem
1188 2461 1342 2497 nominis
1354 2460 1403 2496 ad
1419 2459 1495 2496 eius

832 2519 952 2556 sontes
980 2518 1128 2556 condita
1153 2517 1325 2567 lacusque
1353 2514 1495 2553 Narosz

833 2576 870 2612 in
908 2575 1086 2624 gubernio
1126 2574 1251 2611 Minsk
1294 2571 1494 2610 Nemorum

832 2633 988 2681 vestigia
1007 2632 1164 2682 prodere
1184 2631 1389 2668 videantur.
1437 2629 1496 2664 ln-

832 2693 888 2726 ter
911 2692 1053 2726 veteres
1083 2692 1232 2739 praeter
1264 2687 1494 2723 Herodotum

834 2744 1032 2783 Neurorztm
1078 2744 1198 2793 gentis
1252 2742 1494 2779 meminerunt

831 2802 968 2838 Plinius
1008 2801 1056 2838 H.
1088 2800 1140 2838 N.
1169 2800 1239 2844 lV,
1278 2799 1391 2844 (26)
1430 2798 1492 2836 12-

830 2858 919 2895 Mel.
940 2858 988 2902 11,
1016 2859 1052 2901 1,
1074 2857 1140 2897 75.
1167 2857 1268 2900 130,
1310 2852 1491 2890 Ammian.

1127 2913 1181 2952 20
1197 2908 1215 2927 *
