1863 3256
3 512 7 600 ἰ

4 602 7 695 ἲ

5 762 8 795 l

7 870 10 986 l

8 1028 11 1131 l

9 1145 12 1213 ι

467 206 1156 248 MELPOMENE.1V.

1362 213 1448 254 515

171 322 247 375 τῆς
276 320 471 374 Δαρείου
503 319 549 364 δὲ
580 319 792 375 δυνάμιος
825 317 1179 373 καταιρεθείσης,
1233 318 1333 361 οὕτε
1367 319 1444 363 αὐ-

172 391 246 442 τὸς
287 393 519 448 Μιλησίων
564 389 658 443 οἷός
701 408 745 435 τε
787 390 906 434 ἔσται
946 389 1114 444 ἄρχειν,
1166 388 1269 432 οὔτε
1309 389 1445 433 ἄλλον

174 460 335 505 οὐδένα
375 462 604 519 οὐδαμῶν·
665 461 962 520 βουλήσεσθαι
998 461 1083 516 γὰρ
1122 459 1309 516 ἑκάστην
1353 464 1443 503 τῶν

172 533 340 575 πολίων
377 534 752 589 δημοκρατέεσθαι
788 536 956 587 μᾶλλον
995 530 1022 586 ἢ
1051 531 1470 587 τυραννεύεσθαι.“5

142 601 374 646 3Ἱστιαίου
393 605 438 648 δὲ
459 603 639 660 γνώμην
660 602 822 658 ταύτην
853 601 1250 658 ἀποδεικνυμένου,
1285 602 1441 648 αὐτίκα

169 673 327 724 πάντες
354 669 468 730 ἦσαν
497 674 781 730 τετραμμένοι
811 672 923 727 πρὸς
951 672 1114 730 ταύτην
1141 673 1222 730 τὴν
1247 674 1440 732 γνώμην,

5 730 124 795 ἱ138
172 744 390 799 πρότερον
443 746 523 801 τὴν
570 744 823 789 Μιλτιάδεω
873 744 1133 799 αἱρεόμενοι.

171 810 295 859 οὗτοι
347 818 390 860 οἱ
439 817 720 872 διαφέροντές
759 832 803 859 τε
841 815 921 872 τὴν
961 818 1137 870 ψῆφον,
1185 817 1259 859 καὶ
1298 816 1442 869 ἐόντες

169 887 306 943 λόγου
336 887 447 944 πρὸς
473 889 700 945 βασιλέος·
736 887 1087 944 Ἑλλησποντίων
1110 886 1189 941 μὲν
1208 887 1498 943 τύραννοι·10

112 1037 332 1074 tientissime
358 1051 426 1088 pro
453 1037 631 1075 libertatis
664 1050 775 1075 sensu

112 1094 275 1142 ingenito
291 1095 490 1132 ferentibus
508 1095 630 1144 iugum
648 1107 670 1131 a
686 1094 776 1132 Per-

115 1151 163 1187 sis
190 1151 408 1201 impositum.
449 1150 621 1200 Namque
639 1151 775 1188 Persae

115 1207 266 1245 Graecis
297 1208 332 1244 in
366 1208 571 1245 civitatibus
610 1207 773 1256 singulis,

114 1276 206 1312 quas
246 1264 397 1314 imperio
434 1277 501 1301 suo
539 1265 774 1311 addiderant,

113 1325 288 1369 tyrannos
319 1321 602 1368 constituerant,
635 1321 696 1370 qui
717 1332 776 1356 ar-

113 1377 206 1413 ctius
224 1390 303 1414 cum
322 1378 443 1414 Persis
461 1378 653 1425 coniuncti,
684 1390 777 1426 quo-

112 1446 265 1482 rumque
295 1433 390 1470 salus
425 1447 602 1485 suspensa
638 1447 660 1471 a
688 1434 778 1470 Per-

113 1490 183 1537 sis,
235 1490 297 1540 qui
347 1491 416 1541 ipsi
454 1491 489 1527 in
532 1491 777 1529 subiectorum

113 1547 338 1583 Graecorum
355 1547 612 1597 rempublicam
630 1548 777 1584 minime

115 1615 154 1640 se
197 1604 400 1641 immiscere
441 1603 618 1641 solebant.
679 1603 776 1640 Hinc

113 1671 195 1708 cap.
220 1661 298 1699 139
326 1664 562 1708 tyrannorum
589 1673 775 1706 recensus,

113 1716 175 1765 qui
199 1728 221 1752 a
242 1715 363 1753 Persis
385 1716 579 1754 victoribus
605 1717 641 1753 in
657 1717 776 1754 Grae-

113 1772 163 1809 cis
178 1772 382 1809 civitatibus
399 1773 482 1810 olim
492 1772 611 1811 liberis
620 1773 776 1824 popula-

113 1829 220 1878 rique
245 1830 397 1879 imperio
416 1831 609 1868 maximam
631 1834 774 1881 partem

112 1886 314 1923 fruentibus
323 1887 510 1924 constituti
520 1891 635 1924 erant.
643 1908 699 1914 —
709 1882 778 1925 αὕ-

113 1944 193 1980 τῶν
215 1955 295 1979 cum
306 1943 424 1980 Gaisf.
435 1944 519 1981 dedi
530 1957 596 1994 pro
611 1940 775 1982 αὐτέων.

173 1994 254 2045 οἷός
285 2013 326 2037 τε
352 1998 458 2038 ἔσται
487 1997 648 2051 ἄρχειν,
685 1997 777 2040 οὔτε

116 2051 238 2094 ἄλλον
268 2050 412 2094 οὐδένα
444 2052 656 2107 ου’δαμών]
699 2057 776 2095 Re-

115 2113 200 2149 duxi
215 2111 334 2159 ἔσται,
349 2113 446 2150 cuius
456 2113 535 2150 loco
547 2115 645 2165 apud
657 2114 776 2161 Reiz.‚

114 2168 296 2206 Borheck.
343 2173 380 2206 et
422 2169 557 2207 Matth.
601 2170 774 2210 ἔσεσθαι.

116 2224 251 2274 Neque
298 2227 393 2264 enim
437 2226 626 2265 offendere
663 2228 776 2266 debet

117 2282 258 2319 subitus
286 2283 459 2320 orationis
488 2284 660 2320 transitus
682 2297 702 2321 e
721 2284 777 2321 di-

117 2342 215 2376 recta
250 2339 286 2376 in
314 2339 528 2377 indirectam
557 2341 775 2387 orationem,

118 2394 165 2431 de
187 2407 259 2443 qua
278 2395 432 2433 wessel.
458 2397 546 2434 citat
561 2397 587 2433 l.
604 2397 777 2433 Fr.Gro·«

117 2462 200 2487 nov.
229 2452 276 2488 ad
302 2452 430 2489 Senec.
457 2454 503 2491 de
522 2453 683 2491 Benefic.
712 2453 776 2501 lv,

117 2507 185 2546 32.
216 2506 277 2543 Tu
296 2510 410 2556 confi,
435 2509 620 2560 nessplura‚
641 2509 776 2547 Matth.

121 2560 158 2612 ἓ.
201 2562 294 2603 539.
332 2586 384 2592 ——
451 2565 511 2603 Ad
554 2566 776 2605 locutionem

120 2613 283 2670 γνώμην
309 2614 626 2662 ἀποδείκνυσθαι
646 2623 777 2672 cf..lV,

124 2676 204 2716 132
223 2675 347 2724 ibique
365 2682 457 2715 nott.

261 2731 370 2781 Cap.
401 2734 637 2773 CXXXVIII.

172 2781 297 2825 4’”Ησοιν
318 2785 360 2826 δὲ
385 2783 496 2828 οὗτοι
515 2789 781 2841 Οἷδιαφέρον-

122 2841 185 2891 τές
208 2858 249 2883 τε
276 2841 351 2895 τήν
369 2847 538 2897 ψῆφον]
569 2849 592 2885 ἱ.
613 2861 644 2887 e.
669 2847 781 2886 Fuere

831 1039 948 1073 autem
973 1035 1030 1082 hi,
1063 1037 1126 1085 qui
1154 1038 1193 1073 in
1227 1036 1293 1073 illa
1324 1037 1497 1076 delibera-

833 1095 923 1129 tione
967 1092 1151 1141 suffragia
1193 1092 1368 1143 ferebant.
1441 1096 1499 1132 lta

832 1149 1060 1198 Schweigh.‚
1104 1150 1165 1198 qui
1201 1152 1298 1188 idem
1336 1152 1374 1188 in
1404 1151 1496 1190 Lex.

830 1206 974 1243 Herod.
1001 1206 1052 1242 sic
1072 1206 1201 1244 vertit:
1237 1207 1421 1256 suffragia
1440 1209 1497 1245 ul-

833 1266 889 1298 tro
925 1264 1080 1311 citroque
1117 1263 1205 1312 (pro
1244 1277 1309 1302 sua
1341 1266 1496 1314 quisque

833 1317 1032 1370 sententia)
1064 1318 1244 1368 serentem
1287 1325 1326 1357 ut
1359 1320 1496 1370 διαφέ-

834 1390 918 1427 ρειν
956 1376 1015 1412 vix
1057 1376 1259 1425 quidquam
1296 1377 1443 1415 differat
1473 1391 1495 1415 a

832 1432 982 1483 simplici
1018 1430 1155 1485 φέρειν
1176 1461 1188 1481 ,
1229 1438 1269 1470 ut
1303 1434 1339 1470 in
1368 1434 1496 1486 Eurip.

835 1489 958 1527 Orest.
988 1488 1055 1531 48.
1108 1489 1190 1527 Nec
1220 1491 1327 1528 aliter
1356 1490 1502 1540 Lange,

833 1545 1048 1583 vernaculus
1069 1546 1264 1596 inter1›reS‚
1295 1551 1407 1596 atque
1427 1549 1503 1584 Ita-

832 1601 887 1639 lus
918 1603 1113 1653 interpres.
1153 1602 1280 1639 Malim
1306 1605 1500 1652 equidem:

833 1661 897 1709 qui
913 1659 1004 1696 lianc
1021 1661 1230 1696 sententiam
1261 1660 1302 1708 (a
1317 1660 1495 1697 Miltiadis

832 1717 1034 1765 sententia)
1055 1716 1207 1753 alienam
1229 1729 1257 1753 s.
1280 1719 1496 1754 contrariam

823 1771 1005 1822 ferebant.
1041 1773 1148 1817 Quae
1172 1778 1395 1822 sequuntur:
1426 1772 1495 1814 καὶ

833 1826 966 1876 ἐόντες
1009 1825 1132 1881 λόγου
1173 1826 1276 1882 πρός
1314 1829 1497 1880 βασιλέος

836 1883 876 1936 (i.
904 1899 935 1924 e.
967 1888 1030 1936 qui
1056 1886 1209 1924 multum
1234 1886 1406 1924 valebant
1431 1900 1497 1925 au-

833 1943 1003 1980 ctoritate
1039 1944 1140 1993 apud
1180 1944 1322 1992 regem)
1372 1945 1497 1993 attigit

832 1999 966 2037 Matth.
990 1998 1026 2051 ὃ.
1050 2001 1148 2041 316.
1170 2013 1254 2050 pag.
1275 2002 1369 2041 623.
1399 2000 1497 2039 Add.

833 2056 988 2094 Siebelis
1017 2057 1066 2094 ad
1085 2056 1241 2094 Pausan.
1259 2057 1315 2104 X,
1347 2059 1372 2096 9
1397 2054 1435 2107 ἓ.
1459 2060 1494 2097 1.

889 2112 950 2150 Ad
969 2114 1251 2164 praepositionis
1272 2110 1348 2164 πρό
1355 2129 1373 2160 ς
1390 2126 1496 2151 usum

832 2171 929 2208 conf.
962 2169 1037 2217 IV,
1077 2168 1157 2210 134
1195 2169 1381 2221 βασιλέος
1409 2170 1498 2207 dedi

832 2240 901 2277 pro
934 2227 1149 2277 βασιλῆος,
1178 2227 1279 2275 quod
1310 2227 1426 2263 Gaisf.
1457 2230 1496 2264 et

832 2282 967 2320 Matth.
1004 2283 1061 2320 hic
1098 2284 1337 2320 retinuerunt.
1411 2282 1494 2321 Vid.

833 2340 966 2377 Struve
987 2339 1009 2376 l.
1030 2339 1052 2376 l.
1073 2338 1106 2375 ΙΙ
1123 2342 1306 2391 p.16.-
1327 2339 1369 2376 In
1391 2352 1494 2389 seqq.

834 2396 921 2433 dedi
949 2389 1079 2446 ἦσαν,
1107 2397 1207 2445 quod
1238 2409 1260 2433 a
1290 2397 1433 2433 duobus
1453 2397 1496 2433 li-

833 2452 908 2489 bris
930 2465 1079 2503 prorsus
1098 2453 1214 2490 abest.
1245 2454 1303 2490 Cf.
1316 2453 1443 2489 Matth.
1457 2466 1494 2503 p.

833 2507 928 2549 414.
947 2530 999 2536 —
1042 2508 1198 2546 Stratus
1222 2513 1399 2559 tyrannus
1419 2522 1496 2546 me-

832 2569 996 2603 moratur
1013 2565 1120 2613 VIII,
1149 2568 1248 2612 1323
1280 2566 1408 2603 Aeacos
1427 2567 1496 2601 Sa-

833 2622 882 2660 mi
894 2626 1070 2671 tyrannus
1082 2622 1146 2669 IV,
1169 2625 1230 2663 13.
1254 2623 1326 2660 Pro
1341 2618 1495 2670 Αἰάκης

834 2679 936 2728 quod
946 2678 1065 2729 plures
1077 2679 1157 2715 libri
1169 2679 1340 2716 exhibent
1353 2677 1495 2716 Αἰακί-

836 2736 909 2784 δης
934 2748 964 2772 s.
984 2735 1201 2781 Αἰακίδας,
1232 2736 1280 2771 ad
1306 2733 1398 2769 illam
1420 2732 1495 2781 pri-

836 2793 984 2830 mitivae
1006 2796 1117 2840 atque
1136 2789 1409 2841 patronymicae
1430 2800 1495 2823 vo-

837 2848 888 2885 cis
916 2849 1166 2885 confusionem
1196 2845 1293 2881 haud
1318 2856 1400 2881 raro
1428 2844 1496 2880 ob-

1178 2903 1231 2941 33
1249 2899 1265 2915 ¹

1211 740 1350 788 ἾῙσαν
1396 747 1442 790 δὲ
1499 750 1609 779 Eorum
1627 752 1758 780 nomina.
