1863 3256
198 282 282 323 658
670 281 1135 321 EXCURSUS
1193 280 1241 316 V1

202 406 314 443 quum
349 397 542 444 utrumque
572 394 757 445 Oedipum
789 399 872 444 post
897 392 1123 440 Antigonam
1156 393 1326 442 scriptum
1359 405 1441 431 esse
1466 398 1610 432 constet
1621 408 1632 441 3
1676 397 1712 433 in

202 461 392 510 Antigona
423 465 567 510 autem,
611 474 706 511 quae
737 460 796 497 Ol.
825 459 891 499 84.
918 458 944 499 4
965 476 1023 493 =
1044 458 1124 500 441
1147 471 1180 496 a.
1204 459 1290 496 Chr.
1313 464 1393 498 acta
1416 464 1494 507 est,
1536 462 1566 498 si
1595 461 1713 501 locum

204 529 389 566 Herodoti
418 530 619 580 respexisse
647 526 863 576 Sophoclem
894 529 1030 563 certum
1062 527 1131 573 sit,
1175 531 1317 576 partem
1353 528 1480 566 saltem
1508 529 1712 568 Herodotei

203 599 324 647 operis
343 597 414 635 iam
433 600 510 634 tum
531 595 729 633 absolutam
754 595 865 631 fuisse
887 598 1075 644 appareat.
1135 593 1252 643 quue
1280 600 1320 632 ut
1345 597 1514 643 credam,
1552 611 1610 635 me
1633 598 1713 647 qui-

202 665 287 702 dem
304 663 477 701 inclinare
504 660 701 711 profiteor,
750 673 798 699 ne
827 665 949 698 tamen
986 665 1123 699 temere
1166 662 1223 699 vel
1261 663 1405 701 incaute
1446 665 1532 701 mihi
1570 678 1712 704 sumere

202 731 348 777 videar,
384 728 638 774 difficultates,
669 732 852 777 quotquot
879 729 1115 776 oboriuntur,
1155 729 1251 768 haud
1278 731 1416 769 celabo.
1477 732 1527 769 Et
1553 733 1710 783 primum

201 799 348 849 quidem
370 798 416 834 de
437 797 516 846 ipsa
536 793 729 844 Sophoclei
745 795 813 834 loci
830 797 972 845 origine
992 797 1197 835 dubitatum
1218 802 1273 835 est
1290 799 1335 836 ab
1355 800 1510 849 Iacobo,
1543 800 1710 843 Quaestt.

128 848 134 856 .
199 865 367 916 Sophocl.
400 862 552 900 Varsav.
582 863 684 903 1821
717 876 801 912 pag.
826 865 907 904 363
934 877 1065 914 seqq.,
1109 877 1155 901 ne
1184 865 1382 904 imbecillus
1408 869 1555 917 quidam
1587 868 1710 915 homo,

198 942 438 981 quaecunque
464 929 564 980 apud
586 930 819 968 Herodotum
851 931 1068 979 invenisset,
1107 931 1204 968 nullo
1235 945 1320 970 usus
1348 935 1501 984 iudicio,
1542 936 1709 984 genuinis

198 995 387 1047 Sophoclis
408 996 526 1034 verbis
549 997 762 1044 inseruerit;
800 1011 844 1036 ea
863 1011 950 1036 vero
974 999 1097 1049 opinio
1117 1011 1229 1048 quum
1249 1000 1295 1036 ab
1316 1000 1417 1050 aliis,
1461 1003 1522 1052 qui
1542 1004 1589 1040 de
1604 1003 1709 1040 Anti-

197 1063 294 1113 gona
315 1063 566 1114 disputarunt,
604 1069 645 1103 ut
666 1066 855 1104 Boeckhio
887 1067 996 1113 (uber
1023 1067 1082 1105 die
1110 1066 1297 1116 Antigone
1327 1068 1392 1105 des
1419 1069 1641 1120 SophocleS,
1670 1071 1707 1108 in

196 1132 339 1169 Comm·
363 1130 475 1168 Acad·
495 1132 594 1169 Berl-
617 1132 726 1174 1824
759 1147 796 1184 p-
818 1136 926 1183 77),
966 1135 1118 1182 Wexio,
1149 1135 1388 1184 Hermanno,
1424 1140 1503 1174 tum
1536 1137 1708 1188 peculiari

195 1197 315 1235 libello
335 1210 357 1234 a
373 1198 505 1235 Carolo
525 1200 777 1238 Sch‘onbornio
796 1203 945 1251 (Progr.
968 1203 1112 1240 Guben.
1138 1205 1263 1250 1827)
1285 1205 1379 1241 adeo
1399 1209 1453 1242 est
1470 1206 1644 1251 refutata,
1667 1209 1708 1243 ut

196 1265 290 1303 hanc
309 1266 615 1316 disputationem,
640 1281 735 1318 quae
755 1270 879 1319 utique
898 1271 1015 1319 magis
1037 1271 1086 1307 ad
1111 1271 1379 1308 diiudicandam
1398 1271 1541 1310 fabulae
1562 1272 1708 1323 Sopho-

196 1331 297 1370 cleae
318 1332 476 1371 indolem
493 1335 671 1385 pertinet,
701 1350 850 1387 prorsus
873 1339 1043 1376 omittere
1061 1339 1263 1388 possimus;
1303 1338 1391 1376 illud
1413 1343 1555 1377 tantum
1578 1352 1707 1378 mone-

197 1400 267 1448 bo,
296 1400 369 1438 iam
387 1398 616 1440 Aristotelem
635 1404 786 1442 Rhetor.
814 1405 886 1452 111,
927 1408 992 1446 16.
1016 1407 1041 1444 9
1070 1406 1146 1442 eius
1168 1406 1234 1443 loci
1265 1410 1306 1443 ut
1326 1406 1520 1456 Sophoclci
1550 1408 1707 1445 mentio-

198 1480 282 1505 nem
300 1468 438 1506 ·facere.
491 1468 638 1509 Deinde
663 1472 831 1510 Clemens
858 1472 1051 1511 Alexandr.
1079 1474 1272 1511 Stromatt.
1294 1473 1344 1510 VI
1372 1486 1409 1523 p.
1430 1475 1511 1516 625
1531 1474 1577 1513 D.
1601 1475 1701 1525 sylb.

197 1537 430 1575 Herodotum
454 1537 576 1587 potius
596 1552 639 1577 ex
659 1539 839 1589 Sophocle
861 1540 1024 1578 hausisse
1046 1544 1209 1578 autumat
1232 1541 1402 1590 adeoque
1427 1542 1512 1578 furti
1532 1542 1628 1579 illum
1648 1543 1705 1579 in-

199 1604 363 1652 simulat3
399 1604 466 1642 sed
493 1604 586 1644 bene
616 1606 870 1644 intellexerunt
899 1607 1056 1656 Heysius
1082 1608 1277 1656 (Quaestt.
1305 1609 1472 1646 Herodd.
1503 1623 1538 1660 p.
1559 1611 1639 1658 67)
1667 1614 1706 1648 et

198 1674 368 1721 Wexius,
403 1687 531 1726 parum
550 1678 836 1712 consentaneum
857 1687 960 1723 esse,
997 1675 1230 1713 Herodotum
1256 1689 1343 1714 suae
1368 1689 1487 1715 rerum
1516 1682 1704 1727 gestarum

197 1743 396 1781 narrationi
424 1744 558 1794 po'etae
591 1748 818 1790 commento,
866 1743 966 1780 cuius
994 1742 1103 1781 fidem
1128 1748 1314 1794 praestare
1344 1758 1419 1782 non
1450 1750 1599 1795 posset,
1636 1746 1704 1783 ad-

197 1811 382 1848 miscendo
406 1813 546 1848 temere
565 1811 811 1856 commisisse,
850 1813 891 1846 ut
912 1822 1014 1847 suam
1036 1810 1194 1849 historici
1214 1812 1325 1850 fidem
1347 1812 1438 1849 ultro
1467 1813 1703 1862 infringeret3

198 1881 427 1928 apparetque
444 1877 654 1916 historicum
673 1879 757 1916 ideo
780 1882 919 1915 tantum
940 1882 1055 1915 totam
1078 1878 1174 1916 illam
1197 1893 1272 1918 rem
1294 1893 1479 1927 narrasse,
1518 1885 1558 1918 ut
1577 1882 1703 1930 singu-

198 1942 274 1982 lare
289 1944 377 1982 illud
395 1944 552 1983 mulieris
571 1947 704 1984 dictum
725 1946 927 1997 posteritati
945 1950 1218 1984 conservaretur
1231 1976 1241 1993 ‚
1281 1951 1427 1999 poetam
1453 1953 1574 1987 autem
1591 1948 1702 1998 longe

196 2013 270 2050 veri
301 2012 448 2050 similius
479 2018 557 2062 est,
592 2015 679 2051 dum
710 2014 931 2064 Antigonam
964 2014 1163 2065 perfectum
1198 2017 1326 2053 sororii
1357 2016 1489 2053 amoris
1519 2015 1702 2067 exemplar

194 2092 402 2130 proponere
420 2081 546 2129 vellet,
582 2083 702 2120 omnia
733 2083 896 2131 undique
923 2082 1138 2133 arripuisse,
1176 2095 1272 2132 quae
1304 2083 1386 2120 huic
1413 2084 1563 2132 imagini
1594 2095 1701 2121 orna-

194 2151 358 2185 mentum
373 2149 511 2187 addere
528 2154 691 2200 possent.
750 2149 830 2188 Nee
849 2150 1049 2188 Suevernio
1076 2151 1246 2200 equidem
1275 2152 1474 2198 assentiar,
1514 2152 1576 2201 qui
1604 2150 1699 2189 illam

193 2214 440 2253 narrationem
464 2216 648 2255 hominum
675 2231 843 2256 sermone
868 2223 1110 2269 propagatam
1144 2219 1255 2257 fuisse
1280 2225 1393 2268 atque
1422 2231 1466 2256 ex
1493 2218 1563 2255 hoc
1600 2230 1698 2256 com-

196 2282 293 2317 muni
311 2282 410 2321 sonte
430 2287 622 2334 utrumque
643 2285 805 2324 hausisse
823 2286 1037 2333 arbitratur3
1078 2286 1162 2324 licet
1186 2287 1316 2324 eodem
1334 2287 1585 2324 Hermannum
1606 2298 1699 2335 quo·

197 2359 268 2396 que
294 2348 500 2390 incumbere
526 2353 692 2399 videam,
731 2354 815 2403 qui:
857 2355 998 2401 ‚,fecit,
1035 2355 1171 2404 inquit,
1203 2354 1419 2405 Sophocles,
1457 2353 1556 2403 quod
1584 2365 1696 2403 saepe

196 2416 360 2452 fecerunt
378 2419 503 2466 tragici
527 2420 679 2468 Graeci,
708 2425 749 2458 ut
771 2421 880 2459 etiam
900 2423 1017 2458 minus
1038 2426 1125 2472 apto
1147 2423 1226 2459 loco
1240 2451 1250 2468 ‚
1282 2422 1381 2471 quod
1401 2419 1558 2471 populu,
1587 2432 1698 2469 argu-

196 2482 243 2519 tis
261 2483 582 2533 disceptationibus
605 2487 775 2526 delectari
793 2489 914 2536 solito,
940 2494 1127 2540 acceptum
1147 2491 1224 2527 sore
1246 2489 1477 2537 intelligeret,
1507 2488 1584 2525 eius
1606 2487 1698 2526 affe-

196 2551 300 2587 rendi
336 2552 511 2602 arriperet
541 2557 872 2603 opportunitatem;
917 2570 1028 2606 quare
1065 2570 1174 2606 quum
1209 2556 1375 2594 Persicae
1410 2554 1500 2592 illius
1539 2555 1697 2594 mulieris

196 2618 332 2655 dictum
354 2619 571 2657 celebratum
591 2633 671 2657 esse
692 2622 817 2669 sciret,
849 2625 1021 2660 utendum
1042 2636 1085 2660 eo
1104 2625 1265 2673 putavit,
1290 2624 1400 2672 idque
1415 2622 1511 2660 haud
1531 2635 1619 2661 sane
1641 2624 1696 2661 in-

194 2686 282 2723 scite
304 2687 389 2724 fecit
405 2687 451 2732 ·,“
491 2688 617 2724 dubito
638 2689 756 2735 enim,
786 2701 832 2725 an
858 2689 1033 2726 eiusmodi
1053 2691 1186 2726 factum
1203 2704 1349 2740 prorsus
1373 2690 1573 2739 singulare,
1594 2691 1694 2729 cuius

193 2765 261 2790 nec
279 2753 407 2790 nobilis
425 2759 525 2792 actor
539 2759 574 2792 et
595 2768 702 2792 scena
719 2757 806 2793 satis
830 2760 969 2794 remota
991 2761 1108 2803 esset,
1141 2758 1206 2794 nisi
1226 2771 1291 2808 per
1309 2758 1403 2795 illum
1423 2758 1538 2809 ipsum
1552 2787 1563 2806 ,
1584 2771 1692 2807 quem

192 2819 279 2856 talia
295 2820 449 2870 primum
469 2823 556 2873 ipsis
585 2822 622 2859 in
647 2822 734 2860 locis
762 2824 926 2861 studiose
958 2825 1180 2873 conquisisse
1213 2827 1395 2873 novimus,
1441 2826 1478 2862 in
1508 2825 1692 2863 hominum

190 2899 253 2924 ora
274 2889 396 2928 venire
412 2902 488 2927 non
507 2890 686 2940 potuerit3
714 2891 870 2941 ideoque
891 2891 1156 2941 Wesselingio,
1175 2893 1410 2942 Musgravio,
1428 2892 1475 2930 W
1478 2893 1557 2931 exio
1571 2893 1692 2943 potius

1801 663 1809 690 k
