1946 3272
8 1867 11 1876 ,Α
0 1462 9 1813 ψ-ε-νν-η-ῄ--ι
0 1407 4 1455 -ν

594 231 941 273 THALIA.
1001 231 1064 268 111.
1408 237 1464 276 49

192 351 370 407 ρεόντας
399 343 539 389 αὐτοῦ
566 340 705 398 ταύτῃ
734 340 863 394 τάξας
883 339 1140 397 ὑπομένειν,
1171 338 1250 382 τὸν
1272 339 1316 382 δὲ
1341 340 1467 393 πεζὸν

164 421 333 466 Βποὲντα
373 415 463 472 ἅμα
505 412 732 470 ἀγόμενος.

802 411 921 455 Ἐπεί
955 427 1000 455 τε
1041 411 1087 455 δὲ
1125 410 1470 467 στρατευόμενος
1528 420 1609 458 207

191 489 355 547 ἐγένετο
388 486 435 529 ἐν
456 485 649 542 Θήβῃσι,
681 483 887 539 οἷπέκρινε
917 486 1000 527 τοῦ
1032 485 1226 536 στρατοῦ
1257 480 1316 533 ὥς
1345 481 1470 526 πέντε
1484 490 1527 523 56

187 557 426 617 μυριάδας·
471 555 544 599 καὶ
573 554 770 599 τούτοισι
799 554 878 610 μὲν
910 553 1167 605 ἐνετέλλετο,
1198 551 1472 609 Ἀμμωνίους

188 626 701 684 ἐξανδραποδισαμένους
744 625 794 669 τὸ
834 623 1103 682 χρηστήριον
1147 622 1197 667 τὸ
1243 628 1324 667 τοῦ
1361 624 1473 676 Διὸς

189 701 428 756 ἐμπρῆσαι·
470 697 607 751 αὐτὸς
637 698 683 742 δὲ
712 697 791 741 τὸν
820 695 979 741 λοιπὸν
1008 695 1130 751 ἄγων
1163 693 1375 749 στρατὸν,
1407 694 1474 751 ἤϊε

162 775 186 811 4
196 771 264 815 ἐπὶ
294 768 400 819 τούς
431 771 665 820 Αἰθίοπας.

727 768 843 823 Πρὶν
874 767 920 811 δὲ
950 771 1027 823 τῆς
1057 763 1167 810 ὁδοῦ
1196 765 1246 809 τό
1276 765 1474 821 πέμπτον
1487 773 1532 806 60

190 841 323 899 μέρος
354 839 660 896 διεληλυθέναι
684 838 762 895 τὴν
793 838 1024 895 στρατιὴν,
1054 836 1211 881 αὐτίκα
1233 837 1377 881 πάντα
1399 836 1473 881 αύ-

189 913 296 964 τούς
325 912 378 956 τὰ
408 909 526 968 εἶχον
556 913 706 955 σιτίων
735 909 916 967 ἐχόμενα
947 910 1237 954 ἐπελελοίπεε·

1289 909 1396 965 μετα
1428 910 1475 954 δὲ

164 983 251 1028 5τά
282 985 418 1033 σιτία,
450 982 524 1026 καὶ
553 981 607 1026 τοὶ
629 981 844 1038 ὑποζύγια
875 982 1046 1026 ἐπέλιπε
1076 979 1407 1036 κατεσθιόμενα·
1439 983 1476 1024 εἰ

192 1056 273 1114 μέν
291 1071 376 1099 νυν
397 1053 556 1112 μαθών
574 1057 712 1097 ταῦτα
744 1050 767 1097 ὁ
796 1052 1036 1110 Καμβύσης
1066 1050 1372 1109 ἐγνωσιμάχεε,
1401 1053 1476 1096 καὶ
1489 1060 1531 1093 65

136 1232 231 1270 xime
250 1231 402 1268 navibus
434 1232 600 1269 constitit
634 1233 733 1280 (πᾶς
760 1231 803 1271 ἐκ

139 1288 342 1327 Φοινίκων
370 1285 517 1339 ἤρτητο
556 1287 580 1326 ὁ
619 1286 806 1336 ναυτικός

137 1342 298 1397 στρατός
329 1345 394 1392 ΙΙΙ,
411 1347 461 1386 19
485 1342 586 1394 fist),
627 1346 806 1396 praebere

136 1402 252 1440 coacti
291 1405 408 1438 erant.
464 1401 562 1438 Hinc
593 1402 665 1439 iarn
696 1416 806 1454 supra

138 1459 201 1506 ΙΙΙ,
225 1459 275 1499 13
294 1456 520 1507 Mytilenaea
545 1471 807 1497 commemora-

138 1520 197 1553 tur
214 1515 329 1552 navis.
350 1536 406 1542 —-
435 1509 563 1553 αὐτοῦ
590 1513 714 1571 ταύτῃ
741 1530 806 1554 va-

139 1572 190 1610 let
210 1584 248 1608 eo
269 1574 344 1621 ipso
365 1571 451 1609 loco.
493 1572 577 1609 Vid.
598 1579 690 1611 nott.
712 1574 760 1611 ad
778 1573 806 1621 l,

143 1630 224 1670 189
245 1628 308 1665 fin.

199 1680 242 1723 τὸ
262 1679 502 1736 χρηστήριον
528 1681 578 1724 τό
598 1689 673 1724 τοῦ
695 1683 808 1736 Διὸς]

143 1740 343 1780 Articulum
374 1738 417 1779 τὸ
445 1745 534 1778 ante
570 1745 642 1782 τοῦ
679 1743 812 1780 omittit

144 1799 331 1835 Sancrofti
349 1797 449 1835 liber.
480 1797 600 1846 Male3
628 1812 712 1836 nam
727 1813 812 1836 usus

144 1855 318 1905 loquendi
335 1854 525 1891 articulum
540 1858 735 1906 repetitum
754 1869 812 1892 sa-

144 1912 192 1949 tis
224 1911 294 1948 sibi
325 1911 494 1959 flagitare
528 1913 682 1952 videtur
745 1912 811 1950 Cr.

145 1969 232 2006 citat
248 1968 433 2004 Schaefer.
449 1966 592 2006 Melett.
610 1971 706 2007 critt.
725 1983 760 2020 p.
774 1971 811 2008 8.

203 2039 334 2063 παντα
363 2019 511 2070 αὐτούς
538 2048 595 2053 ——
622 2026 812 2065 ἐπελελοί-

145 2079 266 2133 πεε]
258 2095 279 2118 ι.
296 2095 326 2118 e.
345 2093 440 2118 omne
459 2081 611 2121 ethorum
629 2097 740 2133 genus
759 2097 812 2120 eos

147 2138 289 2189 defecit.
312 2138 375 2175 Tu
392 2139 488 2175 conf.
502 2139 545 2188 ΙΙ,
559 2141 611 2182 25
624 2142 710 2190 ibiq.
722 2145 812 2178 nott.

147 2195 220 2232 Pro
241 2194 490 2234 ἐπελελοίπεε
518 2198 609 2236 liber
629 2198 814 2235 Sancrofti

148 2251 410 2301 ἔπιλελοίπεε,
443 2254 579 2292 omisso
600 2259 813 2303 augmento,

149 2310 197 2347 de
225 2323 299 2359 quo
319 2309 392 2346 vid.
426 2310 474 2346 ad
497 2310 524 2358 Ι,
553 2312 607 2353 94
627 2316 717 2348 nott.
756 2312 814 2348 Ad

148 2366 279 2404 verba:
317 2362 363 2404 τὰ
389 2362 495 2416 εἶχον
517 2370 653 2407 σιτίων
685 2365 815 2419 ἐχόμε-

150 2437 201 2461 να
219 2424 315 2460 cons.
338 2423 364 2460 l.
387 2425 466 2464 120
489 2426 577 2475 ibiq.
595 2430 689 2463 nott.
711 2431 750 2463 et
767 2426 815 2462 ad

151 2493 255 2529 seqq.
310 2477 469 2519 ἐπέλιπε
526 2478 817 2534 κατεσθιόμενα

151 2535 285 2574 Matth.
306 2537 372 2574 Gr.
392 2538 460 2577 Gr.
481 2537 517 2589 ἓ.
537 2540 617 2582 551
641 2541 676 2577 d.

211 2590 234 2632 o‘
273 2589 500 2645 Καμβύσης
540 2591 816 2649 ἐγνωσιμάχεε]

155 2650 180 2686 i.
206 2662 237 2687 e.
279 2650 324 2687 Si
365 2650 550 2702 Cambyses
589 2655 820 2691 obstinatione

157 2718 222 2742 sua
248 2709 365 2754 victa,
404 2709 549 2747 consilio
574 2715 730 2757 mutato,
771 2710 820 2747 ad

156 2761 281 2808 aliam,
309 2764 480 2802 meliorem
499 2768 574 2805 scil.
599 2769 818 2812 sententiam,

158 2832 193 2856 se
215 2823 444 2859 convertisset.
490 2824 652 2862 Verbum
681 2837 820 2876 γνωσι-

159 2879 320 2927 μαχεῖν,
361 2880 462 2926 quod
489 2880 619 2920 Ionicis
644 2883 821 2920 adnume-

216 2933 424 2971 Hnnonom.
444 2935 490 2972 ΙΙ.

862 1235 962 1268 ratur
977 1230 1125 1268 vocibus
1144 1243 1164 1267 a
1185 1230 1342 1280 Gregor.
1364 1230 1530 1267 Corinth.

863 1302 898 1339 p.
919 1288 1016 1335 539,
1037 1288 1220 1325 invenitur
1242 1287 1341 1334 vill,
1361 1290 1427 1328 29.
1452 1288 1531 1334 Vll,

865 1347 959 1392 130,
979 1345 1077 1382 uude
1098 1345 1226 1382 sumsit
1243 1344 1445 1381 Pausanias
1467 1343 1532 1391 IX,

863 1404 889 1442 7
910 1401 946 1454 ᾗ.
966 1401 1005 1448 4,
1040 1401 1099 1438 ubi
1127 1402 1201 1438 vid.
1223 1401 1380 1439 Siebelis
1410 1415 1446 1451 p.
1468 1403 1535 1443 27.

865 1458 1001 1496 Glossa
1037 1457 1254 1496 Herodotea
1300 1459 1450 1508 exponit
1488 1473 1531 1496 το

862 1517 1017 1581 γνῶναι
1039 1530 1115 1566 την
1134 1514 1280 1554 ἑαυτοῦ
1303 1510 1534 1562 α’σθένειαν,

863 1568 940 1622 τήν
981 1587 1021 1611 τε
1055 1587 1135 1610 των
1174 1571 1368 1612 ε’ναντιων
1405 1566 1535 1622 ἰσχυν.

865 1630 1007 1667 Eadem
1028 1629 1141 1667 habet
1155 1630 1355 1679 Gregorius
1368 1629 1537 1666 Corinth.

867 1687 890 1723 l.
911 1687 932 1723 1.
958 1708 1005 1713 —
1034 1686 1155 1730 Quam
1180 1686 1291 1736 longe
1311 1691 1435 1723 autem
1458 1699 1536 1723 me-

869 1743 997 1781 ridiem
1016 1756 1142 1780 versus
1160 1744 1364 1792 Cambyses
1385 1755 1536 1793 proces-

869 1801 980 1847 serit,
1027 1800 1064 1835 id
1094 1813 1137 1837 ex
1165 1800 1357 1837 Herodoto
1391 1811 1538 1837 accura-

869 1857 941 1894 tius
971 1856 1117 1894 definiri
1151 1870 1264 1906 posse
1297 1860 1412 1906 negat
1435 1857 1540 1893 Hee-

869 1926 946 1950 ren.
967 1915 989 1950 l.
1010 1913 1033 1949 l.
1062 1927 1097 1963 p.
1120 1915 1220 1960 337,
1262 1914 1324 1951 ubi
1349 1926 1423 1950 non
1445 1913 1539 1962 fugit

870 1971 985 2007 virum
1004 1970 1162 2016 doctum,
1195 1971 1296 2019 quod
1311 1970 1370 2007 alii
1387 1970 1539 2006 tradunt

869 2040 990 2064 rerum
1024 2027 1241 2077 scriptores,
1292 2027 1339 2064 ad
1371 2025 1539 2064 Meroem

870 2097 987 2134 usque
1031 2085 1177 2121 venisse
1218 2084 1455 2133 Cambysem.
1506 2083 1539 2119 A

871 2154 944 2190 quo
966 2141 1046 2192 ipso
1069 2140 1233 2178 Meroen]
1263 2141 1450 2177 conditam
1480 2152 1540 2176 so-

869 2197 1037 2247 rorisque
1060 2197 1208 2235 nomine
1226 2196 1449 2247 appellatam
1482 2196 1541 2232 fu-

872 2255 945 2293 isse
967 2259 1094 2291 auctor
1112 2259 1168 2292 est
1178 2254 1331 2292 Diodor.
1346 2254 1375 2300 Ι,
1397 2255 1464 2299 33,
1478 2252 1540 2289 ubi

873 2313 968 2349 conf.
991 2311 1150 2351 Wessel.
1185 2311 1294 2348 conf.
1319 2311 1405 2347 ibid.
1426 2310 1453 2355 Ι,
1473 2312 1540 2356 34,

873 2369 933 2405 ubi
946 2369 1086 2417 (ἷᾶιῐὼ)
1089 2369 1137 2405 sis
1162 2368 1351 2418 imperium
1369 2368 1406 2404 in
1425 2379 1541 2416 quae-

874 2426 959 2462 dam
978 2425 1196 2476 Aethiopiae
1220 2424 1300 2461 loca
1321 2436 1544 2461 commemo—

874 2486 943 2519 rat.
964 2505 1020 2509 —
1049 2483 1091 2519 In
1115 2495 1218 2531 seqq.
1244 2482 1294 2518 ad
1315 2494 1442 2519 vocem
1473 2475 1544 2531 οἷρ-

875 2541 1003 2590 γῆθεν
1029 2541 1123 2577 conf.
1153 2539 1181 2582 Ι,
1208 2540 1298 2579 131.
1336 2538 1486 2586 11‚138
1507 2541 1545 2574 et

877 2596 925 2633 ad
951 2596 1107 2633 ionicam
1142 2608 1267 2632 vocem
1305 2609 1485 2646 αμαρτας
1513 2593 1542 2638 Ι,

879 2654 945 2692 91.
982 2655 1073 2694 119.
1100 2652 1197 2699 VIII,
1221 2651 1312 2692 140.
1360 2652 1420 2689 De
1446 2651 1546 2687 locu-

878 2710 980 2747 tione
1012 2705 1129 2760 λόγον
1161 2712 1370 2748 ποιεῖσθαι
1398 2708 1493 2745 conf.
1516 2706 1543 2750 Ι,

878 2764 915 2805 4-
941 2769 1002 2807 13.
1016 2769 1097 2807 213
1111 2770 1178 2804 etc.
1199 2779 1244 2802 ne
1261 2765 1373 2814 plura.
1386 2786 1441 2791 —-
1455 2764 1511 2801 νῦ
1524 2777 1544 2799 ν

880 2820 931 2861 δὲ
958 2837 1000 2860 ex
1021 2823 1054 2859 h.
1072 2823 1093 2860 l.
1122 2824 1218 2860 citat.
1244 2822 1376 2858 Matth.
1400 2819 1437 2870 ἓ.
1462 2820 1543 2857 607

878 2895 914 2932 p.
939 2883 1058 2921 1216.
1107 2879 1167 2917 Tu
1186 2879 1272 2916 add.
1300 2878 1363 2924 ΙΙΙ,
1387 2875 1450 2916 15.
1477 2878 1544 2916 21.
