1946 3272
71 403 135 448 23

596 211 946 253 THALIA.
1005 211 1070 252 ΙΙΙ.

1421 221 1476 259 43

196 326 432 384 ἀνέφερον,
478 323 658 379 φράζων
694 329 810 368 τοῖσι
848 321 1181 380 Ἰχθυοφάγοισι
1218 321 1298 365 τόν
1328 322 1476 367 οἶνον·

194 403 323 442 τοῦτο
355 396 439 452 γὰρ
477 394 670 446 ἑωυτούς
702 395 788 439 ὑπό
824 394 1032 450 Περσέων
1071 395 1322 438 ἑσσοῦσθαι.
1378 392 1479 437 Ἀν-
1536 397 1584 455 355¹

194 467 455 524 τειρομένων
495 466 540 509 δὲ
580 465 658 510 τόν
710 466 889 524 βασιλέα
925 472 1015 510 τῶν
1056 464 1362 523 Ἰχθυοφάγων
1402 468 1478 520 τῆς
1537 469 1684 523 ᾖξ’,ζᾮξξζ

1581 396 1698 437 tliiopes
1723 406 1812 432 quam

1619 438 1686 469 yiva
1782 435 1814 458 et

1653 470 1661 490 ι

1654 507 1661 532 1

1591 517 1595 521 .
1770 508 1800 525 (ΙΙΙ

1620 534 1649 555 te
1679 521 1813 558 „innulaff

194 538 291 595 ζόης
319 538 394 581 καὶ
425 539 591 593 διαίτης
620 537 746 592 πέρι,
780 538 876 582 ἔτεα
906 538 986 594 μὲν
1016 538 1059 589 ἐς
1090 539 1251 582 ἐείκοσι
1281 536 1354 580 καὶ
1385 535 1745 591 έκα-1;5ζ’ξζῑ“,.ῑ,,ω,;
1782 566 1814 593 iu

192 609 271 653 τόν
299 608 404 661 τούς
433 609 626 661 πολλούς
647 608 794 653 αὐτῶν
823 608 1134 662 ἀπικνέεσθαι,
1166 607 1479 665 ὑπερβαλλέειν

135 774 266 810 vinum.
314 773 373 810 De
414 773 527 810 verbo
573 768 807 823 ἀναφέρειν,

137 830 184 867 de
224 842 297 879 quo
339 828 557 879 Wesseling.
598 831 687 867 citat
720 829 806 867 Dio.

136 887 243 923 Cass.
265 887 347 925 LVI
368 901 405 938 p.
427 888 521 927 680.
544 886 748 925 Aelian.H.
764 888 806 923 A.

136 942 248 989 XIII,
280 946 353 991 12,
402 943 467 981 Cr.
506 945 649 982 confert
710 956 806 992 quae

137 1000 294 1050 plurima
337 1013 381 1038 ex
417 1001 608 1038 Plutarcho
659 1000 806 1050 collegit

136 1057 398 1107 Wyttenbach.
420 1059 456 1094 in
467 1056 741 1094 Animadverss.
755 1057 804 1094 ad

139 1113 322 1151 Plutarch.
354 1114 485 1151 Moral.
513 1115 528 1150 1
558 1129 593 1165 p.
618 1114 700 1154 502
722 1127 802 1162 seq.

137 1191 191 1197 —
206 1170 322 1224 τῷδε,
343 1171 443 1219 quod
462 1175 547 1221 post
558 1165 707 1222 πόματι
718 1171 804 1206 olim

136 1227 351 1276 legebatur,
395 1228 511 1276 abjeci
538 1241 617 1264 cum
648 1231 804 1265 recentt.

136 1282 359 1321 edm—Ad
378 1288 614 1321 structuram:
648 1279 708 1322 ἂν
737 1279 806 1322 δυ’-

137 1343 289 1379 νασθαι
318 1341 457 1377 consul.
486 1340 620 1378 Matth.
650 1341 715 1378 Gr.
738 1341 803 1377 Gr.

136 1410 228 1448 pag·
254 1398 375 1438 1196.
407 1398 497 1435 Mox
513 1399 668 1435 retinui:
699 1399 806 1436 τοῦ-

136 1468 188 1493 το
218 1449 291 1505 γοῖρ
319 1451 494 1501 ἑωυτούς
528 1469 565 1493 κ.
593 1470 625 1494 τ.
656 1457 712 1501 λ.,
744 1454 807 1491 ubi

135 1511 369 1548 Florentinus
399 1525 478 1548 curn
499 1512 640 1549 duobus
659 1511 738 1549 aliis
763 1511 805 1547 li-

138 1568 212 1605 bris
232 1562 373 1622 τούτῳ.
406 1569 515 1606 Conf.
537 1568 600 1616 Ill,
634 1571 714 1610 106
740 1568 808 1606 ibi-

138 1637 210 1674 que
237 1628 326 1661 nott.

335 1714 367 1752 C
377 1728 399 1752 a
409 1728 446 1766 p.
475 1715 609 1753 XXIII.

196 1792 281 1833 ἔτεα
305 1791 377 1845 μὲν
397 1793 436 1840 ἐς
457 1792 619 1846 ἐείκοσι]
660 1794 806 1834 ἐείκοσι

138 1850 225 1902 (pro
245 1850 379 1899 εἴκοσι,
400 1852 503 1900 quod
524 1856 627 1890 tenet
648 1852 804 1900 Matth.)

137 1907 267 1958 scripsi
285 1921 364 1945 cuin
388 1908 506 1945 Gaisf.
533 1909 616 1946 Vid.
637 1913 731 1946 nott.
755 1910 804 1946 ad

137 1964 184 2011 II,
206 1966 297 2005 121.
357 1965 429 2002 Pro
452 1960 539 2015 ζόης
556 1966 593 2002 in
609 1966 802 2003 antecedd.

137 2021 197 2059 alii
218 2022 341 2072 ζωῆς,
376 2022 435 2059 alii
457 2017 582 2071 ζώης,
606 2027 803 2072 utrumque

136 2077 294 2116 alienum
320 2079 367 2115 ab
394 2079 614 2127 Herodoto,
653 2081 748 2116 conf.
771 2079 801 2125 I,

137 2137 202 2175 32.
223 2137 278 2176 38
308 2135 395 2184 ibiq.
430 2140 522 2173 nott.
556 2136 602 2183 ΙΙ,
633 2138 699 2177 77.
724 2135 802 2177 105

136 2196 203 2229 etc.
233 2212 290 2219 —
326 2192 386 2229 Ad
420 2205 497 2230 rem
535 2193 650 2243 ipsam
678 2193 805 2231 laudat

136 2248 359 2295 Wesseling.
382 2249 501 2286 valer.
530 2251 679 2287 Maxim.
706 2250 804 2296 VIII,

138 2306 189 2346 13
215 2305 297 2341 Ext.
317 2305 353 2346 5.
402 2305 625 2344 Maltebrun.
651 2307 671 2344 l.
694 2319 805 2357 supra

135 2361 157 2399 l.
182 2374 217 2412 p.
242 2364 321 2403 361
356 2363 566 2400 Macrobios
605 2365 805 2401 arbitratur

137 2419 338 2456 secundum
361 2432 540 2457 annorum
561 2421 712 2458 dimidia
737 2434 805 2458 nu·-

136 2488 318 2523 merasse,
358 2478 670 2526 quemadmodum
712 2478 805 2515 aliae

136 2530 281 2569 Africae
320 2538 448 2581 gentes
490 2535 612 2571 facere
649 2534 805 2581 soleant,

138 2588 296 2638 indeque
322 2591 482 2638 factum,
524 2595 561 2627 ut
588 2596 711 2628 tantus
740 2604 806 2628 an-

141 2657 269 2682 norum
292 2659 465 2684 numerus
488 2648 681 2685 exstiterit.
737 2647 806 2685 At-

139 2713 212 2749 que
233 2702 435 2741 Heerenius
461 2717 609 2754 quoque
631 2704 652 2741 l.
673 2704 696 2742 l.
717 2717 803 2755 pag.

142 2758 238 2803 338,
267 2759 325 2795 vix
344 2760 400 2808 iis,
417 2774 513 2810 quae
530 2762 577 2799 de
591 2761 703 2811 longa
720 2762 806 2799 Ma-

141 2813 343 2851 crobiorum
372 2823 492 2855 aetate
522 2818 579 2856 hic
600 2823 808 2866 narrentur,

142 2870 253 2907 fidem
265 2871 428 2911 adhiberi
445 2887 556 2925 posse
572 2876 623 2913 ait
641 2888 722 2914 cum
738 2876 806 2913 mi-

864 786 943 810 rum
973 773 1137 823 profecto
1165 773 1234 819 sit,
1272 773 1309 809 in
1328 772 1434 810 terris
1459 774 1535 808 tam

865 830 991 867 calidis
1022 833 1134 879 atque
1157 829 1403 867 insalubribus
1432 829 1534 866 inve-

863 887 931 924 niri
953 886 1132 933 homines,
1163 887 1225 935 qui
1243 887 1291 923 ad
1310 891 1452 924 tantam
1474 898 1532 923 se-

863 948 1049 981 nectutem
1074 943 1301 994 perveniant.
1349 943 1532 993 Equidem

864 1001 955 1038 haee
978 1014 1021 1038 eo
1042 1001 1223 1050 pertinere
1246 1001 1393 1037 credam
1407 1028 1418 1046 ,
1457 1012 1532 1049 quo

863 1057 933 1095 alia
960 1057 1111 1103 similia,
1153 1070 1249 1107 quae
1279 1070 1323 1094 ex
1345 1057 1532 1106 primitivo

863 1114 1028 1162 gentium
1049 1126 1163 1159 aevo,
1206 1113 1436 1150 orientalium
1467 1126 1534 1163 po-

862 1171 1060 1217 tissimum,
1100 1171 1147 1207 de
1177 1170 1383 1207 hominibus
1421 1170 1533 1218 vulgo

861 1227 1057 1264 tradantur
1077 1227 1291 1276 longaevis,
1321 1230 1363 1264 ut
1383 1239 1415 1264 v.
1437 1241 1467 1264 c.
1487 1228 1535 1264 de

862 1284 985 1330 Indis,
1027 1284 1074 1321 de
1103 1284 1277 1331 Iudaeis,
1317 1283 1418 1330 aliis,
1456 1284 1531 1333 qua

863 1341 910 1378 de
935 1354 974 1378 re
996 1341 1045 1377 ad
1064 1341 1213 1378 Ctesiae
1234 1341 1339 1377 Indd.
1361 1339 1399 1391 ἓ.
1424 1342 1474 1382 16
1497 1353 1534 1391 p.

864 1399 946 1437 310
977 1410 1082 1446 seqq.
1114 1397 1222 1448 plura
1255 1398 1393 1434 notavi.
1454 1396 1536 1434 Nec

864 1454 934 1492 alio
973 1454 1064 1492 haee
1101 1455 1228 1492 referri
1255 1455 1362 1492 video
1390 1467 1412 1491 a
1442 1453 1537 1491 Bre-

864 1511 984 1549 dowio
1006 1511 1324 1560 (Untersuchung.
1345 1511 1436 1548 iiber
1457 1511 1536 1548 Ge-

864 1572 983 1617 genst.
1009 1570 1076 1605 der
1097 1568 1194 1606 alten
1215 1568 1436 1605 Geschichte
1457 1569 1536 1604 und

866 1625 1079 1676 Geograph.
1104 1639 1139 1676 p.
1159 1627 1212 1665 73
1236 1638 1342 1674 seqq.
1366 1626 1440 1673 93)
1460 1624 1535 1662 col-

864 1681 938 1719 lata
964 1695 1046 1719 eum
1071 1683 1299 1720 Graecorum
1325 1682 1535 1719 traditioni—

865 1739 932 1776 bus
957 1740 1004 1776 de
1027 1739 1136 1789 prisci
1160 1739 1240 1776 aevi
1261 1739 1460 1786 heroibus,
1494 1743 1533 1775 ut

862 1796 1068 1833 robustiore
1107 1800 1144 1833 et
1183 1795 1335 1833 celsiore
1377 1809 1533 1845 corpore

861 1852 1038 1903 praeditis
1070 1852 1121 1889 ita
1148 1853 1284 1889 diutius
1313 1852 1532 1899 viventibus,

862 1921 973 1958 quam
1012 1913 1163 1960 postera
1199 1914 1326 1947 aetate
1357 1909 1531 1947 mortales

860 1966 981 2004 vivere
1030 1965 1140 2015 vulgo
1197 1966 1329 2003 solent.
1422 1966 1532 2003 Adde

861 2036 1032 2072 quoque,
1070 2035 1167 2072 quae
1193 2024 1240 2061 de
1260 2022 1531 2072 Arganthonio,

865 2079 1138 2117 Tartessiorum
1158 2094 1260 2129 rege,
1282 2085 1535 2117 memorantur

861 2148 974 2186 supra
993 2136 1020 2184 l,
1044 2139 1137 2184 163,
1159 2137 1243 2184 alia,
1266 2149 1361 2187 quae
1380 2137 1532 2174 Luciani

861 2192 1002 2230 libellus
1030 2194 1299 2231 Macrobiorum
1344 2194 1421 2242 (T.
1447 2192 1533 2230 VIII

860 2263 896 2301 p.
923 2248 1003 2291 114
1025 2263 1128 2300 seqq.
1157 2252 1262 2302 Bip.)
1291 2251 1531 2302 suppeditare

861 2311 1000 2358 potest.

947 2418 1256 2472 ὖπερβαλλέειν]
1337 2422 1393 2458 Ita
1451 2434 1534 2458 cum

862 2477 1068 2527 Schweigh.
1121 2483 1159 2516 et
1207 2479 1325 2516 Gaisf.
1375 2478 1531 2515 exhibui.

862 2535 984 2583 Vulgo
1014 2530 1302 2587 ὑπερβάλλειν,
1343 2536 1443 2585 quod
1473 2548 1531 2573 re-

864 2593 976 2629 tinuit
994 2592 1125 2629 Matth.
1156 2592 1217 2630 Tu
1240 2593 1333 2629 conf.
1357 2593 1533 2644 συμβαλ-

863 2643 1080 2699 λεόμενος
1117 2654 1154 2687 et
1183 2650 1334 2696 similia,
1373 2651 1421 2687 de
1449 2650 1531 2698 qui-

865 2706 932 2743 bus
963 2706 1098 2743 consul.
1127 2711 1218 2743 nott.
1246 2707 1344 2754 adl,
1369 2708 1434 2746 68.
1464 2706 1528 2751 ΙΙΙ,

867 2760 930 2803 14.
956 2764 1020 2802 68.
1039 2765 1103 2802 76.
1123 2765 1215 2805 135.
1235 2785 1291 2791 —
1324 2763 1529 2812 Sequentia

861 2820 989 2868 attigit
1014 2820 1182 2859 Eustath.
1210 2822 1259 2858 ad
1279 2820 1433 2869 Dionys.
1455 2818 1526 2855 Pe-

863 2876 951 2925 rieg.
972 2878 1076 2918 218.

1537 637 1631 667 auro:
1651 639 1702 656 aes
1723 633 1812 659 raris-
