1946 3272
325 497 391 542 73

452 251 535 292 132

451 358 494 409 ἐς
532 358 694 414 χρόνον
732 358 849 402 ἔσται
862 373 871 381 ·

940 360 989 411 ὂς
1029 358 1075 404 δ’

451 428 772 472 διαδεικνύσθω
814 430 1007 474 ἐνθαῦτα
1051 430 1136 474 ἐών
1172 431 1397 485 πολέμιος·

846 251 1315 290 HERODOTI

1117 360 1171 404 ἂν
1210 357 1476 415 ἀντιβαίνειν
1511 361 1774 414 πειρᾶται,85

1458 431 1532 475 καὶ
1578 431 1722 474 ἔπειτα

451 495 668 580 ὠσάμενοι
711 501 814 551 ἔσω,
865 502 998 556 ἔργου
1036 499 1243 555 ἐχώμεθα.
1255 506 1282 524 “
1341 502 1466 558 Λέγει
1507 501 1720 557 Γωβρύης

450 568 554 624 μετὰ
594 573 751 611 ταῦτα·

809 568 1016 625 ,,”Ανδρες
1058 573 1206 625 φίλοι,
1254 570 1361 627 ἡμῖν
1400 588 1497 616 κοτε
1537 572 1721 614 κάλλιον

451 638 624 692 παρέξει
654 638 968 682 ανασιόσασθαι
1002 639 1080 696 τὴν
1112 639 1271 697 ἄρχην,
1312 642 1362 697 ἢ,
1404 645 1442 686 εἴ
1467 658 1513 699 γε
1543 660 1600 698 μη
1633 640 1721 685 οἶοί

450 725 493 752 τε
530 709 719 764 ἐσόμεθα
755 708 891 766 αὐτὴν
925 709 1203 766 ἀναλαβέειν,
1245 709 1533 762 ἄποθανέεινς
1577 713 1646 756 ὅτε
1674 707 1809 769 γεὲὶομ

450 778 675 835 ἀρχόμεθα
704 779 801 834 μὲν,
844 779 988 832 ἐόντες
1020 782 1204 836 Πέρσαι,

1249 781 1334 825 ὑπό
1367 783 1529 839 Μήδου
1560 782 1723 838 ἀνδρὸς

420 849 638 905 ΞΜοὲγου,
669 850 741 892 καὶ
769 849 927 895 τούτου
951 847 1039 895 ὦτα
1064 850 1146 895 οὐκ
1170 852 1354 907 ἔχοντος.
1400 853 1497 897 ὅσοι
1514 870 1557 897 τε
1577 853 1723 909 ὑμέων

451 919 669 976 Καμβύσῃ
700 921 897 965 νοσέοντι
925 924 1237 978 παρεγένοντο,
1268 924 1441 974 πάντως
1460 941 1542 967 κου
1567 924 1722 981 μέμνη-

454 995 534 1033 σθε
572 990 625 1032 τά
662 991 872 1049 ἐπέσκηψε
904 994 1101 1049 Πέρσῃσι
1139 997 1351 1037 τελευτῶν
1384 993 1461 1037 τὸν
1498 996 1622 1051 βίον,
1663 993 1721 1050 μὴ

397 1142 478 1166 cum
498 1130 687 1181 participio
706 1131 819 1168 multa
838 1134 886 1170 ad
907 1133 942 1170 h.
959 1132 982 1170 l.
1005 1136 1064 1170 at-

398 1185 483 1222 tulit
495 1185 643 1232 Valek.;
673 1189 778 1224 nobis
801 1188 972 1227 laudasse
987 1191 1062 1226 suf-

396 1242 495 1278 ficiat
516 1241 650 1282 Matth.
675 1245 741 1281 Gr.
764 1245 830 1282 Gr.
855 1244 892 1296 §.
919 1246 1013 1292 548,
1036 1246 1061 1287 5

394 1311 482 1348 pag·
514 1301 634 1339 1077.
663 1321 719 1328 —
747 1300 806 1337 Ad
841 1302 1062 1339 locutionem

397 1353 515 1461 ἔργον
545 1351 731 1407 ἐχώμεθα
765 1359 859 1395 conf.
891 1359 945 1406 ll,
984 1361 1057 1399 121

569 1467 682 1518 Cap.
722 1467 891 1507 LXXIII.

457 1520 556 1573 ἡμῖν
585 1538 674 1562 κοτε
697 1520 859 1564 κάλλιον
883 1524 1058 1577 παρέξει]

369 1563 372 1567 .
401 1578 497 1616 Cum
521 1579 728 1630 Schweigh.
760 1587 795 1619 et
817 1583 932 1619 Gaiss.
963 1584 1062 1620 edidi

399 1632 500 1687 ’ἡμῖν
527 1651 635 1684 κοτε,·
674 1637 784 1686 vulgo
812 1636 910 1688 ἡμῖν
933 1635 1060 1678 κότε.

401 1691 539 1728 Sensus
560 1694 655 1729 enim
680 1698 755 1730 est:
800 1693 955 1731 Nobisne
978 1697 1063 1746 pul-

401 1750 496 1784 crius
516 1761 671 1798 unquam
697 1752 776 1798 erit,
803 1753 984 1801 imperium
1008 1767 1064 1790 re-

399 1817 566 1854 cuperare
579 1828 636 1833 —
649 1819 752 1855 quam
772 1810 870 1845 mori.
901 1809 1062 1847 Verbum

398 1860 583 1911 παρέχειν
639 1863 933 1913 impersonaliter
988 1867 1062 1903 sre-

399 1918 569 1966 quentius
591 1920 690 1967 apud
712 1920 941 1957 Herodotum
960 1922 1062 1959 inve-

398 1974 507 2011 nitur.
557 1975 858 2021 Nid.111,142
909 1977 970 2024 IV,
997 1976 1060 2018 14.

400 2029 499 2076 wll
522 2031 558 2068 8.
588 2029 634 2076 V,
651 2031 704 2071 49
730 2032 855 2080 ibique
880 2033 1064 2084 interprtt.

399 2083 482 2122 Alia
511 2086 614 2122 dabit
640 2087 841 2137 Schweigh.
869 2088 960 2128 Lex
984 2090 1063 2127 He-

398 2142 518 2178 rodot.
537 2154 564 2179 s.
587 2155 618 2179 V.

458 2193 523 2236 ὅτε
553 2212 595 2249 γε
633 2194 864 2250 αρχόμεθα]
923 2196 985 2240 ότε
1019 2215 1062 2252 γε

399 2254 486 2303 (pro
508 2250 571 2292 ὅτε
593 2252 686 2306 γάρ)
703 2269 782 2294 cum
804 2261 955 2294 recenti.
977 2259 1062 2295 edd.

400 2310 625 2347 exhibuimus
645 2341 656 2358 ,
723 2313 860 2350 dudum
915 2314 1062 2352 iubente

398 2365 573 2402 Valcken.
604 2369 651 2404 ad
674 2368 839 2418 Euripid.
872 2369 1061 2407 Phoeniss.

397 2433 435 2470 p.
458 2423 551 2461 209.
591 2422 647 2458 Ad
681 2431 934 2473 argumentum
965 2428 1061 2463 conf.

397 2476 461 2523 lll,
485 2479 548 2517 61.
570 2480 623 2518 65
645 2480 731 2528 ibiq.
760 2487 852 2517 nott.
891 2481 945 2518 Ex
965 2483 1062 2519 hisce

399 2534 496 2570 enim
522 2532 713 2572 Persarum
741 2537 1062 2575 deliberationibus

398 2600 441 2626 ac
472 2590 697 2627 sermonibus
724 2593 812 2628 satis
841 2593 881 2629 fit
908 2595 1061 2632 manife-

399 2648 507 2691 stum,
538 2644 682 2692 Persas,
713 2661 821 2696 mago
842 2650 889 2685 ad
910 2662 1061 2697 reguum

399 2706 546 2748 evecto,
586 2702 738 2751 imperio
754 2705 914 2753 privatos
935 2718 974 2741 se
991 2719 1061 2755 pu-

400 2760 516 2803 tasse,
563 2771 676 2807 regno
710 2760 880 2796 devoluto
907 2761 953 2796 ad
983 2774 1061 2808 eos,

399 2813 461 2861 qui
495 2818 688 2863 antequam
713 2815 830 2863 Cyrus
854 2817 1060 2865 Persaeque

397 2881 515 2906 rerum
543 2872 654 2921 potiti
685 2877 829 2919 essent,
869 2873 1059 2922 imperium

1119 1132 1372 1170 obtinuissent.
1414 1132 1512 1169 Hinc
1530 1133 1665 1171 Persae
1685 1145 1784 1171 sem-

1119 1203 1185 1241 per
1206 1191 1252 1227 de
1281 1190 1517 1239 recuperando
1545 1190 1697 1240 imperio
1725 1188 1781 1224 lo-

1120 1251 1300 1295 quuntur,
1341 1247 1452 1294 idque
1479 1247 1595 1295 ipsum
1618 1245 1780 1295 inprimis

1121 1306 1256 1351 agunt,
1295 1303 1476 1350 Cambyse
1499 1303 1578 1351 ipso
1603 1302 1781 1338 moriente

1120 1358 1342 1408 principibus
1372 1359 1561 1395 Persarum
1603 1358 1783 1394 adstanti-

1121 1415 1188 1451 bus
1209 1414 1297 1450 talia
1315 1415 1572 1464 praecipiente.

1175 1467 1222 1508 τοὶ
1243 1468 1458 1520 ἐπέσκηψε]
1489 1470 1654 1520 Respicit
1672 1481 1782 1520 supra

1119 1527 1216 1563 dicta
1240 1526 1302 1572 lll,
1324 1526 1375 1566 65
1391 1555 1401 1573 ,
1436 1527 1498 1563 ubi
1526 1523 1782 1577 ἐπισκήπτειν

1117 1582 1216 1620 valet
1236 1584 1441 1631 iniungere,
1478 1583 1668 1628 nmndare,
1700 1595 1781 1619 cum

1120 1639 1190 1676 hoc
1210 1639 1245 1675 in
1261 1639 1340 1676 loco
1362 1640 1598 1676 cmmm‘namli'
1617 1638 1722 1676 simul
1742 1642 1782 1676 et

1120 1697 1341 1745 imprecandi
1371 1698 1555 1733 notionem
1579 1696 1782 1732 adsciscere

1120 1753 1300 1797 videatur,
1331 1758 1502 1789 monente
1521 1752 1725 1800 Schweigh.
1743 1752 1781 1788 in

1118 1807 1207 1845 Lex.
1236 1809 1377 1845 Herod.
1410 1822 1438 1845 s.
1459 1822 1506 1854 ππ,
1534 1809 1595 1845 ubi
1618 1807 1782 1856 Hesych.

1119 1861 1369 1915 ἐπισκήπτω·
1425 1863 1632 1914 ἒπαρῶμαι
1648 1895 1658 1909 ,
1710 1864 1779 1900 nisi

1117 1922 1264 1970 potius,
1306 1921 1436 1958 eodem
1469 1920 1670 1969 Schweigh.
1701 1933 1782 1956 mo-

1118 1982 1250 2023 nente,
1281 1977 1517 2024 obiurgandi,
1551 2005 1579 2014 „.
1599 1975 1782 2026 reprelien-

1119 2033 1228 2069 ‹lemli
1259 2033 1565 2081 significationem
1599 2045 1782 2070 assumse-

1118 2090 1176 2125 rit.
1230 2089 1302 2126 Ubi
1325 2090 1370 2125 ab
1390 2089 1576 2139 Hesychio
1606 2094 1641 2127 et
1665 2088 1782 2126 Suida

1120 2146 1313 2195 exponitur
1331 2144 1536 2195 ἐπιτιμᾶν,
1567 2143 1781 2195 ἐπιμέμφε-

1121 2205 1229 2239 σθαι.
1262 2225 1312 2231 -
1360 2202 1398 2238 ln
1438 2202 1509 2239 fine
1540 2214 1619 2252 cap.
1651 2201 1782 2239 retinui

1119 2271 1199 2295 cum
1217 2258 1346 2295 Matth.
1362 2257 1555 2295 lectionem
1573 2257 1780 2306 vulgatam:

1119 2314 1184 2352 καὶ
1205 2311 1259 2364 μή
1284 2310 1520 2353 διαλύεσθαι
1539 2314 1580 2353 ἐκ
1598 2316 1671 2352 τοῦ
1692 2316 1780 2352 συλ-

1119 2367 1236 2421 λόγου
1267 2371 1384 2409 τοῦδε
1415 2368 1559 2409 ἄλλοθι
1586 2367 1720 2415 ἰόντας
1751 2365 1781 2419 ἢ

1119 2426 1182 2465 ἐπὶ
1193 2424 1262 2465 τὸν
1280 2423 1430 2478 ssIa'yov
1442 2425 1576 2473 ἰθέως,
1592 2427 1651 2463 ubi
1663 2425 1779 2462 Gaisf.

1119 2497 1139 2520 e
1171 2484 1355 2520 Sancrosti
1389 2482 1478 2519 libro
1509 2488 1544 2520 et
1572 2481 1778 2518 vindobon.

1120 2539 1254 2576 edidit:
1293 2538 1357 2576 καὶ
1381 2535 1436 2587 μή
1459 2539 1492 2576 ὃ.
1513 2537 1554 2577 ε’ν,
1575 2553 1606 2576 τ.
1638 2533 1778 2575 συλλό-

1119 2590 1321 2645 γου,α’λλ’
1345 2590 1519 2638 ἰόντας
1543 2593 1606 2633 ε’πὶ
1628 2590 1694 2632 τὸν
1717 2595 1779 2631 Μ.

1122 2651 1194 2695 ist,
1223 2664 1319 2698 quae
1341 2651 1519 2699 scriptura
1541 2664 1584 2688 eo
1606 2649 1779 2700 probabi-

1117 2706 1184 2743 lior
1215 2706 1559 2753 Schweighaeusero
1604 2711 1659 2742 est
1689 2706 1780 2752 visa,

1118 2776 1190 2810 quo
1213 2763 1327 2798 miuus
1346 2763 1535 2798 commode
1559 2759 1700 2800 ἄλλοθι
1722 2761 1780 2798 hie

1117 2824 1296 2867 ponatur,
1336 2819 1394 2853 nbi
1417 2816 1558 2856 ἄλλοσε
1588 2823 1650 2855 aut
1681 2815 1778 2871 ι’ίλλῃ

1117 2873 1385 2923 requirebatur.
1443 2876 1519 2912 Sed
1548 2875 1585 2912 in
1614 2874 1680 2911 hac
1699 2875 1781 2925 ipsa
