1863 3256
498 105 1069 149 MELPOMENE.

1131 106 1188 144 lV.
1395 110 1481 150 343

202 218 468 275 ποιεύμενον
495 216 762 273 προσφερές·
801 215 877 267 τὰς
898 215 1108 270 Θρηϊκίας
1137 213 1212 256 καὶ
1240 213 1317 264 τας
1342 218 1476 258 Παιο-

202 292 327 340 νίδας
361 294 595 345 γυναῖκας,
638 285 772 330 ἐπεάν
800 284 948 329 θύωσι
984 289 1037 342 τῇ
1066 283 1279 339 Ἀρτέμιδι
1308 288 1361 340 τῇ
1393 288 1533 327 Boc-90

200 363 367 417 σιληΐῃ,
412 359 495 404 οὐκ
535 359 640 403 ἄνευ
669 362 824 414 πυρῶν
853 356 1046 414 καλάμης
1075 355 1277 406 θυούσας
1306 354 1359 397 τὰ
1389 354 1474 408 ἱρά.

2 451 3 459 ’
71 437 137 481 34
195 433 270 476 καὶ
298 434 434 474 ταῦτα
474 432 553 487 μὲν
591 430 644 487 δὴ
681 428 779 474 οἶδα
808 428 971 480 ταύτας
1000 426 1220 479 ποιεύσας.

199 501 461 556 παρθένοισι
490 501 676 559 ταύτῃσι
703 505 803 557 τῇσι
831 500 874 553 ἐξ
899 498 1200 556 Ὑπερβορέων
1220 494 1472 553 τελευτησά-
1534 527 1546 544 r

141 660 256 697 verbo
283 652 544 708 ἐπισκήπτειν
578 656 636 694 hic
662 657 807 706 signifi-

141 720 225 753 cet:
257 717 391 752 instare
413 714 587 760 iubendo,
618 727 648 750 s.
669 716 805 751 instan-

141 777 218 818 ter,
257 785 394 822 operose
414 772 529 808 iubere
554 771 807 821 mandatoque.

138 829 200 867 Tu
219 830 315 866 conf.
336 829 444 866 etiam
466 833 558 865 nott.
581 828 628 864 ad
651 828 714 875 Ill,
740 829 806 869 73.

194 882 266 932 τοὶς
289 885 484 937 Θρηϊκίας
502 883 568 923 καὶ
589 881 659 931 trig-
682 887 808 924 Παιο-

139 943 253 988 νίδας
270 941 477 993 γυναῖκας]
495 944 687 992 Θρηϊκίας
699 954 807 992 prae-

139 1000 252 1037 bebat
262 999 497 1036 Florentinus
514 999 603 1036 liber
616 1012 696 1036 cum
713 1000 807 1036 duo·

139 1057 207 1094 bus
228 1056 318 1094 aliis.
350 1055 470 1104 Vulgo
493 1052 700 1108 Θρῄσσας,
730 1056 806 1093 sive

141 1108 341 1165 Θρήσσας.
369 1134 415 1139 -
446 1111 604 1149 Paeones
626 1112 721 1148 infra
743 1112 806 1158 lv,

138 1170 192 1211 49
229 1168 371 1207 Noster
413 1173 519 1206 vocat
560 1169 599 1205 in
638 1169 805 1216 regione,

138 1239 237 1277 quae
253 1225 454 1263 hodiernae
475 1226 628 1264 Serviae
648 1238 677 1262 s.
697 1224 804 1262 Moe-

138 1284 216 1321 siae
237 1283 415 1332 superiori
434 1282 580 1320 videtur
606 1294 804 1319 accensen-

137 1341 197 1377 da.
228 1339 380 1388 Colligit
398 1352 485 1377 vero
506 1339 801 1388 Creuzer.Sym-

138 1396 213 1434 bol.
237 1396 271 1433 Il
290 1409 327 1446 p.
350 1397 431 1437 129
450 1409 495 1433 ex
513 1396 697 1433 Herodoti
716 1407 802 1433 nar-

137 1454 303 1500 ratione,
343 1465 411 1503 per
433 1453 623 1490 Thraciam
652 1465 802 1502 quoque

138 1511 225 1548 olim
272 1509 431 1559 viguisse
467 1510 658 1559 antiquum
702 1509 800 1546 illum

137 1567 238 1604 Solis
256 1565 461 1616 Lunaeque
483 1566 616 1603 cultum
644 1579 802 1616 eumque

137 1624 345 1676 puriorem,
385 1624 441 1660 cui
469 1636 554 1660 mox
577 1624 703 1660 rudior
721 1636 802 1660 suc-

139 1681 292 1719 cesserit
306 1680 571 1729 agrestiorque.
602 1681 701 1724 Quin
719 1679 802 1728 alia,

139 1751 236 1788 quae
258 1737 357 1775 idem
380 1736 526 1784 attulit,
564 1738 726 1774 indicare
749 1738 803 1774 vi-

137 1795 288 1840 dentur,
318 1793 514 1831 Thraciam
535 1795 656 1844 prisco
672 1795 802 1831 admo-

137 1852 226 1889 dum
249 1864 341 1889 aevo
365 1850 540 1900 Apollinis
572 1863 678 1888 sacra
701 1863 802 1888 rece-

137 1908 239 1960 pisse
287 1907 508 1957 ulteriusque
559 1920 801 1958 propagasse.

135 1965 236 2003 Hinc
255 1964 438 2011 Dianam,
468 1977 578 2014 quam
601 1969 709 2002 vocat
727 1963 802 2001 Re-

134 2024 261 2071 giam,
301 2022 400 2059 haud
416 2021 523 2059 aliam
543 2034 624 2059 esse
642 2021 802 2069 credam,

138 2092 249 2129 quam
269 2091 365 2129 quae
391 2077 531 2115 Bendis
555 2091 578 2116 a
595 2078 802 2116 Thracibus

138 2136 207 2174 sua
224 2136 351 2186 lingua
372 2139 504 2173 vocata
533 2135 701 2185 cultaque
723 2136 803 2173 sue-

136 2194 205 2241 rit,
244 2197 341 2231 teste
362 2192 519 2230 Timaeo
545 2194 583 2230 in
602 2192 693 2230 Lex.
713 2191 802 2230 Pla-

134 2254 212 2287 ton.
232 2263 270 2301 p.
292 2253 368 2296 62,
403 2249 466 2287 ubi
498 2250 571 2287 vid.
601 2249 800 2287 Ruhnken.

140 2306 208 2344 Cr.
241 2307 386 2345 confert
408 2307 557 2345 Pindar.
594 2306 716 2344 Schol.
754 2306 802 2343 ad

139 2363 284 2414 Olymp.
303 2363 370 2410 111,
388 2363 457 2405 46.

196 2416 380 2468 θυούσας
400 2417 448 2460 τοὶ
472 2415 554 2471 ἱρά]
578 2419 651 2457 Pro
671 2414 803 2459 θυού-

143 2486 215 2523 σας
236 2477 381 2527 plurimi
397 2478 477 2515 libri
495 2472 678 2528 ἐχούσας,
703 2476 804 2526 quod

143 2547 188 2572 ex
217 2531 409 2584 ἕρδούσας
435 2536 620 2573 detortum
646 2534 801 2571 videba-

142 2595 202 2627 tur
226 2590 372 2629 Eldikio
390 2592 502 2642 Susp.
523 2593 632 2643 Spec.
653 2605 690 2642 p.
704 2593 755 2632 16
767 2594 803 2628 et

142 2647 338 2685 Larchero.
386 2649 526 2686 Contra
562 2644 746 2695 θνούσας
783 2660 805 2685 e

144 2704 279 2742 scholio
320 2704 413 2742 male
448 2705 629 2743 invectum
661 2705 804 2743 videtur

143 2761 517 2810 Schwe³ghaeusero‚
555 2763 618 2812 qui
641 2763 721 2814 ipse
744 2775 805 2800 re·

864 658 970 694 tinuit
992 652 1169 707 ἐχούσας,
1200 656 1331 693 eodem
1351 654 1428 692 fere
1446 665 1531 691 sen-

865 727 921 760 su,
943 728 1018 763 quo
1041 708 1267 764 φερούσαςε
1300 725 1404 749 sacra
1422 723 1532 747 manu

866 775 1019 808 tenentes
1052 774 1084 807 et
1114 772 1153 807 in
1179 783 1308 820 pompa
1337 771 1530 818 gestantes.

864 828 914 865 At
936 841 1049 878 supra
1068 828 1103 874 1,
1137 826 1189 866 59
1214 828 1291 863 init.
1330 821 1398 864 θύ
1413 838 1531 865 σαν-

864 899 949 931 τος
974 882 1049 938 γάρ
1074 878 1201 923 αὐτοῦ
1227 880 1285 922 ἰα’
1312 882 1358 935 ἵρ
1372 878 1410 921 οἷ.

1038 974 1153 1025 Cap.
1184 973 1361 1011 xxxiv.

906 1055 1006 1109 Τῇσι
1023 1050 1066 1092 δὲ
1081 1050 1322 1103 παρθένοισι
1339 1048 1523 1105 ταύτῃσι]

862 1111 884 1148 i.
900 1124 931 1149 e.
955 1113 994 1147 in
1012 1111 1174 1147 honorem
1192 1122 1316 1146 earum
1332 1110 1527 1157 virginum,

862 1180 952 1217 quae
968 1180 1012 1204 ex
1024 1167 1329 1217 Hyperboreorum
1348 1166 1446 1202 terrd
1460 1166 1526 1203 ad-

859 1228 1000 1270 vectae,
1053 1223 1141 1259 Delz‘
1176 1223 1300 1260 obiisse
1341 1223 1527 1270 dicuntur,

860 1283 931 1319 sibi
950 1284 1056 1331 caput
1079 1279 1224 1317 tondent
1246 1280 1392 1330 puellae
1417 1292 1527 1329 aeque

861 1352 904 1376 ac
921 1339 1027 1389 pueri
1043 1337 1272 1374 Deliorum.“
1329 1337 1390 1375 De
1409 1337 1525 1374 dativi

860 1396 1002 1433 ratione
1031 1394 1201 1445 exposuit
1217 1393 1348 1431 Matth.
1372 1394 1440 1431 Gr.
1457 1393 1524 1430 Gr.

859 1450 899 1504 ἓ.
923 1453 1028 1500 394,
1058 1455 1097 1492 2.
1157 1451 1198 1488 In
1216 1452 1298 1502 ipsa
1317 1450 1526 1488 narratione

859 1509 1058 1547 Herodoto
1095 1509 1266 1546 convenit
1296 1521 1378 1545 cum
1407 1507 1524 1545 Calli-

861 1566 990 1604 macho
1020 1566 1056 1602 in
1076 1565 1157 1603 Del.
1178 1567 1282 1611 292,
1321 1565 1392 1602 nisi
1423 1565 1524 1614 quod

860 1624 960 1661 hicce
996 1623 1115 1659 omnia
1153 1623 1225 1659 ista
1261 1622 1310 1659 ad
1344 1621 1523 1658 honorem

861 1681 974 1730 Opis,
1004 1680 1225 1728 Hecaergae
1255 1683 1291 1716 et
1313 1678 1440 1715 Loxus
1466 1691 1524 1715 re-

859 1738 952 1783 fert,
976 1749 1049 1773 non
1071 1735 1174 1773 aliter
1194 1740 1306 1784 atque
1320 1735 1524 1772 Pausanias

858 1794 888 1841 I,
909 1795 979 1841 43,
1003 1793 1041 1834 4.
1087 1793 1306 1829 Cincinnum
1329 1792 1425 1829 hunc
1443 1792 1523 1829 fuse

857 1850 1179 1895 circumvolutum,
1215 1862 1326 1898 quem
1360 1848 1522 1898 virgines

858 1907 1032 1946 Deliacae
1055 1911 1141 1943 aute
1166 1907 1314 1956 nuptias
1334 1905 1372 1942 in
1398 1904 1523 1956 sepul-

859 1977 922 2002 cro
969 1964 1163 2014 deponant
1178 1991 1190 2010 ‚
1246 1963 1296 2000 ad
1336 1961 1522 2012 Ilithyiam

858 2025 1048 2072 spectasse
1068 2024 1194 2058 censet
1215 2020 1390 2057 Creuzer.
1413 2020 1523 2068 Sym-

860 2078 934 2115 bol.
953 2078 987 2115 11
1018 2091 1053 2129 p.
1081 2079 1181 2123 1183
1227 2089 1322 2125 quae
1344 2076 1416 2114 dea
1439 2088 1520 2113 cum

861 2132 1017 2181 εὔλινος
1034 2135 1176 2171 dicatur
1184 2146 1227 2170 ac
1237 2137 1401 2170 texturae
1412 2145 1522 2183 prae-

859 2193 918 2240 sit,
949 2196 986 2229 et
1007 2192 1088 2241 ipsa
1108 2191 1173 2227 fati
1192 2190 1341 2227 domina
1358 2203 1401 2227 ac
1417 2189 1522 2240 prin-

859 2261 945 2300 ceps
968 2248 1194 2297 significatur
1209 2247 1404 2285 tesseraria
1426 2259 1520 2296 qua-

859 2307 945 2344 dam
991 2305 1134 2342 ratione
1148 2332 1160 2351 ,
1215 2304 1263 2341 de
1305 2316 1380 2353 qua
1415 2303 1522 2354 plura

859 2364 1034 2401 Creuzer.
1052 2360 1073 2398 l.
1094 2361 1118 2398 l.
1138 2361 1313 2399 Larcher.
1330 2360 1441 2397 ritum
1462 2372 1524 2397 ca-

860 2424 928 2471 put
955 2418 1136 2456 tondendi
1159 2419 1211 2455 ad
1230 2417 1367 2455 luctum
1395 2418 1522 2463 refert,

860 2480 1088 2515 mortuarum
1117 2475 1301 2524 virginum
1332 2475 1372 2511 in
1403 2474 1523 2510 hono-

857 2546 935 2572 rem
946 2533 1152 2570 institutum
1169 2536 1209 2570 et
1225 2535 1406 2583 perpetua
1421 2531 1523 2568 dein-

859 2604 948 2641 ceps
997 2590 1175 2628 memoria
1221 2587 1522 2626 consecrandum.

861 2648 963 2692 Quin
1005 2647 1107 2697 apud
1143 2645 1373 2684 Troezenios
1410 2641 1524 2680 simile

862 2704 952 2754 quid
969 2704 1172 2741 obtinuisse
1195 2702 1322 2748 addit,
1354 2698 1523 2749 Euripid.

863 2760 1017 2812 Hippol.
1042 2759 1149 2801 1436
1178 2762 1312 2797 testem
1342 2757 1456 2794 citans
1481 2767 1524 2792 ac

1285 429 1397 483 Τῇσι
1428 424 1474 468 δὲ
1532 460 1548 477 c
