1863 3256
438 235 1006 278 MELPOMENE.
1064 238 1125 278 iv.
1326 246 1410 284 σος,

145 359 279 392 ποισι.
338 350 382 392 οἱ
416 348 501 404 γὰρ
547 346 858 403 Τρωγλοδύται
887 347 1096 396 Αἰθίοπες
1133 344 1271 397 πόδας
1301 350 1468 405 τάχι-Θο

147 432 241 463 στοι
281 419 528 474 ἀνθρώπων
567 420 744 463 πάντων
781 418 885 468 εἰσὶ,
925 421 1013 460 τῶν
1051 415 1171 473 ἡμεῖς
1210 418 1311 471 πέρι
1345 421 1413 463 λό-

117 496 256 545 6γους
306 490 668 547 ἀποφερομένους
717 488 954 543 ἀκούομεν.
1024 488 1238 531 σιτέονται
1284 488 1329 531 δὲ
1369 493 1412 533 οἱ

149 562 459 618 Τρωγλοδύται
507 564 608 618 ὄφις
654 561 727 604 καὶ
779 559 966 613 σαύρας,
1015 559 1089 601 καὶ
1134 558 1186 601 τὰ
1231 563 1413 602 τοιαῦτα

145 637 234 675 τῶν
278 632 478 686 ἑρπετῶν.
543 635 745 687 γλῶσσαν
793 631 839 674 δὲ
889 627 1074 686 οὐδεμιῇ
1128 628 1233 685 ἄλλῃ
1283 646 1417 684 παρο-

145 701 275 755 μοίην
310 704 585 759 νενομίκασι,
622 701 731 746 ἄλλα
771 703 1008 757 τετρίγασι,
1048 699 1238 756 κατάπερ
1271 703 1316 744 αῖ
1342 718 1418 745 νυ-

142 772 344 825 πτερίδες.

13 884 19 922 1'
67 888 98 932 4
258 882 360 929 Ἀπὸ
391 886 438 930 δὲ
457 886 763 943 Γαραμάντων
799 884 861 930 δι’
893 885 1060 929 ἀλλέων
1088 885 1192 929 δέκα
1213 886 1648 952 ἡμερέων95ῐΛῑτεηῐοῆε
1678 895 1729 922 ho-

1489 936 1535 953 um
1555 929 1663 955 nemini
1685 930 1746 955 mn·-

144 953 279 1008 ὁδοῦ,
311 956 441 1009 ἄλλος
471 956 574 1008 ἁλός
603 974 646 1001 τε
675 956 894 1011 κολωνός,
925 957 998 1000 καὶ
1027 956 1168 1011 ὕδωρ·
1227 960 1301 1002 καὶ
1332 958 1411 1002 ἄν-
1469 964 1746 1023 Ἶκζζῖῃθηῐζῐζῃῖὲῗῐφ

141 1031 318 1082 θρωποι
363 1029 461 1086 περὶ
511 1029 647 1073 αὐτὸν
685 1029 906 1083 οἰκέουσι,
952 1033 1065 1072 τοῖσι
1108 1027 1280 1084 οὔνομά
1319 1029 1409 1074 ἐστι
1464 1032 1746 1099 ῗζξξζζῗῐῑξζῆίῶξζ

18 1261 21 1278 1
85 1237 162 1261 rum
189 1237 294 1262 usum
318 1225 469 1274 attinet,
496 1227 541 1264 cf.
570 1227 640 1276 IV,
671 1228 751 1268 193

19 1282 22 1315 ἓ
89 1280 171 1318 coll.
205 1284 283 1322 170
321 1283 462 1332 (ibique
493 1283 619 1332 nott).
659 1287 749 1325 189.

18 1336 23 1364 ’τ
87 1337 157 1374 His
185 1338 277 1375 enim
299 1343 438 1376 mature
459 1353 607 1389 operam
627 1341 751 1377 dedis-

88 1406 129 1431 se
156 1395 323 1431 videntur
348 1395 490 1444 Libyae
521 1399 750 1446 septentrio-

86 1449 179 1487 nalis
211 1456 360 1499 gentes,
393 1465 489 1501 quae
508 1453 566 1489 vel
584 1453 748 1489 Cartha-

86 1507 270 1555 ginienses
313 1513 533 1545 armatorum
580 1523 749 1547 curruum

22 1570 24 1579 ’
87 1564 311 1601 edocuerunt
332 1578 448 1610 usum,
478 1565 547 1601 nisi
571 1566 606 1602 hi
626 1567 748 1616 potius

87 1632 109 1656 a
140 1620 382 1657 Phoenicibus
412 1621 501 1658 talia
530 1623 746 1670 acceperint.

22 1698 26 1712 0
85 1676 171 1712 Vid.
204 1677 363 1714 Heeren.
389 1677 411 1714 l.
440 1677 462 1714 l.
491 1691 528 1727 p.
557 1678 638 1718 265
668 1679 745 1716 coll.

24 1729 25 1735 ’
85 1731 256 1770 νῦΙεΙςετ.
285 1733 400 1784 Iapet.
438 1747 524 1785 pag.
558 1737 640 1776 220
671 1740 747 1772 not.

24 1802 27 1809 ’
86 1791 182 1830 278.
239 1790 336 1833 Quin
367 1791 465 1840 ipsos
493 1792 590 1840 apud
622 1791 746 1841 Aegy-

85 1846 180 1896 ptios
201 1859 323 1883 currus
339 1846 467 1884 bellico
482 1848 561 1884 usui
573 1848 747 1885 destinati

85 1903 335 1952 reperiuntur,
380 1903 484 1952 bigae
517 1903 746 1954 plerumque,

84 1959 201 1995 rarius
242 1960 463 2009 quadrigae,
515 1973 610 2009 quae
646 1963 746 2011 apud

85 2014 288 2053 Homerum
315 2030 461 2066 quoque
487 2017 601 2053 rarius
621 2030 746 2054 occur-

86 2075 182 2108 runt.
237 2072 299 2109 Tu
328 2073 412 2110 vide
437 2074 585 2123 copiose
616 2074 663 2111 de
689 2074 744 2111 his

87 2133 330 2177 exponentem
356 2128 528 2166 Minutoli
549 2129 744 2168 Abhandll.

86 2183 304 2222 Vermischt.
327 2185 461 2222 lnhalts
481 2185 525 2232 ll,
557 2187 576 2224 1
605 2200 642 2236 p.
667 2189 745 2227 129

87 2251 192 2290 seqq.
230 2243 321 2281 139.
351 2255 429 2291 seq.
487 2242 747 2292 Schulzeitung

89 2299 197 2339 1832
228 2310 282 2334 nr.
302 2301 352 2339 19
380 2312 416 2349 p.
442 2300 522 2339 150
550 2304 627 2336 not.
656 2303 747 2341 116.

141 2383 223 2420 τοῖν
243 2380 358 2432 ἡμεῖς
377 2379 468 2433 πέρι
488 2378 633 2435 λόγους
647 2377 747 2422 α’πο-

87 2436 336 2488 φερομὲνους
377 2435 601 2490 α’κούομεν]
649 2440 672 2479 ἰ.
713 2453 744 2477 e.

87 2493 130 2529 de
163 2496 285 2543 quibus
307 2509 370 2532 nos
396 2497 562 2533 audimus
581 2509 746 2533 sermones

87 2549 239 2597 relatos,
270 2565 298 2588 s.
329 2565 473 2602 quorum
499 2553 547 2590 ad
566 2553 747 2603 nosfama

82 2609 249 2656 pervenit.
288 2608 330 2644 In
356 2621 460 2659 seqq.
487 2605 640 2657 σαύρας
665 2623 746 2647 cum

87 2663 205 2699 Gaisf.
218 2663 362 2710 retinui,
372 2667 564 2704 addicente
577 2666 745 2707 Eustath.

74 2720 133 2755 -ad
145 2719 240 2756 Dion
245 2731 296 2767 γε.
309 2720 449 2769 Perieg.
466 2724 484 2761 1
493 2724 558 2763 80.
577 2723 746 2772 Schwgh.

35 2757 40 2819 l
85 2787 108 2812 e
140 2774 322 2811 nonnullis
356 2775 454 2819 libris
478 2779 622 2815 refinxit
650 2777 746 2817 σαύ-

808 1224 995 1265 Weichert
1013 1224 1071 1263 De
1089 1223 1226 1263 Laevio
1248 1224 1352 1264 Poet.
1381 1224 1418 1278 ἓ.
1442 1228 1469 1268 8

809 1283 948 1333 (Poett.
981 1281 1082 1319 Latt.
1102 1282 1250 1332 Reliqq.
1271 1296 1356 1333 pag.
1381 1283 1469 1332 52),

806 1340 869 1376 ubi
888 1340 974 1376 citat
985 1338 1181 1387 Kiessling.
1206 1340 1254 1375 ad
1266 1340 1467 1377 Theocritt.

805 1395 907 1444 Idyll.
927 1395 981 1440 11,
1014 1395 1067 1435 58
1086 1408 1170 1444 pag.
1192 1396 1258 1435 80.
1290 1396 1352 1433 Tu
1372 1396 1468 1434 conf.

804 1457 895 1489 nott.
919 1451 967 1488 ad
985 1451 1125 1488 Herod.
1147 1451 1215 1499 lv,
1250 1454 1346 1492 192.

861 1538 1044 1589 γλῶσσαν
1064 1533 1105 1574 δὲ
1126 1532 1292 1590 ου’δεμιῇ
1313 1533 1411 1592 ἄλλῃ
1429 1553 1466 1576 κ.

804 1608 837 1632 τ.
856 1593 911 1644 λ.]
952 1594 1057 1630 Facit
1086 1593 1154 1629 huc
1176 1594 1297 1631 Melae
1315 1594 1413 1631 locus
1434 1595 1465 1642 I,

805 1652 844 1696 8,
866 1649 937 1691 45:
969 1649 1270 1698 ‚,Troglodytae‚
1290 1650 1468 1688 nullarum

805 1719 915 1756 opum
959 1707 1116 1751 domini,
1155 1707 1308 1742 ,strident
1349 1708 1466 1755 magis

804 1776 914 1812 quam
954 1764 1171 1811 loquuntur,
1212 1776 1343 1813 specus
1380 1765 1465 1800 sul)-

804 1824 913 1865 eunt,
942 1819 1160 1867 alunturque
1193 1821 1465 1869 serpentibus.“

804 1876 879 1913 Ubi
899 1876 959 1913 Tu
987 1877 1110 1912 confer
1128 1877 1176 1912 sis
1195 1876 1410 1914 Tzschucke
1428 1878 1466 1913 in

803 1937 893 1969 nott.
905 1945 1033 1981 exegg.
1050 1946 1085 1983 p.
1098 1934 1191 1972 228.
1226 1932 1302 1968 Vol.
1318 1933 1369 1969 ΙΙΙ
1386 1933 1423 1969 Ρ.
1436 1933 1464 1970 Ι.

802 1989 856 2026 Ac
872 1989 1008 2025 Plinius
1040 2002 1186 2038 quoque
1205 1989 1252 2025 H.
1275 1988 1324 2026 N.
1353 1990 1407 2036 V,
1438 1991 1465 2029 8

803 2045 1044 2094 Troglodytis
1097 2046 1276 2082 stridorem
1325 2047 1463 2093 tribuit,

802 2114 876 2138 non
898 2115 1046 2148 vocem3
1078 2103 1138 2139 ubi
1155 2102 1197 2139 L.
1212 2103 1357 2139 Marcus
1376 2116 1461 2153 pag.

805 2162 886 2200 190
911 2158 1041 2195 Arabis
1072 2160 1207 2195 dictum
1238 2159 1361 2207 affert,
1392 2159 1462 2195 lin-

803 2227 913 2264 guam
940 2215 1123 2252 hominum
1150 2217 1181 2252 F
1184 2215 1315 2252 ellatah
1344 2228 1463 2265 aeque

803 2278 918 2320 atque
952 2271 1152 2320 Anglorum
1195 2272 1345 2310 similem
1382 2285 1464 2310 esse

804 2329 922 2364 avium
935 2329 1089 2364 stridori.
1120 2328 1201 2365 Nec
1212 2328 1315 2366 aliter
1327 2327 1464 2377 Nigro-

803 2397 883 2421 rum
903 2385 1053 2421 istorum
1073 2384 1231 2432 linguam
1251 2386 1368 2422 avium
1382 2386 1464 2421 stri-

803 2441 883 2477 dori
916 2441 1066 2479 similem
1095 2441 1171 2477 aliis
1202 2442 1314 2478 visam
1347 2446 1383 2479 et
1408 2443 1464 2478 di-

803 2502 896 2535 ctam
925 2510 1004 2535 esse
1025 2511 1068 2535 ex
1086 2498 1350 2535 Hornemannii
1372 2498 1463 2536 Dia-

803 2554 856 2590 rio
879 2558 1003 2590 enotat
1020 2554 1179 2592 Heeren.
1203 2555 1257 2591 ld.
1282 2556 1338 2601 ΙΙ,
1381 2558 1399 2594 1
1425 2568 1461 2603 p.

802 2612 896 2651 232.
957 2610 1016 2647 Ad
1047 2611 1279 2661 νενομίκασι
1310 2611 1405 2647 conf.
1437 2610 1464 2655 l,

805 2668 897 2708 131.
916 2665 996 2707 142
1030 2668 1118 2716 ibiq.
1141 2672 1232 2704 nott.
1258 2667 1328 2712 lv,
1359 2668 1464 2709 1913

801 2724 850 2761 ad
869 2724 1064 2776 τετρίγασι
1092 2728 1183 2759 nott.
1207 2724 1254 2759 ad
1277 2722 1350 2768 ΙΙΙ,
1385 2723 1464 2760 110

802 2784 841 2817 et
869 2779 1008 2817 Aelian.
1042 2779 1091 2816 N.
1120 2777 1166 2814 A.
1198 2778 1269 2824 lv,
1306 2777 1358 2817 41
1394 2776 1464 2812 ibi-

801 2848 873 2884 que
891 2836 1027 2872 lacobs.
1049 2848 1084 2883 p.
1107 2833 1296 2880 229.vl1,
1327 2835 1352 2874 8
1374 2832 1461 2882 ibiq.

799 2892 928 2930 lacobs
942 2903 1029 2942 pag.
1047 2889 1141 2931 251.
