1863 3256
281 757 380 801 1⁴9
440 754 578 805 δριον.

127 819 234 848 Samum
252 821 383 847 traditur

107 853 272 887 Sylosonti,
288 855 383 881 euno-

219 888 381 921 exinanita,

108 922 160 949 ned
180 926 244 954 post
261 922 381 947 abma-

109 963 147 983 uo
164 954 366 990 frequentata.

107 887 190 914 ribus

441 221 525 262 260

845 220 1324 260 HERODOTI

441 330 585 374 καίευ·
618 331 776 386 μαθών
806 330 851 373 δὲ
883 330 941 381 ὠς
972 329 1142 373 ἄλλοισι
1172 328 1323 379 διδοὺς
1353 331 1441 371 τῶν
1471 327 1616 372 οἷστῶν
1645 327 1711 372 εὖ-

442 399 617 455 ρήσεται
650 402 880 456 τιμωρίην,
913 399 993 456 βάς
1031 399 1100 442 ἐπὶ
1132 399 1236 450 τούς
1272 398 1486 455 ἐφόρους,
1528 399 1710 455 ἄμεινον

443 470 556 515 εἶναι
602 472 685 527 ἔφη
733 475 786 528 τῇ
831 470 1036 526 Σπάρτῃ,
1089 469 1167 513 τόν
1214 472 1355 522 ξεῖνον
1403 471 1483 514 τόν
1534 470 1709 526 Σάμιον

443 539 796 584 ἀπαλλάσσεσθαι
835 540 881 584 ἐκ
912 545 986 596 τῆς
1021 541 1384 597 Πελοποννήσου,
1416 544 1487 584 ἵνα
1518 540 1575 597 μή
1606 541 1709 584 οἰνα-

441 613 566 667 πείσῃ
599 610 626 666 ἢ
658 610 812 661 αὐτὸν,
854 610 882 667 ἢ
909 610 1044 653 ἄλλον
1083 609 1182 653 τινὰ
1211 612 1538 668 Σπαρτιητέων,
1570 611 1708 655 κακὸν

415 688 433 720 5
449 681 665 736 γενέσθαι.

726 683 769 724 οῖ
798 679 843 724 δ’
873 679 1213 732 ὑπακούσαντες.
1246 682 1506 738 ἐξεκήρυξαν
1536 682 1707 725 Μαιάν-
1721 688 1767 721 70

653 751 743 806 Τὴν
783 751 828 794 δὲ
866 750 1023 808 Σάμον
1064 752 1405 808 σαγηνεύσαντες
1445 757 1488 797 οἱ
1532 754 1707 807 Πέρσαι,

441 821 690 875 παρέδοσαν
749 824 1032 872 Συλοσῶντι,
1095 823 1257 877 ἔρημον
1303 823 1464 867 ἐοῦσαν
1520 823 1706 878 ἀνδρῶν.

436 891 603 948 ὑστέρῳ
643 892 790 947 μέντοι
831 891 974 948 χρόνῳ
1025 893 1098 935 καὶ
1148 894 1448 947 συγκατοίκισε
1496 894 1635 951 αὐτήν
1681 893 1703 938 ὁ
1772 900 1855 942 274

440 961 678 1019 στρατηγός
703 959 904 1018 Ὀτάνης,
945 962 990 1005 ἔκ
1032 979 1076 1005 τε
1117 963 1242 1013 ὄψιος
1275 963 1470 1017 ὀνείρου,
1505 966 1577 1009 καὶ
1607 963 1708 1008 νού-

439 1046 522 1078 σου
555 1033 580 1090 ἥ
607 1050 683 1090 μιν
709 1033 915 1090 κατέλαβε
947 1039 1133 1092 νοσῆσαι
1161 1035 1212 1078 τοὶ
1245 1035 1405 1078 αἰδοῖα.

442 1205 654 1260 εὑρήσεται
692 1208 908 1262 τιμωρίην]
959 1212 982 1248 i.
1014 1224 1045 1249 e.

379 1270 565 1317 postquam
595 1268 858 1314 animadvertit,
893 1268 1047 1304 Maean-

385 1324 503 1360 drium
530 1324 614 1360 aliis
641 1326 767 1361 civium
793 1325 859 1361 illa
883 1324 1045 1372 largien-

386 1380 429 1417 do
459 1380 636 1417 auxilium
665 1382 734 1417 sibi
754 1384 1045 1430 comparaturum.

383 1436 482 1474 Nam
517 1436 684 1487 τιμωρίη
716 1437 812 1476 idem
849 1437 906 1474 hie
936 1439 1044 1484 valet,

384 1493 485 1542 quod
516 1489 711 1544 βοήθεια,
750 1498 922 1531 monente
957 1494 1045 1530 Val-

376 1549 505 1595 <clxen.,
535 1550 597 1598 qui
620 1551 715 1586 conf.
736 1550 904 1599 Thucyd.
927 1549 955 1597 Ι,
977 1550 1044 1597 58,

384 1606 443 1642 ubi
478 1607 607 1643 eodem
638 1607 714 1644 fere
745 1619 854 1644 sensu
891 1604 1044 1656 ἕτοιμά-

386 1662 524 1708 ζεσθαι
558 1662 772 1712 τιμωρίαν,
810 1663 831 1698 i.
863 1675 895 1699 e.
928 1677 1043 1712 τιμω-

385 1714 500 1768 ρούς,
541 1714 744 1768 βοηθούς,
791 1723 829 1756 et
865 1718 1046 1756 Plutarchi

387 1773 505 1811 locum
527 1775 563 1811 in
579 1773 865 1826 Apopthegmm.
884 1774 1047 1813 Laconn.

380 1843 466 1880 pag.
486 1830 568 1871 224
584 1830 648 1878 Α.,
679 1832 742 1869 ubi
773 1832 900 1869 eadem
933 1832 980 1869 de
1009 1845 1048 1870 re

383 1886 474 1924 haec
502 1886 698 1936 leguntur:
753 1884 1048 1938 εὐλαβούμενος

383 1940 438 1989 δὲ,
468 1959 523 1993 μη
546 1942 690 1995 ἑτέροις
709 1943 788 1983 τισὶ
812 1946 893 1983 τῶν
916 1940 1048 1983 οἷστών

383 1999 523 2053 διαδῷ.

440 2052 695 2107 ἐξεκήρυξαν]
726 2057 750 2095 i.
771 2070 801 2095 e.
836 2057 949 2094 edicto
975 2070 1044 2107 pu-

382 2112 469 2148 blico
501 2115 694 2158 eiecetnunt
733 2113 841 2164 plane
872 2120 910 2150 ut
945 2114 1044 2164 apud

382 2168 477 2205 Plut.
501 2168 523 2206 Ι.
546 2169 568 2206 1.
597 2169 685 2219 Lys.
713 2183 742 2207 c.
766 2170 950 2207 Eratosth.
977 2172 1043 2212 23.

383 2223 492 2273 Diog.
518 2224 643 2263 Laert.
665 2226 709 2271 ll,
731 2226 784 2267 43
805 2226 903 2263 alibi.

560 2283 668 2332 Cap.
695 2282 862 2319 CXLlX.

444 2332 584 2386 Σάμον
614 2334 944 2389 σαγηνεύσαντες]
976 2350 1046 2378 σα-

386 2390 586 2443 γηνεύειν,
614 2395 802 2430 everriculo
831 2409 962 2445 capere,
1000 2396 1047 2433 de

386 2450 544 2498 piscibus
569 2451 717 2500 proprie
735 2452 880 2498 dieitur,
907 2453 967 2500 qui
991 2464 1048 2488 re-

387 2505 483 2541 tibus
504 2506 633 2543 irretiti
656 2513 691 2543 et
711 2507 746 2542 in
775 2520 884 2544 unum
913 2508 1047 2544 sensim

388 2562 596 2611 sensimque
617 2563 730 2598 coacti
749 2563 948 2612 cupiantur.
990 2563 1048 2599 ln-

389 2617 436 2654 de
455 2619 671 2654 transfertur
681 2619 766 2655 dein
778 2619 824 2655 ad
837 2620 943 2656 urbes
956 2632 1045 2667 gen-

389 2677 540 2722 tesque,
573 2688 666 2723 quae
690 2675 839 2724 piscium
861 2676 908 2711 ad
933 2676 1047 2711 instar

388 2730 600 2780 capiuntur,
647 2730 742 2767 nullo
773 2743 820 2767 sc.
848 2744 953 2768 sexus
983 2736 1046 2767 ant

389 2787 517 2823 aetatis
553 2787 648 2823 sacto
683 2787 899 2823 discrimine.
980 2787 1045 2823 Est

387 2843 579 2892 primarius
598 2842 726 2880 Nostri
756 2842 854 2880 locus
883 2842 951 2890 VI,
976 2844 1042 2884 31.

1719 1042 1768 1075 75

1103 1211 1186 1250 Alia
1212 1211 1270 1249 hic
1303 1211 1424 1248 attulit
1453 1211 1602 1258 Valck.,
1640 1211 1763 1248 Strab.

1102 1270 1137 1305 X
1165 1282 1250 1319 pag.
1277 1269 1357 1308 687
1376 1268 1419 1305 Β.
1444 1281 1470 1305 s,
1492 1268 1573 1308 448
1595 1266 1638 1304 A.
1670 1267 1763 1304 Plat.

1101 1325 1219 1374 Legg.
1242 1325 1292 1361 ΙΙΙ
1322 1337 1406 1374 pag.
1431 1326 1512 1366 698
1542 1324 1587 1361 D.
1612 1324 1765 1373 Dionys.

1101 1382 1223 1419 Laert.
1268 1380 1340 1427 ΙΙΙ,
1387 1381 1454 1421 33.
1506 1380 1677 1417 Philostr.
1718 1379 1763 1416 V.

1101 1437 1271 1488 Apollon.
1303 1436 1331 1484 I,
1359 1439 1424 1478 23.
1457 1435 1609 1474 Aristid.
1639 1437 1654 1473 1
1676 1449 1764 1487 pag.

1102 1495 1194 1536 213.
1215 1493 1309 1535 383·
1320 1466 1396 1539 ”“.(1
1418 1494 1539 1543 [pag.
1564 1496 1658 1534 200
1681 1493 1763 1533 357

1101 1548 1234 1598 Dind)
1283 1550 1429 1589 Maxim.
1465 1549 1554 1598 T)r.
1591 1549 1765 1595 XXXIX,

1107 1609 1167 1646 16.
1211 1606 1403 1654 Bottiger‚
1434 1605 1587 1642 Amalth.
1615 1605 1647 1642 ll
1677 1617 1762 1654 pag.

1103 1665 1198 1703 307.
1272 1662 1384 1699 Italus
1420 1662 1598 1712 interpres
1635 1662 1766 1698 admo-

1104 1724 1168 1756 net
1186 1719 1309 1755 similis
1329 1719 1578 1768 metaphorae,
1599 1718 1672 1768 qn&
1695 1717 1766 1754 uti-

1104 1779 1162 1812 tur
1202 1775 1301 1813 lesus
1338 1775 1504 1812 Christus
1544 1775 1580 1810 in
1619 1774 1764 1823 Evang.

1104 1831 1237 1868 Matth.
1265 1831 1366 1877 XIII,
1389 1830 1463 1870 47:
1494 1826 1615 1869 πάλιν
1646 1828 1764 1880 ὁμοία

1105 1887 1210 1927 ἐστὶν
1233 1886 1262 1938 ἦ
1278 1887 1457 1939 βασιλεία
1475 1889 1556 1926 τῶν
1577 1882 1764 1938 ου’ρανῶν

1105 1940 1261 1997 σαγήνη
1289 1944 1485 1996 βληθείση
1513 1943 1570 1989 εἰς
1590 1941 1663 1994 τὴν
1687 1939 1763 1981 θά-

1104 2004 1254 2039 λασσαν
1284 1999 1351 2038 καὶ
1380 1999 1423 2039 ἐκ
1450 2014 1596 2046 παντως
1622 1997 1765 2051 γένους

1102 2052 1393 2110 συναγαγούσῃ.

1160 2112 1307 2163 ε’ρημον
1366 2112 1514 2152 ἐοῦσαν
1574 2107 1761 2163 άνὸρῶν]

1102 2170 1322 2208 Strabonem
1343 2170 1373 2206 si
1394 2170 1498 2206 audis
1518 2169 1602 2206 XIV
1623 2182 1659 2218 p.
1681 2167 1764 2210 945

1103 2239 1132 2263 s.
1157 2228 1238 2268 633
1260 2226 1303 2263 C.
1339 2227 1497 2275 Syfflson
1527 2225 1764 2274 acerbum-in

1103 2283 1270 2319 subditos
1304 2283 1461 2321 exercuit
1492 2282 1695 2332 imperium,
1727 2283 1766 2316 ut

1104 2340 1192 2376 inde
1209 2340 1291 2376 viris
1312 2351 1425 2375 vacua
1448 2339 1660 2375 redderetur
1677 2336 1763 2373 urbs

1104 2391 1224 2443 (ὥστε
1237 2394 1302 2433 καὶ
1322 2392 1628 2443 ἔλειπάνδρησεν
1644 2390 1672 2442 ἦ
1691 2387 1765 2431 πό-

1104 2452 1202 2498 λις);
1233 2452 1331 2488 unde
1362 2451 1589 2500 proverbium
1616 2456 1763 2486 ortum:

1107 2507 1212 2556 ἕκητι
1240 2508 1497 2552 Συλοσῶντος
1528 2502 1763 2557 εὖρυχωρίη.

1105 2563 1162 2600 De
1202 2576 1274 2611 quo
1308 2563 1450 2599 Zenob.
1479 2562 1553 2608 ΙΙΙ,
1579 2564 1644 2602 90.
1703 2560 1765 2598 Ad

1104 2619 1252 2669 Olymp.
1281 2618 1384 2655 va
1415 2619 1524 2655 refert
1552 2619 1621 2655 hoc
1643 2618 1764 2668 impe-

1103 2676 1214 2721 rium,
1254 2675 1354 2723 quod
1386 2674 1578 2712 Persarum
1609 2687 1681 2724 ope
1716 2675 1764 2711 de

1103 2732 1213 2768 Samo
1240 2732 1399 2768 obtinuit
1425 2731 1597 2779 Sjloson,
1629 2730 1764 2767 Panos-

1101 2787 1150 2824 ka
1171 2788 1342 2823 Samiorr.
1380 2787 1453 2824 Res
1483 2801 1568 2837 pag.
1592 2785 1656 2827 45.
1706 2785 1764 2823 Ad

1101 2841 1290 2895 κατέλαβε
1311 2844 1359 2882 cs.
1374 2843 1437 2891 ΙΙΙ,
1449 2842 1514 2883 42.
1546 2842 1606 2880 Ad
1617 2855 1764 2895 συγκα-
