<?xml version="1.0" encoding="UTF-8"?>
<!DOCTYPE html PUBLIC "-//W3C//DTD XHTML 1.0 Transitional//EN"
    "http://www.w3.org/TR/xhtml1/DTD/xhtml1-transitional.dtd">
<html xmlns="http://www.w3.org/1999/xhtml" xml:lang="en" lang="en">
 <head>
  <title>
</title>
<meta http-equiv="Content-Type" content="text/html;charset=utf-8" />
  <meta name='ocr-system' content='tesseract 3.04.00' />
  <meta name='ocr-capabilities' content='ocr_page ocr_carea ocr_par ocr_line ocrx_word'/>
</head>
<body>
  <div class='ocr_page' id='page_1' title='image "./musaeher02hero_0337.png"; bbox 0 0 1863 3256; ppageno 0'>
   <div class='ocr_carea' id='block_1_1' title="bbox 454 104 1432 150">
    <p class='ocr_par' dir='ltr' id='par_1_1' title="bbox 454 104 1432 150">
     <span class='ocr_line' id='line_1_1' title="bbox 454 104 1432 150; baseline -0.001 0"><span class='ocrx_word' id='word_1_1' title='bbox 454 104 1136 150; x_wconf 68' lang='lat' dir='ltr'><strong>MELPOMENRIV.</strong></span> <span class='ocrx_word' id='word_1_2' title='bbox 1350 111 1432 149; x_wconf 80' lang='lat'>323</span> 
     </span>
    </p>
   </div>
   <div class='ocr_carea' id='block_1_2' title="bbox 139 211 1490 702">
    <p class='ocr_par' dir='ltr' id='par_1_2' title="bbox 139 211 1490 702">
     <span class='ocr_line' id='line_1_2' title="bbox 168 211 1430 275; baseline -0.005 -10"><span class='ocrx_word' id='word_1_3' title='bbox 168 220 405 265; x_wconf 82' lang='grc' dir='ltr'><em>σακκέουσι</em></span> <span class='ocrx_word' id='word_1_4' title='bbox 434 219 660 275; x_wconf 83' lang='grc' dir='ltr'><em>ἱματίοισι·</em></span> <span class='ocrx_word' id='word_1_5' title='bbox 713 213 923 270; x_wconf 79' lang='grc' dir='ltr'><em>ἀποῤῥέει</em></span> <span class='ocrx_word' id='word_1_6' title='bbox 954 212 999 257; x_wconf 83' lang='grc' dir='ltr'>δ’</span> <span class='ocrx_word' id='word_1_7' title='bbox 1036 211 1116 256; x_wconf 80' lang='grc' dir='ltr'>ἄπ’</span> <span class='ocrx_word' id='word_1_8' title='bbox 1148 212 1289 257; x_wconf 80' lang='grc' dir='ltr'><em>αὐτοῦ</em></span> <span class='ocrx_word' id='word_1_9' title='bbox 1317 217 1430 271; x_wconf 81' lang='grc' dir='ltr'><em>παχύ</em></span> 
     </span>
     <span class='ocr_line' id='line_1_3' title="bbox 167 282 1428 347; baseline -0.005 -12"><span class='ocrx_word' id='word_1_10' title='bbox 167 293 240 335; x_wconf 84' lang='grc' dir='ltr'>καὶ</span> <span class='ocrx_word' id='word_1_11' title='bbox 281 292 438 347; x_wconf 83' lang='grc' dir='ltr'><em>μέλαν·</em></span> <span class='ocrx_word' id='word_1_12' title='bbox 490 288 662 343; x_wconf 82' lang='grc' dir='ltr'><em>οὔνομα</em></span> <span class='ocrx_word' id='word_1_13' title='bbox 701 286 749 330; x_wconf 80' lang='grc' dir='ltr'>δὲ</span> <span class='ocrx_word' id='word_1_14' title='bbox 789 288 852 341; x_wconf 78' lang='grc' dir='ltr'>τῷ</span> <span class='ocrx_word' id='word_1_15' title='bbox 882 282 1151 339; x_wconf 77' lang='grc' dir='ltr'><em>α’ποῤῥέοντί</em></span> <span class='ocrx_word' id='word_1_16' title='bbox 1185 284 1274 328; x_wconf 79' lang='grc' dir='ltr'><em>ἐστι</em></span> <span class='ocrx_word' id='word_1_17' title='bbox 1305 285 1428 342; x_wconf 76' lang='grc' dir='ltr'><em>ἄσχυ.</em></span> 
     </span>
     <span class='ocr_line' id='line_1_4' title="bbox 140 355 1490 415; baseline -0.003 -12"><span class='ocrx_word' id='word_1_18' title='bbox 140 366 302 406; x_wconf 86' lang='grc' dir='ltr'><em>5τοῦτο</em></span> <span class='ocrx_word' id='word_1_19' title='bbox 333 361 402 404; x_wconf 81' lang='grc' dir='ltr'>καὶ</span> <span class='ocrx_word' id='word_1_20' title='bbox 434 360 645 415; x_wconf 86' lang='grc' dir='ltr'><em>λείχουσι,</em></span> <span class='ocrx_word' id='word_1_21' title='bbox 684 358 758 402; x_wconf 82' lang='grc' dir='ltr'>καὶ</span> <span class='ocrx_word' id='word_1_22' title='bbox 793 355 979 414; x_wconf 77' lang='grc' dir='ltr'><em>γάλακτι</em></span> <span class='ocrx_word' id='word_1_23' title='bbox 1018 357 1334 412; x_wconf 77' lang='grc' dir='ltr'><em>συμμίσγοντες</em></span> <span class='ocrx_word' id='word_1_24' title='bbox 1361 359 1434 400; x_wconf 87' lang='grc' dir='ltr'>πί-</span> <span class='ocrx_word' id='word_1_25' title='bbox 1449 365 1490 399; x_wconf 84' lang='grc'>55</span> 
     </span>
     <span class='ocr_line' id='line_1_5' title="bbox 165 427 1437 486; baseline -0.003 -11"><span class='ocrx_word' id='word_1_26' title='bbox 165 444 318 476; x_wconf 86' lang='grc' dir='ltr'><em>νουσι·</em></span> <span class='ocrx_word' id='word_1_27' title='bbox 367 431 441 474; x_wconf 82' lang='grc' dir='ltr'>καὶ</span> <span class='ocrx_word' id='word_1_28' title='bbox 472 429 557 474; x_wconf 70' lang='grc' dir='ltr'>ἀπὸ</span> <span class='ocrx_word' id='word_1_29' title='bbox 595 433 672 486; x_wconf 81' lang='grc' dir='ltr'>τῆς</span> <span class='ocrx_word' id='word_1_30' title='bbox 711 427 959 484; x_wconf 81' lang='grc' dir='ltr'><em>παχύτητος</em></span> <span class='ocrx_word' id='word_1_31' title='bbox 999 427 1137 472; x_wconf 76' lang='grc' dir='ltr'><em>αὐτοῦ</em></span> <span class='ocrx_word' id='word_1_32' title='bbox 1174 432 1248 484; x_wconf 82' lang='grc' dir='ltr'>τῆς</span> <span class='ocrx_word' id='word_1_33' title='bbox 1277 428 1437 484; x_wconf 74' lang='grc' dir='ltr'><em>τρυγὸς</em></span> 
     </span>
     <span class='ocr_line' id='line_1_6' title="bbox 166 498 1435 554; baseline -0.002 -8"><span class='ocrx_word' id='word_1_34' title='bbox 166 501 370 552; x_wconf 80' lang='grc' dir='ltr'><em>παλάθας</em></span> <span class='ocrx_word' id='word_1_35' title='bbox 407 500 684 551; x_wconf 75' lang='grc' dir='ltr'><em>συντιθέασι,</em></span> <span class='ocrx_word' id='word_1_36' title='bbox 730 500 805 543; x_wconf 82' lang='grc' dir='ltr'>καὶ</span> <span class='ocrx_word' id='word_1_37' title='bbox 842 498 1005 551; x_wconf 81' lang='grc' dir='ltr'><em>ταύτας</em></span> <span class='ocrx_word' id='word_1_38' title='bbox 1047 501 1274 544; x_wconf 84' lang='grc' dir='ltr'><em>σιτέονται.</em></span> <span class='ocrx_word' id='word_1_39' title='bbox 1333 500 1435 554; x_wconf 87' lang='grc' dir='ltr'><em>πρό-</em></span> 
     </span>
     <span class='ocr_line' id='line_1_7' title="bbox 165 569 1435 628; baseline -0.001 -13"><span class='ocrx_word' id='word_1_40' title='bbox 165 575 276 628; x_wconf 88' lang='grc' dir='ltr'><em>βατα</em></span> <span class='ocrx_word' id='word_1_41' title='bbox 305 570 390 627; x_wconf 76' lang='grc' dir='ltr'>γάρ</span> <span class='ocrx_word' id='word_1_42' title='bbox 422 583 502 627; x_wconf 80' lang='grc' dir='ltr'>σφι</span> <span class='ocrx_word' id='word_1_43' title='bbox 532 570 586 615; x_wconf 88' lang='grc' dir='ltr'>οὐ</span> <span class='ocrx_word' id='word_1_44' title='bbox 614 571 754 615; x_wconf 80' lang='grc' dir='ltr'><em>πολλά</em></span> <span class='ocrx_word' id='word_1_45' title='bbox 785 571 900 615; x_wconf 82' lang='grc' dir='ltr'><em>ἐστι·</em></span> <span class='ocrx_word' id='word_1_46' title='bbox 942 569 997 615; x_wconf 83' lang='grc' dir='ltr'>οὐ</span> <span class='ocrx_word' id='word_1_47' title='bbox 1027 571 1110 626; x_wconf 80' lang='grc' dir='ltr'>γάρ</span> <span class='ocrx_word' id='word_1_48' title='bbox 1136 588 1177 614; x_wconf 87' lang='grc' dir='ltr'>τι</span> <span class='ocrx_word' id='word_1_49' title='bbox 1198 573 1435 615; x_wconf 84' lang='grc' dir='ltr'><em>σπουδαῖαι</em></span> 
     </span>
     <span class='ocr_line' id='line_1_8' title="bbox 139 640 1438 702; baseline 0.002 -19"><span class='ocrx_word' id='word_1_50' title='bbox 139 642 303 698; x_wconf 83' lang='grc' dir='ltr'><em>6νομαὶ</em></span> <span class='ocrx_word' id='word_1_51' title='bbox 337 640 497 685; x_wconf 76' lang='grc' dir='ltr'><em>αὐτόθι</em></span> <span class='ocrx_word' id='word_1_52' title='bbox 523 643 618 686; x_wconf 83' lang='grc' dir='ltr'><em>εἶσί.</em></span> <span class='ocrx_word' id='word_1_53' title='bbox 674 641 781 688; x_wconf 72' lang='grc' dir='ltr'>Ὑπὸ</span> <span class='ocrx_word' id='word_1_54' title='bbox 813 643 1000 702; x_wconf 77' lang='grc' dir='ltr'><em>δενδρέῳ</em></span> <span class='ocrx_word' id='word_1_55' title='bbox 1022 642 1067 686; x_wconf 77' lang='grc' dir='ltr'>δὲ</span> <span class='ocrx_word' id='word_1_56' title='bbox 1094 642 1276 694; x_wconf 80' lang='grc' dir='ltr'><em>ἕκαστος</em></span> <span class='ocrx_word' id='word_1_57' title='bbox 1298 645 1438 686; x_wconf 84' lang='grc' dir='ltr'><em>κατοί-</em></span> 
     </span>
    </p>
   </div>
   <div class='ocr_carea' id='block_1_3' title="bbox 165 712 787 771">
    <p class='ocr_par' dir='ltr' id='par_1_3' title="bbox 165 712 787 771">
     <span class='ocr_line' id='line_1_9' title="bbox 165 712 787 771; baseline 0 -13"><span class='ocrx_word' id='word_1_58' title='bbox 165 728 313 771; x_wconf 83' lang='grc' dir='ltr'><em>κηται·</em></span> <span class='ocrx_word' id='word_1_59' title='bbox 354 712 435 757; x_wconf 79' lang='grc' dir='ltr'>τόν</span> <span class='ocrx_word' id='word_1_60' title='bbox 463 712 543 768; x_wconf 77' lang='grc' dir='ltr'>μὲν</span> <span class='ocrx_word' id='word_1_61' title='bbox 571 719 787 770; x_wconf 75' lang='grc' dir='ltr'><em>χειμῶνα,</em></span> 
     </span>
    </p>
   </div>
   <div class='ocr_carea' id='block_1_4' title="bbox 832 714 1436 770">
    <p class='ocr_par' dir='ltr' id='par_1_4' title="bbox 832 714 1436 770">
     <span class='ocr_line' id='line_1_10' title="bbox 832 714 1436 770; baseline -0.002 -11"><span class='ocrx_word' id='word_1_62' title='bbox 832 715 965 759; x_wconf 76' lang='grc' dir='ltr'><em>ἐπεὰν</em></span> <span class='ocrx_word' id='word_1_63' title='bbox 1003 714 1052 757; x_wconf 87' lang='grc' dir='ltr'>τὸ</span> <span class='ocrx_word' id='word_1_64' title='bbox 1084 714 1289 768; x_wconf 78' lang='grc' dir='ltr'><em>δένδρεον</em></span> <span class='ocrx_word' id='word_1_65' title='bbox 1318 731 1436 770; x_wconf 91' lang='grc' dir='ltr'><em>περι-</em></span> 
     </span>
    </p>
   </div>
   <div class='ocr_carea' id='block_1_5' title="bbox 167 784 1494 846">
    <p class='ocr_par' dir='ltr' id='par_1_5' title="bbox 167 784 1494 846">
     <span class='ocr_line' id='line_1_11' title="bbox 167 784 1494 846; baseline -0.003 -17"><span class='ocrx_word' id='word_1_66' title='bbox 167 784 341 841; x_wconf 81' lang='grc' dir='ltr'><em>καλύψῃ</em></span> <span class='ocrx_word' id='word_1_67' title='bbox 382 786 493 844; x_wconf 82' lang='grc' dir='ltr'><em>πίλῳ</em></span> <span class='ocrx_word' id='word_1_68' title='bbox 533 790 698 844; x_wconf 76' lang='grc' dir='ltr'><em>στεγνῷ</em></span> <span class='ocrx_word' id='word_1_69' title='bbox 736 790 897 846; x_wconf 78' lang='grc' dir='ltr'><em>λευκῷ·</em></span> <span class='ocrx_word' id='word_1_70' title='bbox 957 784 1007 829; x_wconf 80' lang='grc' dir='ltr'>τό</span> <span class='ocrx_word' id='word_1_71' title='bbox 1047 785 1093 829; x_wconf 81' lang='grc' dir='ltr'>δὲ</span> <span class='ocrx_word' id='word_1_72' title='bbox 1131 785 1290 841; x_wconf 80' lang='grc' dir='ltr'><em>θέρος,</em></span> <span class='ocrx_word' id='word_1_73' title='bbox 1331 785 1494 830; x_wconf 72' lang='grc' dir='ltr'><em>ἄνευσο</em></span> 
     </span>
    </p>
   </div>
   <div class='ocr_carea' id='block_1_6' title="bbox 111 885 386 890">
    <p class='ocr_par' dir='ltr' id='par_1_6' title="bbox 111 885 386 890">
     <span class='ocr_line' id='line_1_12' title="bbox 111 885 386 890; baseline 0 0"><span class='ocrx_word' id='word_1_74' title='bbox 111 885 386 890; x_wconf 95' lang='lat' dir='ltr'> </span> 
     </span>
    </p>
   </div>
   <div class='ocr_carea' id='block_1_7' title="bbox 110 947 782 2813">
    <p class='ocr_par' dir='ltr' id='par_1_7' title="bbox 110 947 777 1676">
     <span class='ocr_line' id='line_1_13' title="bbox 110 947 773 999; baseline -0.003 -12"><span class='ocrx_word' id='word_1_75' title='bbox 110 950 214 987; x_wconf 84' lang='lat' dir='ltr'>iubet</span> <span class='ocrx_word' id='word_1_76' title='bbox 232 947 387 986; x_wconf 85' lang='lat' dir='ltr'>Salmas.</span> <span class='ocrx_word' id='word_1_77' title='bbox 416 948 465 985; x_wconf 85' lang='lat' dir='ltr'>ad</span> <span class='ocrx_word' id='word_1_78' title='bbox 487 947 600 985; x_wconf 88' lang='lat' dir='ltr'>Solin.</span> <span class='ocrx_word' id='word_1_79' title='bbox 630 962 666 999; x_wconf 86' lang='lat' dir='ltr'>p.</span> <span class='ocrx_word' id='word_1_80' title='bbox 692 950 773 991; x_wconf 85' lang='lat'>148</span> 
     </span>
     <span class='ocr_line' id='line_1_14' title="bbox 110 1003 774 1052; baseline -0.003 -8"><span class='ocrx_word' id='word_1_81' title='bbox 110 1006 153 1044; x_wconf 89' lang='lat' dir='ltr'>A.</span> <span class='ocrx_word' id='word_1_82' title='bbox 183 1009 221 1044; x_wconf 88' lang='lat' dir='ltr'>et</span> <span class='ocrx_word' id='word_1_83' title='bbox 248 1005 459 1043; x_wconf 87' lang='lat' dir='ltr'>Casaubon.</span> <span class='ocrx_word' id='word_1_84' title='bbox 488 1004 536 1041; x_wconf 91' lang='lat' dir='ltr'>ad</span> <span class='ocrx_word' id='word_1_85' title='bbox 559 1003 694 1043; x_wconf 85' lang='lat' dir='ltr'>Athen.</span> <span class='ocrx_word' id='word_1_86' title='bbox 726 1007 774 1052; x_wconf 85' lang='lat'>11,</span> 
     </span>
     <span class='ocr_line' id='line_1_15' title="bbox 113 1060 772 1111; baseline -0.003 -11"><span class='ocrx_word' id='word_1_87' title='bbox 113 1065 178 1104; x_wconf 89' lang='lat'>16.</span> <span class='ocrx_word' id='word_1_88' title='bbox 204 1060 271 1111; x_wconf 85' lang='lat'>[49</span> <span class='ocrx_word' id='word_1_89' title='bbox 291 1061 338 1098; x_wconf 90' lang='lat' dir='ltr'>T.</span> <span class='ocrx_word' id='word_1_90' title='bbox 358 1061 372 1098; x_wconf 91' lang='lat'><em>1</em></span> <span class='ocrx_word' id='word_1_91' title='bbox 395 1074 431 1111; x_wconf 89' lang='lat' dir='ltr'>p.</span> <span class='ocrx_word' id='word_1_92' title='bbox 450 1061 532 1101; x_wconf 81' lang='lat'>386</span> <span class='ocrx_word' id='word_1_93' title='bbox 551 1060 772 1111; x_wconf 71' lang='lat' dir='ltr'>Schweigh]</span> 
     </span>
     <span class='ocr_line' id='line_1_16' title="bbox 111 1117 773 1156; baseline -0.002 0"><span class='ocrx_word' id='word_1_94' title='bbox 111 1119 328 1156; x_wconf 88' lang='lat' dir='ltr'>Schaeferus</span> <span class='ocrx_word' id='word_1_95' title='bbox 373 1117 409 1153; x_wconf 93' lang='lat' dir='ltr'>in</span> <span class='ocrx_word' id='word_1_96' title='bbox 452 1117 633 1154; x_wconf 83' lang='lat' dir='ltr'>Herodoti</span> <span class='ocrx_word' id='word_1_97' title='bbox 672 1124 773 1156; x_wconf 82' lang='lat' dir='ltr'>textu</span> 
     </span>
     <span class='ocr_line' id='line_1_17' title="bbox 112 1172 774 1213; baseline -0.003 0"><span class='ocrx_word' id='word_1_98' title='bbox 112 1174 273 1213; x_wconf 85' lang='lat' dir='ltr'>exhibuit</span> <span class='ocrx_word' id='word_1_99' title='bbox 297 1172 493 1212; x_wconf 83' lang='grc' dir='ltr'><em>σακέουσι.</em></span> <span class='ocrx_word' id='word_1_100' title='bbox 553 1173 633 1211; x_wconf 82' lang='lat' dir='ltr'>Nos</span> <span class='ocrx_word' id='word_1_101' title='bbox 663 1174 774 1211; x_wconf 90' lang='lat' dir='ltr'>libro-</span> 
     </span>
     <span class='ocr_line' id='line_1_18' title="bbox 110 1231 775 1281; baseline 0.002 -13"><span class='ocrx_word' id='word_1_102' title='bbox 110 1244 188 1268; x_wconf 93' lang='lat' dir='ltr'>rum</span> <span class='ocrx_word' id='word_1_103' title='bbox 210 1231 425 1281; x_wconf 88' lang='lat' dir='ltr'>scriptorum</span> <span class='ocrx_word' id='word_1_104' title='bbox 446 1232 695 1268; x_wconf 86' lang='lat' dir='ltr'>auctoritatem</span> <span class='ocrx_word' id='word_1_105' title='bbox 717 1245 775 1269; x_wconf 88' lang='lat' dir='ltr'>se-</span> 
     </span>
     <span class='ocr_line' id='line_1_19' title="bbox 111 1285 775 1337; baseline 0.003 -13"><span class='ocrx_word' id='word_1_106' title='bbox 111 1288 183 1324; x_wconf 88' lang='lat' dir='ltr'>cuti</span> <span class='ocrx_word' id='word_1_107' title='bbox 205 1287 419 1325; x_wconf 80' lang='lat' dir='ltr'>retinuimus</span> <span class='ocrx_word' id='word_1_108' title='bbox 437 1285 674 1337; x_wconf 81' lang='grc' dir='ltr'><em>σακκέουσι,·</em></span> <span class='ocrx_word' id='word_1_109' title='bbox 711 1301 775 1325; x_wconf 89' lang='lat' dir='ltr'>cu-</span> 
     </span>
     <span class='ocr_line' id='line_1_20' title="bbox 111 1343 776 1382; baseline 0.002 -1"><span class='ocrx_word' id='word_1_110' title='bbox 111 1345 165 1381; x_wconf 88' lang='lat' dir='ltr'>ius</span> <span class='ocrx_word' id='word_1_111' title='bbox 186 1344 289 1381; x_wconf 82' lang='lat' dir='ltr'>verbi</span> <span class='ocrx_word' id='word_1_112' title='bbox 311 1356 457 1381; x_wconf 89' lang='lat' dir='ltr'>sensum</span> <span class='ocrx_word' id='word_1_113' title='bbox 476 1343 534 1380; x_wconf 69' lang='lat' dir='ltr'>vix</span> <span class='ocrx_word' id='word_1_114' title='bbox 557 1350 654 1382; x_wconf 90' lang='lat' dir='ltr'>recte</span> <span class='ocrx_word' id='word_1_115' title='bbox 676 1357 776 1382; x_wconf 88' lang='lat' dir='ltr'>asse-</span> 
     </span>
     <span class='ocr_line' id='line_1_21' title="bbox 111 1394 776 1450; baseline 0 -12"><span class='ocrx_word' id='word_1_116' title='bbox 111 1405 234 1438; x_wconf 80' lang='lat' dir='ltr'>cutum</span> <span class='ocrx_word' id='word_1_117' title='bbox 267 1413 348 1438; x_wconf 92' lang='lat' dir='ltr'>esse</span> <span class='ocrx_word' id='word_1_118' title='bbox 377 1404 503 1450; x_wconf 90' lang='lat' dir='ltr'>putem</span> <span class='ocrx_word' id='word_1_119' title='bbox 525 1400 685 1439; x_wconf 87' lang='lat' dir='ltr'>Heeren.</span> <span class='ocrx_word' id='word_1_120' title='bbox 703 1401 725 1438; x_wconf 92' lang='lat' dir='ltr'>l.</span> <span class='ocrx_word' id='word_1_121' title='bbox 752 1394 776 1438; x_wconf 69' lang='lat' dir='ltr'>lj</span> 
     </span>
     <span class='ocr_line' id='line_1_22' title="bbox 112 1457 777 1507; baseline 0 -13"><span class='ocrx_word' id='word_1_122' title='bbox 112 1458 164 1494; x_wconf 88' lang='lat' dir='ltr'>sic</span> <span class='ocrx_word' id='word_1_123' title='bbox 190 1457 514 1507; x_wconf 82' lang='lat' dir='ltr'>interpretantem:</span> <span class='ocrx_word' id='word_1_124' title='bbox 555 1460 635 1504; x_wconf 76' lang='lat' dir='ltr'>„sie</span> <span class='ocrx_word' id='word_1_125' title='bbox 656 1459 777 1495; x_wconf 70' lang='lat' dir='ltr'>schilt-</span> 
     </span>
     <span class='ocr_line' id='line_1_23' title="bbox 113 1512 777 1564; baseline 0.003 -14"><span class='ocrx_word' id='word_1_126' title='bbox 113 1517 171 1550; x_wconf 74' lang='lat' dir='ltr'>ten</span> <span class='ocrx_word' id='word_1_127' title='bbox 191 1515 239 1550; x_wconf 76' lang='lat' dir='ltr'>sie</span> <span class='ocrx_word' id='word_1_128' title='bbox 254 1515 294 1550; x_wconf 79' lang='lat' dir='ltr'>in</span> <span class='ocrx_word' id='word_1_129' title='bbox 315 1512 474 1550; x_wconf 66' lang='lat' dir='ltr'>Sdckef‘</span> <span class='ocrx_word' id='word_1_130' title='bbox 505 1513 636 1564; x_wconf 81' lang='lat' dir='ltr'>Lange</span> <span class='ocrx_word' id='word_1_131' title='bbox 653 1516 777 1552; x_wconf 89' lang='lat' dir='ltr'>reddi-</span> 
     </span>
     <span class='ocr_line' id='line_1_24' title="bbox 115 1571 776 1619; baseline 0.003 -12"><span class='ocrx_word' id='word_1_132' title='bbox 115 1571 188 1607; x_wconf 88' lang='lat' dir='ltr'>dit:</span> <span class='ocrx_word' id='word_1_133' title='bbox 234 1572 317 1616; x_wconf 70' lang='lat' dir='ltr'>„sie</span> <span class='ocrx_word' id='word_1_134' title='bbox 334 1583 477 1619; x_wconf 65' lang='lat' dir='ltr'>pressen</span> <span class='ocrx_word' id='word_1_135' title='bbox 499 1572 548 1607; x_wconf 72' lang='lat' dir='ltr'>,sie</span> <span class='ocrx_word' id='word_1_136' title='bbox 571 1585 637 1608; x_wconf 80' lang='lat' dir='ltr'>aus</span> <span class='ocrx_word' id='word_1_137' title='bbox 661 1574 699 1608; x_wconf 81' lang='lat' dir='ltr'>in</span> <span class='ocrx_word' id='word_1_138' title='bbox 728 1573 776 1609; x_wconf 76' lang='lat' dir='ltr'>ei-</span> 
     </span>
     <span class='ocr_line' id='line_1_25' title="bbox 114 1626 572 1676; baseline 0 -13"><span class='ocrx_word' id='word_1_139' title='bbox 114 1640 190 1664; x_wconf 73' lang='lat' dir='ltr'>uem</span> <span class='ocrx_word' id='word_1_140' title='bbox 215 1626 312 1663; x_wconf 70' lang='lat' dir='ltr'>Saclc</span> <span class='ocrx_word' id='word_1_141' title='bbox 334 1639 398 1663; x_wconf 73' lang='lat' dir='ltr'>von</span> <span class='ocrx_word' id='word_1_142' title='bbox 418 1627 572 1676; x_wconf 79' lang='lat' dir='ltr'>Zeug.“</span> 
     </span>
    </p>

    <p class='ocr_par' dir='ltr' id='par_1_8' title="bbox 114 1679 778 2132">
     <span class='ocr_line' id='line_1_26' title="bbox 172 1679 778 1735; baseline -0.002 -13"><span class='ocrx_word' id='word_1_143' title='bbox 172 1679 286 1734; x_wconf 69' lang='grc' dir='ltr'><em>ἄσχυ]</em></span> <span class='ocrx_word' id='word_1_144' title='bbox 309 1684 446 1720; x_wconf 71' lang='lat' dir='ltr'>Vocem</span> <span class='ocrx_word' id='word_1_145' title='bbox 469 1684 549 1720; x_wconf 69' lang='lat' dir='ltr'>aska·</span> <span class='ocrx_word' id='word_1_146' title='bbox 568 1686 667 1735; x_wconf 88' lang='lat' dir='ltr'>apud</span> <span class='ocrx_word' id='word_1_147' title='bbox 681 1685 778 1723; x_wconf 87' lang='lat' dir='ltr'>Tar-</span> 
     </span>
     <span class='ocr_line' id='line_1_27' title="bbox 115 1740 776 1791; baseline 0.003 -15"><span class='ocrx_word' id='word_1_148' title='bbox 115 1745 215 1776; x_wconf 89' lang='lat' dir='ltr'>taros</span> <span class='ocrx_word' id='word_1_149' title='bbox 236 1753 278 1777; x_wconf 87' lang='lat' dir='ltr'>ac</span> <span class='ocrx_word' id='word_1_150' title='bbox 289 1740 485 1789; x_wconf 81' lang='lat' dir='ltr'>Mongolos</span> <span class='ocrx_word' id='word_1_151' title='bbox 498 1742 667 1778; x_wconf 87' lang='lat' dir='ltr'>acerbum</span> <span class='ocrx_word' id='word_1_152' title='bbox 688 1742 776 1791; x_wconf 91' lang='lat' dir='ltr'>quid</span> 
     </span>
     <span class='ocr_line' id='line_1_28' title="bbox 116 1797 777 1846; baseline 0.005 -14"><span class='ocrx_word' id='word_1_153' title='bbox 116 1797 264 1845; x_wconf 85' lang='lat' dir='ltr'>(aigre)</span> <span class='ocrx_word' id='word_1_154' title='bbox 303 1797 509 1846; x_wconf 83' lang='lat' dir='ltr'>significare</span> <span class='ocrx_word' id='word_1_155' title='bbox 555 1803 681 1835; x_wconf 85' lang='lat' dir='ltr'>auctor</span> <span class='ocrx_word' id='word_1_156' title='bbox 723 1802 777 1836; x_wconf 90' lang='lat' dir='ltr'>est</span> 
     </span>
     <span class='ocr_line' id='line_1_29' title="bbox 114 1852 775 1904; baseline 0.002 -14"><span class='ocrx_word' id='word_1_157' title='bbox 114 1853 337 1891; x_wconf 88' lang='lat' dir='ltr'>Maltebrun.</span> <span class='ocrx_word' id='word_1_158' title='bbox 378 1852 523 1891; x_wconf 81' lang='lat' dir='ltr'>Annali.</span> <span class='ocrx_word' id='word_1_159' title='bbox 564 1855 600 1891; x_wconf 91' lang='lat' dir='ltr'>d.</span> <span class='ocrx_word' id='word_1_160' title='bbox 632 1856 775 1904; x_wconf 78' lang='lat' dir='ltr'>Voyag.</span> 
     </span>
     <span class='ocr_line' id='line_1_30' title="bbox 114 1909 777 1960; baseline 0.005 -14"><span class='ocrx_word' id='word_1_161' title='bbox 114 1909 147 1947; x_wconf 90' lang='lat' dir='ltr'>ll</span> <span class='ocrx_word' id='word_1_162' title='bbox 170 1923 205 1960; x_wconf 93' lang='lat' dir='ltr'>p.</span> <span class='ocrx_word' id='word_1_163' title='bbox 226 1911 331 1956; x_wconf 84' lang='lat'>3733</span> <span class='ocrx_word' id='word_1_164' title='bbox 365 1911 467 1959; x_wconf 91' lang='lat' dir='ltr'>quod</span> <span class='ocrx_word' id='word_1_165' title='bbox 488 1911 606 1960; x_wconf 89' lang='lat' dir='ltr'>ipsum</span> <span class='ocrx_word' id='word_1_166' title='bbox 638 1925 723 1954; x_wconf 86' lang='lat' dir='ltr'>eos,</span> <span class='ocrx_word' id='word_1_167' title='bbox 755 1925 777 1949; x_wconf 84' lang='lat' dir='ltr'>a</span> 
     </span>
     <span class='ocr_line' id='line_1_31' title="bbox 115 1967 778 2018; baseline 0.005 -15"><span class='ocrx_word' id='word_1_168' title='bbox 115 1967 248 2016; x_wconf 92' lang='lat' dir='ltr'>quibus</span> <span class='ocrx_word' id='word_1_169' title='bbox 271 1967 361 2004; x_wconf 89' lang='lat' dir='ltr'>haec</span> <span class='ocrx_word' id='word_1_170' title='bbox 380 1967 542 2005; x_wconf 81' lang='lat' dir='ltr'>Aristeas</span> <span class='ocrx_word' id='word_1_171' title='bbox 565 1974 677 2018; x_wconf 90' lang='lat' dir='ltr'>atque</span> <span class='ocrx_word' id='word_1_172' title='bbox 698 1969 778 2006; x_wconf 88' lang='lat' dir='ltr'>He-</span> 
     </span>
     <span class='ocr_line' id='line_1_32' title="bbox 114 2023 778 2075; baseline 0.005 -16"><span class='ocrx_word' id='word_1_173' title='bbox 114 2023 267 2060; x_wconf 86' lang='lat' dir='ltr'>rodotus</span> <span class='ocrx_word' id='word_1_174' title='bbox 290 2024 521 2074; x_wconf 89' lang='lat' dir='ltr'>acceperint,</span> <span class='ocrx_word' id='word_1_175' title='bbox 553 2038 619 2075; x_wconf 88' lang='lat' dir='ltr'>pro</span> <span class='ocrx_word' id='word_1_176' title='bbox 641 2027 778 2062; x_wconf 89' lang='lat' dir='ltr'>fructus</span> 
     </span>
     <span class='ocr_line' id='line_1_33' title="bbox 116 2079 729 2132; baseline 0.005 -16"><span class='ocrx_word' id='word_1_177' title='bbox 116 2080 302 2117; x_wconf 89' lang='lat' dir='ltr'>cuiusdam</span> <span class='ocrx_word' id='word_1_178' title='bbox 324 2079 466 2129; x_wconf 89' lang='lat' dir='ltr'>liquore</span> <span class='ocrx_word' id='word_1_179' title='bbox 487 2083 628 2132; x_wconf 85' lang='lat' dir='ltr'>cepisse</span> <span class='ocrx_word' id='word_1_180' title='bbox 643 2082 729 2119; x_wconf 87' lang='lat' dir='ltr'>vult.</span> 
     </span>
    </p>

    <p class='ocr_par' dir='ltr' id='par_1_9' title="bbox 116 2132 782 2813">
     <span class='ocr_line' id='line_1_34' title="bbox 173 2132 778 2189; baseline 0 -14"><span class='ocrx_word' id='word_1_181' title='bbox 173 2132 365 2182; x_wconf 76' lang='grc' dir='ltr'><em>παλάθας</em></span> <span class='ocrx_word' id='word_1_182' title='bbox 385 2136 631 2189; x_wconf 85' lang='grc' dir='ltr'><em>συντιθέασι]</em></span> <span class='ocrx_word' id='word_1_183' title='bbox 643 2139 778 2176; x_wconf 88' lang='lat' dir='ltr'>Glossa</span> 
     </span>
     <span class='ocr_line' id='line_1_35' title="bbox 116 2189 779 2248; baseline 0.006 -18"><span class='ocrx_word' id='word_1_184' title='bbox 116 2192 351 2231; x_wconf 87' lang='lat' dir='ltr'>Herodotea:</span> <span class='ocrx_word' id='word_1_185' title='bbox 381 2189 590 2241; x_wconf 73' lang='grc' dir='ltr'><em>παλάθας·</em></span> <span class='ocrx_word' id='word_1_186' title='bbox 627 2194 779 2248; x_wconf 77' lang='grc' dir='ltr'><em>λέγεται</em></span> 
     </span>
     <span class='ocr_line' id='line_1_36' title="bbox 117 2247 780 2303; baseline 0.003 -15"><span class='ocrx_word' id='word_1_187' title='bbox 117 2248 186 2288; x_wconf 81' lang='grc' dir='ltr'><em>καὶ</em></span> <span class='ocrx_word' id='word_1_188' title='bbox 211 2249 253 2289; x_wconf 83' lang='grc' dir='ltr'>ἐκ</span> <span class='ocrx_word' id='word_1_189' title='bbox 277 2247 414 2303; x_wconf 78' lang='grc' dir='ltr'><em>τρυγὸς</em></span> <span class='ocrx_word' id='word_1_190' title='bbox 434 2247 664 2302; x_wconf 72' lang='grc' dir='ltr'><em>πλάσματα·</em></span> <span class='ocrx_word' id='word_1_191' title='bbox 707 2267 780 2290; x_wconf 76' lang='grc' dir='ltr'>κυ-</span> 
     </span>
     <span class='ocr_line' id='line_1_37' title="bbox 118 2304 781 2359; baseline 0.006 -15"><span class='ocrx_word' id='word_1_192' title='bbox 118 2306 212 2357; x_wconf 85' lang='grc' dir='ltr'><em>ρίως</em></span> <span class='ocrx_word' id='word_1_193' title='bbox 239 2304 281 2345; x_wconf 83' lang='grc' dir='ltr'>δὲ</span> <span class='ocrx_word' id='word_1_194' title='bbox 301 2304 329 2357; x_wconf 78' lang='grc' dir='ltr'><em>ἦ</em></span> <span class='ocrx_word' id='word_1_195' title='bbox 349 2310 428 2349; x_wconf 70' lang='grc' dir='ltr'>τῶν</span> <span class='ocrx_word' id='word_1_196' title='bbox 453 2304 587 2348; x_wconf 85' lang='grc' dir='ltr'><em>σύκων</em></span> <span class='ocrx_word' id='word_1_197' title='bbox 613 2305 781 2359; x_wconf 72' lang='grc' dir='ltr'><em>ἐπάλλη-</em></span> 
     </span>
     <span class='ocr_line' id='line_1_38' title="bbox 119 2362 778 2416; baseline 0.003 -15"><span class='ocrx_word' id='word_1_198' title='bbox 119 2365 185 2408; x_wconf 85' lang='grc' dir='ltr'>λος</span> <span class='ocrx_word' id='word_1_199' title='bbox 207 2362 339 2410; x_wconf 85' lang='grc' dir='ltr'><em>θέσις,</em></span> <span class='ocrx_word' id='word_1_200' title='bbox 377 2365 440 2402; x_wconf 91' lang='lat' dir='ltr'>ubi</span> <span class='ocrx_word' id='word_1_201' title='bbox 464 2366 536 2402; x_wconf 89' lang='lat' dir='ltr'>vid.</span> <span class='ocrx_word' id='word_1_202' title='bbox 558 2366 778 2416; x_wconf 77' lang='lat' dir='ltr'>wesseling.</span> 
     </span>
     <span class='ocr_line' id='line_1_39' title="bbox 120 2418 782 2472; baseline 0.006 -17"><span class='ocrx_word' id='word_1_203' title='bbox 120 2418 304 2457; x_wconf 75' lang='lat' dir='ltr'>intellexit</span> <span class='ocrx_word' id='word_1_204' title='bbox 322 2420 472 2470; x_wconf 82' lang='lat' dir='ltr'>Noster,</span> <span class='ocrx_word' id='word_1_205' title='bbox 504 2423 531 2459; x_wconf 92' lang='lat' dir='ltr'>si</span> <span class='ocrx_word' id='word_1_206' title='bbox 553 2424 641 2472; x_wconf 84' lang='lat' dir='ltr'>quid</span> <span class='ocrx_word' id='word_1_207' title='bbox 659 2424 782 2469; x_wconf 81' lang='lat' dir='ltr'>video,</span> 
     </span>
     <span class='ocr_line' id='line_1_40' title="bbox 122 2477 782 2529; baseline 0.009 -19"><span class='ocrx_word' id='word_1_208' title='bbox 122 2487 272 2513; x_wconf 80' lang='lat' dir='ltr'><em>massam</em></span> <span class='ocrx_word' id='word_1_209' title='bbox 295 2477 455 2515; x_wconf 80' lang='lat' dir='ltr'>solidam.</span> <span class='ocrx_word' id='word_1_210' title='bbox 494 2478 679 2529; x_wconf 86' lang='lat' dir='ltr'>Namque,</span> <span class='ocrx_word' id='word_1_211' title='bbox 703 2494 782 2516; x_wconf 87' lang='lat' dir='ltr'>mo-</span> 
     </span>
     <span class='ocr_line' id='line_1_41' title="bbox 123 2533 778 2585; baseline 0.011 -18"><span class='ocrx_word' id='word_1_212' title='bbox 123 2536 235 2569; x_wconf 86' lang='lat' dir='ltr'>nente</span> <span class='ocrx_word' id='word_1_213' title='bbox 273 2533 491 2585; x_wconf 82' lang='lat' dir='ltr'>Wesseling.</span> <span class='ocrx_word' id='word_1_214' title='bbox 539 2537 586 2573; x_wconf 88' lang='lat' dir='ltr'>ad</span> <span class='ocrx_word' id='word_1_215' title='bbox 620 2536 778 2574; x_wconf 84' lang='lat' dir='ltr'>Diodor.</span> 
     </span>
     <span class='ocr_line' id='line_1_42' title="bbox 123 2588 781 2644; baseline 0.012 -21"><span class='ocrx_word' id='word_1_216' title='bbox 123 2588 241 2634; x_wconf 67' lang='lat' dir='ltr'>Xx&#39;n,</span> <span class='ocrx_word' id='word_1_217' title='bbox 263 2592 330 2635; x_wconf 80' lang='lat'>67,</span> <span class='ocrx_word' id='word_1_218' title='bbox 358 2596 498 2630; x_wconf 82' lang='lat' dir='ltr'>veteres</span> <span class='ocrx_word' id='word_1_219' title='bbox 520 2593 621 2640; x_wconf 87' lang='lat' dir='ltr'>ficos,</span> <span class='ocrx_word' id='word_1_220' title='bbox 650 2606 781 2644; x_wconf 82' lang='lat' dir='ltr'>pruna,</span> 
     </span>
     <span class='ocr_line' id='line_1_43' title="bbox 124 2643 779 2697; baseline 0.011 -16"><span class='ocrx_word' id='word_1_221' title='bbox 124 2643 196 2681; x_wconf 86' lang='lat' dir='ltr'>alia</span> <span class='ocrx_word' id='word_1_222' title='bbox 213 2645 251 2681; x_wconf 87' lang='lat' dir='ltr'>id</span> <span class='ocrx_word' id='word_1_223' title='bbox 270 2658 397 2694; x_wconf 86' lang='lat' dir='ltr'>genus,</span> <span class='ocrx_word' id='word_1_224' title='bbox 427 2661 521 2697; x_wconf 91' lang='lat' dir='ltr'>quae</span> <span class='ocrx_word' id='word_1_225' title='bbox 543 2649 779 2697; x_wconf 83' lang='lat' dir='ltr'>siccaverant,</span> 
     </span>
     <span class='ocr_line' id='line_1_44' title="bbox 126 2700 782 2744; baseline 0.012 -8"><span class='ocrx_word' id='word_1_226' title='bbox 126 2700 161 2737; x_wconf 90' lang='lat' dir='ltr'>in</span> <span class='ocrx_word' id='word_1_227' title='bbox 191 2713 347 2739; x_wconf 85' lang='lat' dir='ltr'>massam</span> <span class='ocrx_word' id='word_1_228' title='bbox 367 2703 517 2742; x_wconf 84' lang='lat' dir='ltr'>solidam</span> <span class='ocrx_word' id='word_1_229' title='bbox 539 2707 694 2744; x_wconf 87' lang='lat' dir='ltr'>densare</span> <span class='ocrx_word' id='word_1_230' title='bbox 714 2720 782 2744; x_wconf 90' lang='lat' dir='ltr'>va-</span> 
     </span>
     <span class='ocr_line' id='line_1_45' title="bbox 125 2758 782 2813; baseline 0.011 -19"><span class='ocrx_word' id='word_1_231' title='bbox 125 2758 270 2807; x_wconf 89' lang='lat' dir='ltr'>riasque</span> <span class='ocrx_word' id='word_1_232' title='bbox 308 2758 393 2795; x_wconf 87' lang='lat' dir='ltr'>hine</span> <span class='ocrx_word' id='word_1_233' title='bbox 436 2761 569 2799; x_wconf 83' lang='lat' dir='ltr'>formas</span> <span class='ocrx_word' id='word_1_234' title='bbox 605 2763 782 2813; x_wconf 85' lang='lat' dir='ltr'>effingere</span> 
     </span>
    </p>
   </div>
   <div class='ocr_carea' id='block_1_8' title="bbox 831 944 1495 1045">
    <p class='ocr_par' dir='ltr' id='par_1_10' title="bbox 831 944 1495 1045">
     <span class='ocr_line' id='line_1_46' title="bbox 831 944 1493 998; baseline 0 -11"><span class='ocrx_word' id='word_1_235' title='bbox 831 949 1024 995; x_wconf 87' lang='lat' dir='ltr'>solebant,</span> <span class='ocrx_word' id='word_1_236' title='bbox 1064 961 1155 998; x_wconf 82' lang='lat' dir='ltr'>quas</span> <span class='ocrx_word' id='word_1_237' title='bbox 1178 944 1366 995; x_wconf 75' lang='grc' dir='ltr'><em>παλάθας</em></span> <span class='ocrx_word' id='word_1_238' title='bbox 1387 962 1493 987; x_wconf 86' lang='lat' dir='ltr'>voca-</span> 
     </span>
     <span class='ocr_line' id='line_1_47' title="bbox 831 1005 1495 1045; baseline 0.003 -2"><span class='ocrx_word' id='word_1_239' title='bbox 831 1006 930 1043; x_wconf 87' lang='lat' dir='ltr'>bant.</span> <span class='ocrx_word' id='word_1_240' title='bbox 955 1026 1010 1033; x_wconf 89' lang='grc'>--</span> <span class='ocrx_word' id='word_1_241' title='bbox 1039 1005 1098 1042; x_wconf 91' lang='lat' dir='ltr'>De</span> <span class='ocrx_word' id='word_1_242' title='bbox 1126 1006 1242 1042; x_wconf 83' lang='lat' dir='ltr'>forma</span> <span class='ocrx_word' id='word_1_243' title='bbox 1262 1005 1495 1045; x_wconf 79' lang='grc' dir='ltr'><em>συντιθέασι</em></span> 
     </span>
    </p>
   </div>
   <div class='ocr_carea' id='block_1_9' title="bbox 831 1059 1494 1113">
    <p class='ocr_par' dir='ltr' id='par_1_11' title="bbox 831 1059 1494 1113">
     <span class='ocr_line' id='line_1_48' title="bbox 831 1059 1494 1113; baseline 0 -13"><span class='ocrx_word' id='word_1_244' title='bbox 831 1063 926 1100; x_wconf 88' lang='lat' dir='ltr'>conf.</span> <span class='ocrx_word' id='word_1_245' title='bbox 940 1061 1070 1098; x_wconf 87' lang='lat' dir='ltr'>Matth.</span> <span class='ocrx_word' id='word_1_246' title='bbox 1095 1059 1130 1112; x_wconf 64' lang='grc' dir='ltr'>ἓ.</span> <span class='ocrx_word' id='word_1_247' title='bbox 1153 1064 1248 1109; x_wconf 82' lang='grc'><em>210,</em></span> <span class='ocrx_word' id='word_1_248' title='bbox 1276 1066 1312 1103; x_wconf 80' lang='grc'>2.</span> <span class='ocrx_word' id='word_1_249' title='bbox 1345 1059 1494 1113; x_wconf 83' lang='grc' dir='ltr'><em>πρόβα-</em></span> 
     </span>
    </p>
   </div>
   <div class='ocr_carea' id='block_1_10' title="bbox 831 1119 1502 2811">
    <p class='ocr_par' dir='ltr' id='par_1_12' title="bbox 831 1119 1495 1281">
     <span class='ocr_line' id='line_1_49' title="bbox 831 1119 1494 1167; baseline 0.003 -14"><span class='ocrx_word' id='word_1_250' title='bbox 831 1134 878 1157; x_wconf 79' lang='grc' dir='ltr'><em>τα</em></span> <span class='ocrx_word' id='word_1_251' title='bbox 896 1130 991 1167; x_wconf 87' lang='lat' dir='ltr'>quae</span> <span class='ocrx_word' id='word_1_252' title='bbox 1011 1119 1199 1164; x_wconf 81' lang='lat' dir='ltr'>dicantur,</span> <span class='ocrx_word' id='word_1_253' title='bbox 1238 1120 1494 1156; x_wconf 82' lang='lat' dir='ltr'>annotavimus</span> 
     </span>
     <span class='ocr_line' id='line_1_50' title="bbox 831 1174 1495 1221; baseline 0 -9"><span class='ocrx_word' id='word_1_254' title='bbox 831 1176 879 1212; x_wconf 90' lang='lat' dir='ltr'>ad</span> <span class='ocrx_word' id='word_1_255' title='bbox 920 1174 957 1221; x_wconf 92' lang='lat' dir='ltr'>I,</span> <span class='ocrx_word' id='word_1_256' title='bbox 1004 1176 1094 1214; x_wconf 83' lang='grc'><strong>133.</strong></span> <span class='ocrx_word' id='word_1_257' title='bbox 1167 1175 1227 1211; x_wconf 91' lang='lat' dir='ltr'>Ad</span> <span class='ocrx_word' id='word_1_258' title='bbox 1272 1175 1495 1212; x_wconf 84' lang='lat' dir='ltr'>locutionem</span> 
     </span>
     <span class='ocr_line' id='line_1_51' title="bbox 833 1229 1495 1281; baseline -0.003 -10"><span class='ocrx_word' id='word_1_259' title='bbox 833 1230 1050 1271; x_wconf 84' lang='grc' dir='ltr'><em>σπουδαῖαι</em></span> <span class='ocrx_word' id='word_1_260' title='bbox 1071 1229 1192 1281; x_wconf 85' lang='grc' dir='ltr'><em>νομαὶ</em></span> <span class='ocrx_word' id='word_1_261' title='bbox 1212 1233 1308 1269; x_wconf 88' lang='lat' dir='ltr'>conf.</span> <span class='ocrx_word' id='word_1_262' title='bbox 1324 1232 1386 1279; x_wconf 87' lang='lat' dir='ltr'>IV,</span> <span class='ocrx_word' id='word_1_263' title='bbox 1402 1234 1495 1273; x_wconf 85' lang='lat'><strong>198.</strong></span> 
     </span>
    </p>

    <p class='ocr_par' dir='ltr' id='par_1_13' title="bbox 832 1287 1502 2811">
     <span class='ocr_line' id='line_1_52' title="bbox 888 1287 1496 1342; baseline -0.003 -15"><span class='ocrx_word' id='word_1_264' title='bbox 888 1287 991 1340; x_wconf 82' lang='grc' dir='ltr'><em>πίλῳ</em></span> <span class='ocrx_word' id='word_1_265' title='bbox 1013 1290 1161 1342; x_wconf 74' lang='grc' dir='ltr'><em>στεγνῷ</em></span> <span class='ocrx_word' id='word_1_266' title='bbox 1186 1288 1335 1340; x_wconf 76' lang='grc' dir='ltr'><em>λευκῷ]</em></span> <span class='ocrx_word' id='word_1_267' title='bbox 1389 1289 1496 1332; x_wconf 87' lang='lat' dir='ltr'>Quae</span> 
     </span>
     <span class='ocr_line' id='line_1_53' title="bbox 832 1345 1496 1395; baseline 0 -13"><span class='ocrx_word' id='word_1_268' title='bbox 832 1345 942 1395; x_wconf 82' lang='lat' dir='ltr'>vulgo</span> <span class='ocrx_word' id='word_1_269' title='bbox 967 1348 1135 1382; x_wconf 88' lang='lat' dir='ltr'>vertunt:</span> <span class='ocrx_word' id='word_1_270' title='bbox 1174 1347 1238 1382; x_wconf 79' lang='lat' dir='ltr'>mit</span> <span class='ocrx_word' id='word_1_271' title='bbox 1261 1346 1370 1382; x_wconf 75' lang='lat' dir='ltr'>ez‘nem</span> <span class='ocrx_word' id='word_1_272' title='bbox 1395 1346 1496 1382; x_wconf 67' lang='lat' dir='ltr'>dich-</span> 
     </span>
     <span class='ocr_line' id='line_1_54' title="bbox 833 1400 1497 1449; baseline 0.005 -11"><span class='ocrx_word' id='word_1_273' title='bbox 833 1406 891 1439; x_wconf 80' lang='lat' dir='ltr'>ten</span> <span class='ocrx_word' id='word_1_274' title='bbox 919 1403 1063 1438; x_wconf 71' lang='lat' dir='ltr'>weissen</span> <span class='ocrx_word' id='word_1_275' title='bbox 1094 1400 1190 1438; x_wconf 76' lang='lat' dir='ltr'><em>Fz&#39;lz.</em></span> <span class='ocrx_word' id='word_1_276' title='bbox 1248 1401 1347 1440; x_wconf 88' lang='lat' dir='ltr'>Nam</span> <span class='ocrx_word' id='word_1_277' title='bbox 1380 1405 1497 1449; x_wconf 85' lang='grc' dir='ltr'><em>πῖλος</em></span> 
     </span>
     <span class='ocr_line' id='line_1_55' title="bbox 833 1458 1495 1508; baseline 0 -12"><span class='ocrx_word' id='word_1_278' title='bbox 833 1459 905 1496; x_wconf 88' lang='lat' dir='ltr'>hoc</span> <span class='ocrx_word' id='word_1_279' title='bbox 932 1458 1013 1495; x_wconf 89' lang='lat' dir='ltr'>loco</span> <span class='ocrx_word' id='word_1_280' title='bbox 1045 1471 1120 1495; x_wconf 89' lang='lat' dir='ltr'>non</span> <span class='ocrx_word' id='word_1_281' title='bbox 1144 1459 1279 1508; x_wconf 75' lang='lat' dir='ltr'>pileum</span> <span class='ocrx_word' id='word_1_282' title='bbox 1310 1460 1495 1508; x_wconf 84' lang='lat' dir='ltr'>designat,</span> 
     </span>
     <span class='ocr_line' id='line_1_56' title="bbox 834 1516 1497 1563; baseline 0.002 -11"><span class='ocrx_word' id='word_1_283' title='bbox 834 1517 900 1553; x_wconf 91' lang='lat' dir='ltr'>sed</span> <span class='ocrx_word' id='word_1_284' title='bbox 932 1518 1066 1563; x_wconf 78' lang='lat' dir='ltr'>tegmen</span> <span class='ocrx_word' id='word_1_285' title='bbox 1091 1516 1236 1553; x_wconf 73' lang='lat' dir='ltr'>coactz&#39;le</span> <span class='ocrx_word' id='word_1_286' title='bbox 1265 1530 1282 1552; x_wconf 84' lang='lat' dir='ltr'>e</span> <span class='ocrx_word' id='word_1_287' title='bbox 1315 1516 1424 1560; x_wconf 78' lang='lat' dir='ltr'>lana,</span> <span class='ocrx_word' id='word_1_288' title='bbox 1458 1521 1497 1553; x_wconf 91' lang='lat' dir='ltr'>ut</span> 
     </span>
     <span class='ocr_line' id='line_1_57' title="bbox 834 1571 1496 1622; baseline 0 -13"><span class='ocrx_word' id='word_1_289' title='bbox 834 1576 938 1609; x_wconf 86' lang='lat' dir='ltr'>notat</span> <span class='ocrx_word' id='word_1_290' title='bbox 971 1571 1189 1621; x_wconf 83' lang='lat' dir='ltr'>Wesseling.</span> <span class='ocrx_word' id='word_1_291' title='bbox 1231 1573 1496 1622; x_wconf 71' lang='lat' dir='ltr'>Hippocratem</span> 
     </span>
     <span class='ocr_line' id='line_1_58' title="bbox 834 1627 1495 1680; baseline 0 -14"><span class='ocrx_word' id='word_1_292' title='bbox 834 1630 948 1666; x_wconf 85' lang='lat' dir='ltr'>citans</span> <span class='ocrx_word' id='word_1_293' title='bbox 971 1628 1030 1666; x_wconf 92' lang='lat' dir='ltr'>De</span> <span class='ocrx_word' id='word_1_294' title='bbox 1063 1641 1136 1666; x_wconf 89' lang='lat' dir='ltr'>aer.</span> <span class='ocrx_word' id='word_1_295' title='bbox 1166 1633 1203 1666; x_wconf 90' lang='lat' dir='ltr'>et</span> <span class='ocrx_word' id='word_1_296' title='bbox 1233 1642 1292 1678; x_wconf 83' lang='lat' dir='ltr'>aq.</span> <span class='ocrx_word' id='word_1_297' title='bbox 1321 1627 1356 1680; x_wconf 66' lang='grc' dir='ltr'>ἓ.</span> <span class='ocrx_word' id='word_1_298' title='bbox 1382 1631 1434 1669; x_wconf 79' lang='lat'>93</span> <span class='ocrx_word' id='word_1_299' title='bbox 1459 1643 1495 1679; x_wconf 88' lang='lat' dir='ltr'>p.</span> 
     </span>
     <span class='ocr_line' id='line_1_59' title="bbox 836 1685 1497 1733; baseline 0.003 -12"><span class='ocrx_word' id='word_1_300' title='bbox 836 1688 916 1727; x_wconf 78' lang='lat'>291</span> <span class='ocrx_word' id='word_1_301' title='bbox 939 1685 1019 1733; x_wconf 90' lang='lat' dir='ltr'>(ubi</span> <span class='ocrx_word' id='word_1_302' title='bbox 1045 1698 1142 1722; x_wconf 91' lang='lat' dir='ltr'>nunc</span> <span class='ocrx_word' id='word_1_303' title='bbox 1162 1686 1235 1723; x_wconf 74' lang='lat' dir='ltr'>vid.</span> <span class='ocrx_word' id='word_1_304' title='bbox 1257 1686 1417 1733; x_wconf 71' lang='lat' dir='ltr'>Coraes,</span> <span class='ocrx_word' id='word_1_305' title='bbox 1450 1687 1497 1723; x_wconf 87' lang='lat' dir='ltr'>de</span> 
     </span>
     <span class='ocr_line' id='line_1_60' title="bbox 834 1741 1497 1792; baseline 0.003 -14"><span class='ocrx_word' id='word_1_306' title='bbox 834 1743 914 1791; x_wconf 88' lang='lat' dir='ltr'>ipsa</span> <span class='ocrx_word' id='word_1_307' title='bbox 941 1754 980 1779; x_wconf 87' lang='lat' dir='ltr'>re</span> <span class='ocrx_word' id='word_1_308' title='bbox 1010 1741 1172 1791; x_wconf 86' lang='lat' dir='ltr'>pluribus</span> <span class='ocrx_word' id='word_1_309' title='bbox 1195 1743 1387 1792; x_wconf 84' lang='lat' dir='ltr'>disputans</span> <span class='ocrx_word' id='word_1_310' title='bbox 1409 1756 1497 1792; x_wconf 83' lang='lat' dir='ltr'>pag.</span> 
     </span>
     <span class='ocr_line' id='line_1_61' title="bbox 834 1798 1497 1850; baseline 0.006 -17"><span class='ocrx_word' id='word_1_311' title='bbox 834 1800 917 1839; x_wconf 82' lang='lat'>273</span> <span class='ocrx_word' id='word_1_312' title='bbox 939 1800 1076 1847; x_wconf 75' lang='lat' dir='ltr'>seqq).</span> <span class='ocrx_word' id='word_1_313' title='bbox 1107 1798 1155 1835; x_wconf 87' lang='lat' dir='ltr'>Et</span> <span class='ocrx_word' id='word_1_314' title='bbox 1176 1800 1269 1836; x_wconf 85' lang='lat' dir='ltr'>conf.</span> <span class='ocrx_word' id='word_1_315' title='bbox 1289 1800 1406 1850; x_wconf 87' lang='lat' dir='ltr'>ipsum</span> <span class='ocrx_word' id='word_1_316' title='bbox 1420 1800 1497 1837; x_wconf 90' lang='lat' dir='ltr'>He-</span> 
     </span>
     <span class='ocr_line' id='line_1_62' title="bbox 833 1853 1497 1906; baseline 0.005 -14"><span class='ocrx_word' id='word_1_317' title='bbox 833 1855 1004 1892; x_wconf 88' lang='lat' dir='ltr'>rodotum</span> <span class='ocrx_word' id='word_1_318' title='bbox 1035 1854 1105 1901; x_wconf 78' lang='lat' dir='ltr'>W,</span> <span class='ocrx_word' id='word_1_319' title='bbox 1125 1857 1190 1896; x_wconf 86' lang='lat'>73.</span> <span class='ocrx_word' id='word_1_320' title='bbox 1225 1856 1290 1896; x_wconf 81' lang='grc'>75.</span> <span class='ocrx_word' id='word_1_321' title='bbox 1325 1853 1497 1906; x_wconf 79' lang='grc' dir='ltr'><em>στεγνὸς,</em></span> 
     </span>
     <span class='ocr_line' id='line_1_63' title="bbox 835 1912 1496 1962; baseline 0.003 -15"><span class='ocrx_word' id='word_1_322' title='bbox 835 1913 936 1961; x_wconf 83' lang='lat' dir='ltr'>quod</span> <span class='ocrx_word' id='word_1_323' title='bbox 965 1912 1084 1961; x_wconf 89' lang='lat' dir='ltr'>ipsum</span> <span class='ocrx_word' id='word_1_324' title='bbox 1112 1912 1148 1948; x_wconf 90' lang='lat' dir='ltr'>in</span> <span class='ocrx_word' id='word_1_325' title='bbox 1168 1912 1407 1962; x_wconf 87' lang='lat' dir='ltr'>Hippocratis</span> <span class='ocrx_word' id='word_1_326' title='bbox 1428 1912 1450 1950; x_wconf 87' lang='lat' dir='ltr'>l.</span> <span class='ocrx_word' id='word_1_327' title='bbox 1474 1913 1496 1949; x_wconf 84' lang='lat' dir='ltr'>l.</span> 
     </span>
     <span class='ocr_line' id='line_1_64' title="bbox 836 1968 1497 2017; baseline 0.002 -11"><span class='ocrx_word' id='word_1_328' title='bbox 836 1982 879 2006; x_wconf 78' lang='lat' dir='ltr'>ex</span> <span class='ocrx_word' id='word_1_329' title='bbox 900 1968 1050 2017; x_wconf 85' lang='lat' dir='ltr'>egregia</span> <span class='ocrx_word' id='word_1_330' title='bbox 1073 1968 1344 2006; x_wconf 87' lang='lat' dir='ltr'>Hemsterhusii</span> <span class='ocrx_word' id='word_1_331' title='bbox 1372 1981 1497 2007; x_wconf 88' lang='lat' dir='ltr'>emen-</span> 
     </span>
     <span class='ocr_line' id='line_1_65' title="bbox 835 2024 1498 2076; baseline 0.002 -15"><span class='ocrx_word' id='word_1_332' title='bbox 835 2027 985 2062; x_wconf 81' lang='lat' dir='ltr'>datione</span> <span class='ocrx_word' id='word_1_333' title='bbox 1002 2037 1098 2062; x_wconf 93' lang='lat' dir='ltr'>nunc</span> <span class='ocrx_word' id='word_1_334' title='bbox 1113 2024 1264 2074; x_wconf 85' lang='lat' dir='ltr'>legitur,</span> <span class='ocrx_word' id='word_1_335' title='bbox 1291 2027 1498 2076; x_wconf 81' lang='lat' dir='ltr'>estfirmus,</span> 
     </span>
     <span class='ocr_line' id='line_1_66' title="bbox 836 2082 1499 2134; baseline 0.003 -16"><span class='ocrx_word' id='word_1_336' title='bbox 836 2083 984 2128; x_wconf 78' lang='lat' dir='ltr'>densus,</span> <span class='ocrx_word' id='word_1_337' title='bbox 1004 2082 1149 2118; x_wconf 55' lang='lat' dir='ltr'>solida&amp;</span> <span class='ocrx_word' id='word_1_338' title='bbox 1192 2083 1376 2119; x_wconf 76' lang='lat' dir='ltr'>Invenitur</span> <span class='ocrx_word' id='word_1_339' title='bbox 1399 2084 1499 2134; x_wconf 85' lang='lat' dir='ltr'>apud</span> 
     </span>
     <span class='ocr_line' id='line_1_67' title="bbox 834 2139 1500 2185; baseline 0 -8"><span class='ocrx_word' id='word_1_340' title='bbox 834 2139 988 2177; x_wconf 89' lang='lat' dir='ltr'>Diodor.</span> <span class='ocrx_word' id='word_1_341' title='bbox 1007 2139 1139 2184; x_wconf 67' lang='lat' dir='ltr'>XVlss,</span> <span class='ocrx_word' id='word_1_342' title='bbox 1158 2139 1234 2185; x_wconf 78' lang='lat'>25,</span> <span class='ocrx_word' id='word_1_343' title='bbox 1264 2139 1326 2175; x_wconf 90' lang='lat' dir='ltr'>ubi</span> <span class='ocrx_word' id='word_1_344' title='bbox 1349 2139 1500 2177; x_wconf 80' lang='lat' dir='ltr'>wesse-</span> 
     </span>
     <span class='ocr_line' id='line_1_68' title="bbox 835 2195 1501 2244; baseline 0.002 -12"><span class='ocrx_word' id='word_1_345' title='bbox 835 2195 923 2244; x_wconf 87' lang='lat' dir='ltr'>ling.</span> <span class='ocrx_word' id='word_1_346' title='bbox 951 2195 1079 2233; x_wconf 82' lang='lat' dir='ltr'>laudat</span> <span class='ocrx_word' id='word_1_347' title='bbox 1099 2195 1252 2233; x_wconf 85' lang='lat' dir='ltr'>Diodor.</span> <span class='ocrx_word' id='word_1_348' title='bbox 1281 2195 1353 2232; x_wconf 90' lang='lat' dir='ltr'>XX</span> <span class='ocrx_word' id='word_1_349' title='bbox 1376 2196 1437 2233; x_wconf 87' lang='lat' dir='ltr'>fin.</span> <span class='ocrx_word' id='word_1_350' title='bbox 1462 2201 1501 2233; x_wconf 87' lang='lat' dir='ltr'>et</span> 
     </span>
     <span class='ocr_line' id='line_1_69' title="bbox 838 2251 1500 2302; baseline 0 -13"><span class='ocrx_word' id='word_1_351' title='bbox 838 2252 1008 2302; x_wconf 84' lang='lat' dir='ltr'>Euripid.</span> <span class='ocrx_word' id='word_1_352' title='bbox 1033 2252 1184 2302; x_wconf 71' lang='lat' dir='ltr'>Cyclop.</span> <span class='ocrx_word' id='word_1_353' title='bbox 1217 2253 1314 2293; x_wconf 78' lang='lat'><strong>323.</strong></span> <span class='ocrx_word' id='word_1_354' title='bbox 1341 2274 1394 2280; x_wconf 92' lang='lat'>——</span> <span class='ocrx_word' id='word_1_355' title='bbox 1442 2251 1500 2290; x_wconf 84' lang='lat' dir='ltr'>Ad</span> 
     </span>
     <span class='ocr_line' id='line_1_70' title="bbox 840 2309 1500 2358; baseline 0.002 -12"><span class='ocrx_word' id='word_1_356' title='bbox 840 2309 908 2347; x_wconf 90' lang='lat' dir='ltr'>loci</span> <span class='ocrx_word' id='word_1_357' title='bbox 928 2314 1181 2358; x_wconf 86' lang='lat' dir='ltr'>argumentum</span> <span class='ocrx_word' id='word_1_358' title='bbox 1203 2309 1373 2346; x_wconf 87' lang='lat' dir='ltr'>observat</span> <span class='ocrx_word' id='word_1_359' title='bbox 1397 2309 1500 2347; x_wconf 84' lang='lat' dir='ltr'>Hee-</span> 
     </span>
     <span class='ocr_line' id='line_1_71' title="bbox 839 2366 1501 2416; baseline -0.002 -13"><span class='ocrx_word' id='word_1_360' title='bbox 839 2379 914 2405; x_wconf 89' lang='lat' dir='ltr'>ren.</span> <span class='ocrx_word' id='word_1_361' title='bbox 936 2366 1049 2403; x_wconf 89' lang='lat' dir='ltr'>Ideen</span> <span class='ocrx_word' id='word_1_362' title='bbox 1070 2366 1098 2413; x_wconf 90' lang='grc' dir='ltr'><em>Ι,</em></span> <span class='ocrx_word' id='word_1_363' title='bbox 1121 2370 1148 2408; x_wconf 83' lang='lat'><strong>2</strong></span> <span class='ocrx_word' id='word_1_364' title='bbox 1171 2378 1256 2416; x_wconf 84' lang='lat' dir='ltr'>pag.</span> <span class='ocrx_word' id='word_1_365' title='bbox 1280 2367 1362 2407; x_wconf 81' lang='lat'>283</span> <span class='ocrx_word' id='word_1_366' title='bbox 1386 2367 1501 2403; x_wconf 89' lang='lat' dir='ltr'>videri</span> 
     </span>
     <span class='ocr_line' id='line_1_72' title="bbox 838 2422 1501 2472; baseline 0 -13"><span class='ocrx_word' id='word_1_367' title='bbox 838 2423 1071 2460; x_wconf 85' lang='lat' dir='ltr'>Herodotum</span> <span class='ocrx_word' id='word_1_368' title='bbox 1102 2422 1229 2472; x_wconf 86' lang='lat' dir='ltr'>palos,</span> <span class='ocrx_word' id='word_1_369' title='bbox 1273 2435 1384 2472; x_wconf 90' lang='lat' dir='ltr'>super</span> <span class='ocrx_word' id='word_1_370' title='bbox 1407 2436 1501 2472; x_wconf 85' lang='lat' dir='ltr'>qnos</span> 
     </span>
     <span class='ocr_line' id='line_1_73' title="bbox 840 2480 1502 2528; baseline -0.003 -11"><span class='ocrx_word' id='word_1_371' title='bbox 840 2484 1052 2518; x_wconf 86' lang='lat' dir='ltr'>sternuntur</span> <span class='ocrx_word' id='word_1_372' title='bbox 1080 2480 1264 2527; x_wconf 85' lang='lat' dir='ltr'>tentoria,</span> <span class='ocrx_word' id='word_1_373' title='bbox 1302 2492 1370 2528; x_wconf 85' lang='lat' dir='ltr'>pro</span> <span class='ocrx_word' id='word_1_374' title='bbox 1395 2480 1502 2516; x_wconf 86' lang='lat' dir='ltr'>arbo-</span> 
     </span>
     <span class='ocr_line' id='line_1_74' title="bbox 837 2535 1500 2585; baseline -0.003 -12"><span class='ocrx_word' id='word_1_375' title='bbox 837 2537 958 2583; x_wconf 87' lang='lat' dir='ltr'>ribus,</span> <span class='ocrx_word' id='word_1_376' title='bbox 1000 2536 1132 2585; x_wconf 80' lang='lat' dir='ltr'>quibus</span> <span class='ocrx_word' id='word_1_377' title='bbox 1164 2549 1254 2573; x_wconf 76' lang='lat' dir='ltr'>sane</span> <span class='ocrx_word' id='word_1_378' title='bbox 1287 2536 1335 2572; x_wconf 77' lang='lat' dir='ltr'>iiii</span> <span class='ocrx_word' id='word_1_379' title='bbox 1366 2535 1500 2573; x_wconf 85' lang='lat' dir='ltr'>similes</span> 
     </span>
     <span class='ocr_line' id='line_1_75' title="bbox 838 2592 1501 2640; baseline -0.005 -10"><span class='ocrx_word' id='word_1_380' title='bbox 838 2598 944 2639; x_wconf 87' lang='lat' dir='ltr'>sunt,</span> <span class='ocrx_word' id='word_1_381' title='bbox 975 2592 1167 2639; x_wconf 84' lang='lat' dir='ltr'>habuisse,</span> <span class='ocrx_word' id='word_1_382' title='bbox 1207 2606 1287 2630; x_wconf 88' lang='lat' dir='ltr'>cum</span> <span class='ocrx_word' id='word_1_383' title='bbox 1309 2593 1412 2640; x_wconf 79' lang='lat' dir='ltr'>regio</span> <span class='ocrx_word' id='word_1_384' title='bbox 1434 2592 1501 2627; x_wconf 82' lang='lat' dir='ltr'>ista</span> 
     </span>
     <span class='ocr_line' id='line_1_76' title="bbox 838 2650 1500 2699; baseline -0.006 -12"><span class='ocrx_word' id='word_1_385' title='bbox 838 2650 1031 2687; x_wconf 86' lang='lat' dir='ltr'>arboribus</span> <span class='ocrx_word' id='word_1_386' title='bbox 1050 2662 1175 2687; x_wconf 78' lang='lat' dir='ltr'>revera</span> <span class='ocrx_word' id='word_1_387' title='bbox 1198 2661 1347 2699; x_wconf 85' lang='lat' dir='ltr'>prorsus</span> <span class='ocrx_word' id='word_1_388' title='bbox 1369 2651 1500 2684; x_wconf 81' lang='lat' dir='ltr'>careat.</span> 
     </span>
     <span class='ocr_line' id='line_1_77' title="bbox 838 2705 1502 2755; baseline -0.008 -11"><span class='ocrx_word' id='word_1_389' title='bbox 838 2706 973 2755; x_wconf 87' lang='lat' dir='ltr'>Neque</span> <span class='ocrx_word' id='word_1_390' title='bbox 996 2706 1144 2743; x_wconf 88' lang='lat' dir='ltr'>omnino</span> <span class='ocrx_word' id='word_1_391' title='bbox 1168 2718 1248 2742; x_wconf 91' lang='lat' dir='ltr'>eam</span> <span class='ocrx_word' id='word_1_392' title='bbox 1271 2705 1388 2752; x_wconf 85' lang='lat' dir='ltr'>gentis</span> <span class='ocrx_word' id='word_1_393' title='bbox 1417 2716 1502 2753; x_wconf 84' lang='lat' dir='ltr'>par-</span> 
     </span>
     <span class='ocr_line' id='line_1_78' title="bbox 840 2760 1502 2811; baseline -0.006 -11"><span class='ocrx_word' id='word_1_394' title='bbox 840 2769 934 2809; x_wconf 81' lang='lat' dir='ltr'>tem,</span> <span class='ocrx_word' id='word_1_395' title='bbox 982 2775 1092 2811; x_wconf 87' lang='lat' dir='ltr'>quam</span> <span class='ocrx_word' id='word_1_396' title='bbox 1132 2761 1347 2798; x_wconf 80' lang='lat' dir='ltr'>Herodotus</span> <span class='ocrx_word' id='word_1_397' title='bbox 1393 2760 1502 2807; x_wconf 86' lang='lat' dir='ltr'>norit,</span> 
     </span>
    </p>
   </div>
   <div class='ocr_carea' id='block_1_11' title="bbox 1194 2813 1282 2858">
    <p class='ocr_par' dir='ltr' id='par_1_14' title="bbox 1194 2813 1282 2858">
     <span class='ocr_line' id='line_1_79' title="bbox 1194 2813 1282 2858; baseline -0.023 0"><span class='ocrx_word' id='word_1_398' title='bbox 1194 2813 1282 2858; x_wconf 77' lang='lat'>21*</span> 
     </span>
    </p>
   </div>
  </div>
 </body>
</html>
