1863 3256
0 698 85 757 376

434 171 999 214 MELPOMENE.

1058 173 1120 209 Ν.
1328 180 1408 218 421

148 286 244 340 περὶ
283 287 412 329 λίθον
451 283 614 339 τρηχύν
652 286 730 338 τῆς
771 282 1070 335 κυπαρίσσου,
1121 282 1195 325 καὶ
1234 281 1409 336 κέδρου,

147 356 221 398 καὶ
249 355 433 410 λιβάνου
462 354 612 406 ξύλου·

670 355 743 398 καὶ
781 355 924 397 ἔπειτα
961 354 1011 396 τὸ
1049 351 1410 407 κατασωχόμενον

147 430 299 476 τοῦτο,
330 426 444 481 παχύ
476 425 572 478 ἐόν,
602 424 979 469 καταπλάσσονται
1008 426 1096 466 πᾶν
1122 423 1171 466 τὸ
1191 427 1314 478 σῶμα
1336 424 1410 466 καὶ

117 502 140 537 3
152 495 200 539 τὸ
230 494 480 549 πρόσωπον.

540 499 613 540 καὶ
644 495 733 551 ἅμα
763 496 841 550 μὲν
864 494 1023 551 εὐωδίη
1045 494 1180 549 σφέας
1203 493 1289 537 dud
1308 493 1406 537 τού·
1421 501 1465 535 80

146 582 226 609 του
257 568 385 620 ἴσχει,
430 566 518 622 ἅμα
557 568 603 610 δὲ
642 565 929 619 ἀπαιρέουσαι
966 569 1020 621 τῇ
1060 565 1237 620 δευτέρῃ
1272 563 1409 621 ἡμέρῃ

145 636 226 692 τήν
255 636 586 689 καταπλαστὺν,
619 638 816 693 γίνονται
845 636 1040 691 καθαραὶ
1069 636 1141 679 καὶ
1170 637 1376 691 λαμπραί.

89 951 225 987 arboris
250 949 455 1000 tleurvferae,
480 962 576 999 quae
597 962 644 987 ne
668 950 747 998 quis

85 1008 253 1054 miretur,
302 1008 376 1056 quai
411 1007 466 1042 via
503 1007 551 1043 ad
591 1006 747 1055 Scythas

83 1064 276 1114 pervenire
312 1064 516 1112 potuerint,
581 1064 747 1111 cogitan-

85 1120 172 1156 dum
202 1124 256 1156 est
281 1121 327 1156 de
349 1119 563 1156 commercio
586 1119 745 1165 florenti,

84 1176 187 1225 quod
208 1176 362 1222 Graeci,
388 1175 493 1212 Iones
512 1176 743 1224 praesertim,

84 1245 164 1269 cum
192 1232 290 1268 hisce
312 1231 419 1268 Ponti
447 1232 518 1267 oris
540 1231 742 1268 habuerint.

85 1284 252 1338 σώχουσι
275 1287 432 1324 Glossae
454 1292 642 1336 exponunt
661 1287 742 1337 τρί-

82 1345 200 1396 βουσι
231 1344 391 1392 itemque
420 1344 552 1380 Suidas
582 1343 629 1379 111
656 1356 740 1393 pag.

81 1399 188 1448 358‚
226 1413 382 1449 quocum
421 1401 561 1437 confert
589 1399 741 1437 Nesse-

79 1457 167 1505 ling.
205 1456 380 1493 Nicandr.
419 1456 602 1494 Theriacc.
646 1455 740 1497 590.

82 1515 164 1553 696
193 1513 314 1562 ibique
339 1513 461 1550 Schol.
492 1534 538 1539 —
594 1512 742 1549 Cedrini

80 1570 149 1606 alez·
190 1570 227 1606 in
267 1570 489 1606 medicandis
533 1567 739 1618 Aegyptio-

79 1638 160 1663 rum
189 1625 425 1663 cadaveribus
457 1625 594 1662 mentio
624 1625 665 1661 fit
691 1625 738 1673 ΙΙ,

79 1683 157 1728 87,
186 1682 298 1718 thuris
327 1694 356 1719 s,
381 1683 518 1718 arboris
542 1681 739 1719 thuriferae

79 1737 137 1785 ll,
168 1740 244 1784 86,
274 1738 334 1774 ubi
361 1739 434 1776 vid.
463 1742 540 1775 not.
568 1759 624 1766 —
677 1737 737 1775 Ad

81 1794 194 1832 verba
221 1807 326 1843 seqq.
351 1793 418 1833 καὶ
449 1793 581 1833 ἔπειτα
605 1790 649 1833 τὸ
669 1809 737 1832 κα-

78 1845 283 1901 τασωχόμε
268 1866 358 1889 νον
375 1853 491 1890 τοῦτο
512 1872 565 1878 -
607 1849 674 1889 καὶ
692 1866 734 1890 το

78 1902 292 1958 πρόσωπον
319 1909 361 1945 cf.
388 1907 567 1945 Matthiae
594 1906 630 1958 ἓ.
652 1909 734 1948 421

77 1967 154 2001 not.
175 1965 201 2003 2
222 1977 251 2000 c.
274 1977 310 2014 p.
333 1962 427 2004 774.
470 1964 591 2013 Ipsum
610 1964 737 2001 mulie-

76 2033 157 2057 rum
185 2033 322 2057 morem
351 2021 399 2057 ad
419 2020 599 2058 Siberiam
625 2021 739 2058 refert

77 2076 255 2115 Niebuhr.
274 2076 295 2113 1.
316 2076 339 2113 l.

135 2128 281 2183 ευωδίη
318 2130 442 2182 σφέας
475 2128 556 2172 α’πὸ
591 2128 736 2172 τούτου

77 2187 200 2239 ι’σχει]
237 2190 528 2239 Supra1,69:
561 2188 628 2228 καὶ
658 2205 734 2242 γαρ

76 2260 181 2292 τινες
206 2241 352 2291 αὐτους
379 2240 596 2296 εὕεογεσίαι
619 2250 735 2297 εἰχον-

76 2301 136 2340 De
157 2315 224 2339 usu
237 2303 518 2354 praepositionis
539 2298 617 2344 α’πὸ
638 2304 734 2341 cons.

77 2357 148 2408 111,
175 2361 243 2401 23.

247 2448 357 2500 cap.
387 2447 558 2487 LXXVI.

138 2523 351 2566 Ξεινικοῖσι
379 2526 422 2566 δὲ
454 2527 654 2579 νομαίοισι
680 2549 735 2556 —

80 2577 293 2632 φεύγουσι]
317 2585 421 2627 Quae
442 2586 599 2622 scribens
616 2585 736 2622 Heio-

79 2638 188 2674 dotus
209 2638 302 2675 Italo
322 2639 511 2690 {nterpieti
533 2642 736 2692 lespexisse

79 2694 223 2731 videtur
240 2695 287 2731 ad
301 2708 357 2741 ea,
378 2709 472 2744 quae
484 2698 528 2734 de
542 2696 735 2747 Aegyptiis

79 2750 134 2796 ll,
163 2751 212 2789 91
235 2756 460 2788 enarrantur.
498 2752 646 2798 ξεινικα
668 2750 737 2792 νό-

80 2820 178 2857 μαια
198 2812 384 2844 occurrunt
404 2807 464 2853 1V‚
495 2811 548 2849 77
571 2810 631 2846 fin.
656 2809 735 2847 coll.

256 707 492 754 Ξεινικοῖσι
531 706 577 750 δὲ
614 708 837 763 νομαίοισι
873 707 947 750 καὶ
988 701 1110 749 οὗτοι
1142 708 1273 758 αἰνῶς
1301 711 1407 763 χρᾶ-

145 782 252 821 σθαι
282 776 520 833 φεύγουσι,
553 777 611 834 μή
641 795 680 822 τι
708 795 756 834 γε
786 773 848 821 ὦν
878 777 1093 835 ἀλλήλων,
1119 775 1406 834 Ἑλληνικοῖσι

782 1231 925 1276 nutans,
948 1230 1036 1266 haec
1059 1230 1232 1267 subiecit:

805 950 859 990 80
886 949 949 988 fin.
970 949 1008 995 Ι,
1043 948 1135 989 135.
1174 948 1234 986 Ad
1262 947 1388 996 αἰνῶς
1414 950 1462 988 cf.

803 1010 899 1043 nott.
922 1006 970 1042 ad
991 1005 1061 1053 vl,
1093 1005 1158 1044 52.

859 1058 913 1112 μή
941 1077 978 1100 τι
1007 1076 1049 1112 γε
1085 1055 1142 1099 οἷν
1161 1075 1196 1098 κ.
1225 1076 1256 1098 τ.
1277 1061 1334 1111 A]
1366 1061 1462 1099 Her-

801 1131 923 1155 mann.
945 1119 993 1154 ad
1014 1117 1135 1166 Viger.
1153 1131 1188 1167 p.
1204 1117 1284 1157 804
1308 1118 1340 1153 h.
1358 1117 1379 1154 l.
1404 1119 1462 1164 (in

800 1187 873 1223 quo
911 1174 1073 1211 exhibuit
1111 1169 1264 1223 μήτοι
1300 1188 1343 1223 γε
1380 1168 1459 1223 οἷν)

1262 1230 1460 1277 „Scriben-

799 1287 887 1323 dum
918 1287 1062 1322 videtur
1092 1283 1221 1324 ἄλλων
1247 1299 1313 1335 pro
1338 1281 1460 1336 cZAAn'-

797 1345 876 1381 λων
908 1341 959 1392 [111
980 1342 1078 1392 quod
1097 1343 1193 1379 idem
1214 1343 1384 1379 incidisse
1404 1344 1459 1379 vi-

797 1401 867 1437 deo
881 1399 986 1435 Schw
990 1398 1081 1448 eigh
1087 1399 1113 1449 ].
1143 1398 1264 1435 Locus
1278 1398 1457 1436 difficilior

797 1460 876 1503 est,
907 1456 1007 1505 quod
1029 1471 1081 1506 μη
1102 1459 1139 1492 et
1161 1451 1304 1503 ἥκιστα
1325 1455 1456 1492 dicun·

796 1517 854 1549 tur
883 1524 958 1548 non
985 1513 1032 1548 ad
1065 1513 1216 1550 verbum
1245 1505 1453 1562 φεύγουσι,

795 1569 860 1606 sed
880 1569 927 1606 ad
946 1569 1161 1605 sententiam
1175 1596 1185 1615 ,
1215 1580 1309 1616 quae
1326 1573 1381 1605 est
1402 1565 1451 1607 οὗ

794 1640 964 1676 χρωνται
976 1652 988 1671 ,
1006 1624 1128 1661 relata.
1141 1624 1357 1662 Germanice
1368 1637 1453 1675 par-

792 1681 981 1718 ticularum
1008 1681 1079 1718 vim
1101 1682 1151 1718 sic
1166 1681 1363 1730 exprimas:
1401 1683 1450 1718 sie

794 1739 957 1775 hodiem-n
977 1738 1048 1774 siclt
1065 1736 1343 1786 lcez'nersremden
1354 1737 1450 1774 Ein-

793 1795 1024 1843 rt'clctungen,
1062 1794 1288 1830 wirlalzsscle
1318 1795 1448 1831 nicht

792 1851 967 1888 einmal
1004 1851 1154 1887 anclerer
1197 1850 1340 1896 solt-er,
1387 1851 1450 1887 der

792 1908 963 1945 Grieclzen
1005 1909 1088 1944 aber
1125 1919 1182 1943 am
1218 1907 1450 1955 wen‘e'gstenf‘

793 1965 914 2007 Quam
949 1964 1286 2013 interpretationem
1314 1965 1450 2014 probat

791 2020 1222 2069 813111161ς11.Ε(]111113111
1253 2016 1307 2071 μή
1338 2035 1373 2058 τι
1406 2034 1450 2072 γε

794 2078 852 2116 ὥν
886 2072 1068 2126 αλλήλων
1095 2077 1278 2114 Sancrofti
1304 2077 1385 2113 cod.
1413 2080 1450 2114 et

790 2133 993 2172 Florentiui
1029 2146 1073 2170 ex
1109 2134 1329 2170 auctoritate
1363 2134 1450 2170 reti-

791 2191 877 2237 nui,
918 2189 1019 2239 quod
1051 2188 1182 2226 Matth.
1215 2190 1280 2226 Gr.
1310 2190 1375 2226 Gr.
1409 2188 1448 2241 ἓ.

792 2248 895 2292 610,
944 2250 969 2286 2
1003 2258 1089 2296 pag.
1129 2248 1237 2287 1232
1273 2245 1448 2296 explicat:

790 2316 876 2349 „um
902 2303 999 2339 nicht
1021 2316 1066 2338 zu
1085 2316 1217 2351 sagen,
1252 2306 1354 2339 unter
1374 2304 1449 2338 ein-

792 2359 931 2407 ander,
974 2358 1007 2395 (l.
1037 2359 1069 2395 11.
1104 2360 1201 2395 nicht
1222 2372 1291 2395 um·
1313 2359 1448 2395 nicht.“

791 2416 901 2453 Plura
929 2416 1032 2452 dabit
1050 2416 1091 2453 C.
1111 2417 1154 2455 F.
1177 2416 1378 2461 Hermann.
1399 2415 1448 2452 ad

791 2471 942 2510 Lucian.
983 2472 1030 2509 de
1060 2473 1236 2509 conscrib.
1261 2473 1385 2509 histor.
1409 2485 1446 2521 p.

771 2522 874 2569 ‘152
892 2542 968 2577 seq.
1007 2528 1269 2576 wyttenbach.
1296 2529 1343 2565 ad
1364 2528 1448 2565 Plu-

791 2585 902 2622 tarch.
948 2585 1089 2622 Morall.
1120 2585 1136 2621 Ι
1166 2599 1202 2635 p.
1234 2585 1326 2625 153.
1384 2584 1448 2620 Est

791 2642 884 2679 enim
898 2670 909 2688 ‚
937 2642 966 2677 si
989 2642 1079 2691 quid
1100 2642 1229 2687 video,
1255 2641 1343 2677 haec
1361 2640 1447 2676 scri-

790 2699 904 2749 ptoris
934 2698 1133 2743 sententia,
1164 2702 1203 2733 ut
1226 2697 1274 2732 illi
1300 2696 1447 2731 omuino

791 2754 994 2804 peregrinis
1021 2754 1238 2791 abhorreant
1258 2752 1448 2798 institutis,

794 2822 866 2847 non
896 2809 1011 2847 solum
1039 2810 1112 2845 suis
1140 2809 1300 2859 ipsorum
1346 2804 1389 2858 (i.
1419 2820 1449 2844 e.

1463 740 1594 766 externis
1606 750 1613 766 :

1463 772 1578 799 chau-sin
1602 782 1741 813 refers-us

1463 813 1499 833 cx
1517 814 1739 842 peregrinatio-

1466 704 1562 732 Aiieni
1575 714 1591 733 a
1611 708 1740 767 mormibufl

1665 763 1667 766 ,
1690 750 1737 767 ΙΙῗΓ
