1863 3256
460 85 1020 127 MELPOMENE.
1081 87 1140 124 lv.

140 197 295 252 Ξκρὲα,

1351 94 1434 132 329

358 202 483 242 δαῖτα
525 195 820 250 προτιθέαται.
879 194 960 251 τήν
991 194 1037 238 δὲ
1066 194 1265 251 κεφαλὴν
1297 197 1489 241 αὐτοῦ9ο

169 267 436 320 ψιλώσαντες
475 267 548 311 καὶ
583 265 928 322 ἐκκαθήραντες,
966 271 1311 320 καταχρυσοῦσι·
1362 270 1436 312 καὶ

171 338 310 382 ἔπειτα
342 339 414 382 ἅτε
450 336 662 395 α’γάλματι
692 338 924 394 χρέωνται,
955 338 1114 388 θυσίας
1138 338 1326 394 μεγάλας
1346 339 1434 383 ἐπε·

169 514 282 552 δαῖτα
318 509 590 563 προτιθέαται]

112 570 391 621 προτίθενταις
428 569 660 605 Florentinus
684 582 771 618 sug-

111 627 228 676 gessit
265 624 545 675 προτιθέαται,
588 626 688 674 quod
715 640 772 663 re-

110 687 220 720 centt.
243 683 327 719 edd.
348 684 422 719 iure
443 688 670 732 receperunt.
713 683 771 719 Ad

109 741 226 790 ipsam
248 752 322 776 rem
342 740 442 788 quod
460 740 613 786 attinet,
645 740 771 776 similia

110 796 293 845 quaedam
316 796 363 833 de
383 795 555 842 Paddais,
586 802 694 845 gente
711 797 772 832 In-

113 853 218 899 dica,
260 854 468 890 reseruntur
495 852 563 899 ΙΙΙ,
591 855 642 892 99
667 854 770 890 etde

112 909 334 958 Massagetis
373 909 409 955 Ι,
452 911 557 955 216,
609 910 669 946 ubi
698 910 771 948 vid.

113 970 207 1003 nott.
267 967 319 1002 Ac
336 965 479 1003 saeculo
501 966 641 1003 decimo
659 971 773 1015 atque

113 1023 222 1060 tertio
248 1023 404 1059 barbara
432 1023 658 1060 consuetudo
688 1036 773 1073 pro-

112 1079 330 1129 pinquorum
370 1091 526 1128 corpora
572 1079 774 1116 devorandi

112 1136 213 1186 apud
251 1135 457 1172 Tibetanos
494 1135 654 1184 viguisse
699 1136 773 1172 ser-

111 1196 191 1239 tur3
239 1191 312 1229 vid.
342 1191 516 1228 Meiners.
557 1192 594 1228 in
631 1192 773 1229 Comm.

112 1249 247 1286 Societ.
273 1248 377 1284 Gott.
398 1247 484 1284 Xlll
513 1262 549 1298 p.
568 1250 622 1289 72
643 1253 719 1285 not.
742 1262 773 1287 c.

113 1305 214 1349 Quin
243 1304 439 1342 etiamnum
468 1305 514 1341 ab
545 1305 685 1343 insulae
703 1305 775 1341 Su-

112 1366 252 1400 matrae
295 1360 444 1408 incolis,
508 1374 601 1410 quos
643 1365 774 1398 vocant

113 1418 261 1464 Battas‚
286 1418 380 1456 idem
398 1417 476 1455 fieri
500 1422 659 1456 testatur
672 1419 775 1456 Hee-

114 1489 190 1514 ren.
218 1475 331 1512 Ideen
351 1474 379 1522 1,
404 1477 430 1514 2
453 1488 489 1525 p.
508 1476 602 1517 285.
634 1476 694 1512 Ad
716 1476 772 1513 sa-

114 1532 216 1569 bulas
233 1532 323 1569 haec
335 1531 501 1579 relegare
514 1533 574 1581 qui
585 1534 775 1570 contendit

115 1588 271 1627 Rennel.
288 1601 323 1638 p.
346 1587 441 1635 440,
471 1590 551 1639 ipse
572 1590 774 1635 admonuit,

116 1658 198 1683 eum
219 1658 376 1691 morem,
416 1657 488 1694 quo
514 1646 645 1683 affines
670 1660 776 1684 sene-

116 1706 257 1739 scentes
286 1701 527 1749 interficiant‚
567 1704 603 1739 in
624 1703 776 1752 Benga—

115 1758 163 1796 lia
180 1758 333 1807 aliisque
349 1758 457 1796 Asiae
472 1759 638 1810 partibus
657 1760 776 1798 adhuc

115 1816 294 1853 obtinere.

652 513 772 561 Vulgo

171 1883 248 1937 τήν
282 1883 324 1925 ὁὲ
352 1884 532 1938 κεφαλήν
573 1881 775 1926 αὐτοῦ-

116 1944 420 1993 καταχρυσοῦσι]
465 1945 486 1981 i.
509 1958 539 1982 e.
563 1948 668 1995 caput
697 1957 776 1981 vero

117 2000 311 2051 depilatum
340 2005 646 2051 &purgatumque
670 2003 778 2038 inau-

117 2061 222 2105 rant,
272 2070 374 2107 eoque
413 2062 565 2095 utuntur
607 2063 778 2109 tanquam

118 2128 217 2151 sacro
239 2113 286 2165 (s.
310 2116 462 2152 donario
492 2116 560 2152 diis
589 2129 778 2153 consecra-

117 2173 176 2220 to)
195 2171 338 2222 quando
358 2186 482 2208 annua
502 2174 679 2223 sacrificia
697 2185 778 2222 per-

118 2232 247 2277 agunt.
327 2228 399 2266 Pro
451 2232 778 2280 καταχρυσοῦσι

119 2285 178 2322 alii
207 2280 523 2336 ἆποχρυσοῦσι,
562 2287 661 2336 quod
681 2287 776 2324 idem

119 2343 217 2392 apud
240 2341 456 2380 Artemidor.
479 2344 550 2381 On.
572 2344 608 2390 l,
643 2343 696 2384 52
719 2344 776 2380 in-

121 2399 283 2446 venitur,
318 2404 414 2438 teste
441 2400 684 2450 wesseling„
715 2400 777 2449 qui

120 2459 307 2503 praeterea
332 2457 391 2493 hic
418 2457 544 2495 laudat
566 2458 706 2495 Herod
731 2456 777 2504 ΙΙ,

126 2512 204 2550 130
225 2512 300 2548 coll.
323 2513 386 2559 lV,
408 2514 475 2560 65,
505 2515 565 2551 ubi
585 2528 650 2564 pro
669 2529 777 2579 περι-

121 2564 326 2617 χρυσώσας
345 2570 402 2606 alii
423 2570 505 2608 libri
524 2583 777 2623 καταχρυσω·

124 2635 205 2670 σας.
255 2624 348 2661 Ad
339 2640 455 2676 ipsum
483 2627 552 2665 loci
579 2641 776 2678 argumen-

124 2686 200 2717 tum
225 2682 309 2719 facit
328 2683 507 2734 Pompon.
528 2686 628 2723 Mela
657 2686 710 2732 ΙΙ,
742 2690 778 2733 1,

127 2739 201 2779 87;
239 2767 262 2786 ,,
277 2739 482 2779 Essedones
499 2743 625 2781 funera
646 2756 779 2795 paren-

830 517 907 550 tum
940 513 1023 549 laeti
1058 516 1096 550 et
1129 514 1283 550 victimis
1315 526 1357 551 ac
1395 515 1489 551 sesto

831 571 930 606 coitu
947 569 1173 607 familiarium
1188 571 1384 608 celebrant.
1398 571 1492 608 Cor-

828 639 921 676 pora
940 627 1019 676 ipsa
1039 626 1174 663 laniata
1194 632 1229 664 et
1248 628 1361 665 caesis
1381 640 1492 677 peco-

829 696 906 719 rum
933 683 1132 720 visccribns
1151 684 1308 721 immista
1336 684 1491 734 epulan-

830 740 877 775 do
901 745 1131 776 consumunt.
1164 741 1300 791 Capita
1319 742 1379 778 ubi
1399 742 1493 778 fabri

829 796 1035 845 expolivere
1050 827 1060 844 ‚
1091 810 1180 834 auro
1201 799 1320 835 vincta
1339 811 1405 848 pro
1427 811 1495 848 po-

830 853 917 889 culis
948 858 1091 902 gerunt.
1142 854 1247 892 Hace
1280 861 1364 891 sunt
1393 855 1494 905 apud

829 910 929 958 ipsos
972 910 1119 959 pietatis
1163 911 1288 947 ultima
1333 912 1493 949 officia.“

829 966 880 1002 Et
900 967 943 1003 cf.
967 967 1053 1003 ibid.
1076 966 1122 1013 ll,
1157 971 1193 1013 1,
1223 968 1314 1008 228.
1371 967 1494 1017 Atque

832 1023 912 1072 ipse
934 1023 1147 1059 Herodotus
1168 1023 1239 1070 lv,
1264 1024 1316 1064 65
1349 1029 1495 1061 enarrat

832 1078 988 1128 Scythas
1024 1079 1183 1116 hostiurn
1224 1080 1495 1118 interfectorum

832 1140 896 1171 aut
920 1135 1144 1172 inimicorum
1175 1136 1304 1173 craniis
1332 1138 1383 1173 uti
1412 1142 1496 1174 tan-

831 1204 940 1240 quam
955 1192 1107 1242 pocnlis.
1139 1193 1259 1236 Quem
1278 1194 1495 1242 Scytharum

831 1261 969 1285 morem
1001 1249 1203 1298 attigerunt
1228 1250 1334 1287 Plato
1363 1251 1399 1287 in
1420 1250 1496 1287 Eu-

831 1304 935 1353 thyd.
964 1318 1050 1355 pag.
1083 1308 1165 1347 299
1193 1306 1235 1343 Ε.
1281 1320 1367 1357 pag.
1398 1308 1494 1348 395.

828 1361 930 1398 Alios
951 1362 1099 1400 aliarum
1120 1364 1282 1412 gentium
1303 1364 1391 1401 ritus
1407 1377 1495 1402 con-

831 1418 962 1455 similes
996 1420 1169 1457 indicavit
1198 1420 1417 1459 Tzschucke
1446 1421 1496 1458 ad

830 1474 918 1512 Mel.
939 1480 1033 1513 nott.
1060 1490 1191 1526 exegg.
1220 1490 1306 1527 pag.
1331 1479 1384 1519 57
1410 1477 1492 1515 Vol.

831 1531 1009 1570 111P.11.
1049 1534 1187 1570 Heind.
1210 1535 1346 1571 Strabo
1370 1534 1436 1571 Vll
1455 1548 1493 1585 p.

832 1590 914 1629 238
941 1602 969 1626 S.
991 1587 1073 1630 458
1092 1589 1139 1630 A.
1171 1604 1257 1641 pag.
1289 1593 1369 1631 306
1393 1591 1435 1627 B.
1466 1604 1494 1628 s.

833 1643 915 1686 460
938 1646 981 1682 Β.
1039 1647 1155 1684 Addit
1188 1648 1365 1684 Valcken.
1400 1647 1494 1685 Livii

832 1701 949 1739 locum
968 1703 1106 1751 XXIII,
1125 1703 1178 1744 24
1202 1705 1248 1742 de
1261 1704 1377 1742 Gallis
1394 1704 1496 1741 Boiis

832 1771 877 1798 ea
897 1761 1098 1808 narrantis,
1129 1774 1225 1811 quae
1245 1774 1325 1798 cum
1350 1762 1494 1799 lssedo-

832 1829 919 1854 num
955 1831 1080 1865 more,
1135 1832 1245 1868 quem
1278 1819 1493 1855 Herodotus

832 1875 1028 1912 memoriae
1047 1875 1229 1926 prodidit,
1260 1877 1491 1913 conveniunt.

832 1931 892 1969 Tu
932 1933 1025 1968 conf.
1068 1932 1132 1969 Sil.
1165 1932 1246 1969 Ital.
1275 1932 1373 1979 XHI,
1410 1932 1494 1974 482

834 2001 938 2038 seqq.
995 1988 1117 2036 Quin,
1155 1994 1251 2027 teste
1271 1989 1385 2026 Paulo
1407 1989 1497 2026 Dia-

835 2059 928 2082 cono
959 2045 1015 2092 ΙΙ,
1059 2046 1109 2088 14
1141 2046 1318 2083 Alboinus
1347 2046 1499 2095 Longo-

834 2103 1033 2140 bardorum
1073 2116 1136 2140 rex
1171 2116 1190 2140 e
1225 2103 1345 2153 capite
1375 2103 1496 2139 Kuni-

834 2160 981 2206 mundi,
1039 2160 1134 2209 regis
1175 2160 1403 2210 Gepidarum
1449 2161 1494 2197 ab

834 2217 914 2267 ipso
936 2218 1050 2263 caesi,
1089 2217 1258 2267 poculum
1279 2218 1401 2267 parari
1422 2217 1496 2253 ius·

835 2275 894 2320 sit,
918 2287 938 2311 e
958 2287 1031 2323 qno
1042 2274 1297 2321 Rosamunda,
1318 2287 1407 2311 uxor
1427 2287 1494 2311 sua

834 2331 1039 2380 eademque
1056 2331 1282 2368 Kunimundi
1305 2330 1398 2378 filia,
1435 2331 1493 2368 bi-

835 2388 947 2425 beret.
1007 2388 1258 2426 Crndelissimi
1285 2388 1395 2425 moris
1425 2387 1495 2424 alia

834 2444 980 2482 aliunde
998 2447 1165 2496 exempla
1183 2446 1347 2494 proferre
1366 2445 1495 2482 dicitur

834 2502 997 2539 Maseow
1019 2502 1052 2538 Il
1074 2515 1109 2552 p.
1138 2504 1230 2541 176.

892 2567 958 2611 ἅτε
979 2567 1173 2624 α’γοὶλματι
1195 2570 1402 2624 χρέωνται]
1428 2567 1494 2610 ἅτε

835 2641 857 2666 a
877 2630 1021 2667 duobus
1042 2630 1139 2668 libris
1159 2631 1287 2676 abest,
1327 2629 1404 2665 sine
1423 2627 1494 2664 ullo

835 2698 962 2724 sensus
989 2687 1221 2724 detrimento.
1267 2685 1409 2723 Eadem
1433 2696 1495 2721 va-

835 2744 944 2781 rietas
993 2743 1066 2792 IV,
1111 2744 1178 2784 28.
1231 2763 1282 2770 -
1340 2738 1493 2791 ἄγαλμα
