1863 3256
473 112 1036 153 MELPOMENE.

1099 113 1157 150 lv.
1377 119 1458 159 391

180 223 365 280 ἀνέμου·
413 223 462 267 τό
506 223 551 266 δὲ
588 221 837 276 κατύπερθε
876 219 936 264 δι’
970 214 1034 262 ὦν
1067 220 1155 274 ῥέει
1185 219 1455 275 ἀνθρώπων,

148 294 326 346 ῶούδεὶς
357 294 439 350 ἔχει
469 292 650 350 φράσαι.

711 294 915 348 φαίνεται
953 291 999 335 δὲ
1041 291 1154 346 ῥέων
1185 290 1245 335 δι’
1289 291 1455 348 ἐρήμου
1511 299 1593 338 306

177 368 220 418 ἐς
249 370 338 409 τῶν
375 369 582 421 γεωργῶν
612 364 830 408 Σκυθέων
867 363 949 420 τήν
980 361 1150 419 χώρην·
1205 357 1332 406 οὗτοι
1369 363 1451 419 γὰρ

176 439 219 481 οἱ
248 436 428 481 Σκύθαι
456 435 564 491 παρ’
597 434 731 479 αὐτόν
760 435 829 478 ἐπὶ
861 435 964 478 δέκα
990 432 1188 489 ἡμερέων
1216 432 1358 477 πλόον
1386 433 1455 476 νέ-

147 515 168 547 6
180 522 350 562 μονται.

408 507 582 562 μούνου
619 507 665 549 δὲ
696 505 858 549 τούτου
897 508 980 549 τοῦ
1010 508 1213 561 ποταμοῦ
1250 505 1324 549 καὶ
1354 507 1510 548 Nec-95

173 581 255 620 λου
295 575 378 619 οὐκ
418 577 497 632 ἔχω
537 576 706 632 φράσαι
744 576 822 628 τοὶς
861 575 1020 633 πηγάς·
1071 576 1210 620 δοκέω
1241 577 1306 626 δὲ,
1348 574 1452 620 οὐδὲ

144 645 318 697 7οὐδεὶς
350 645 581 704 Ἑλλήνων.
637 645 790 704 Ἀγχοῦ
821 664 864 691 τε
896 647 948 703 δή
979 647 1208 704 θαλάσσης
1241 647 1265 692 ὁ
1300 652 1447 703 Βορυ-

172 717 332 774 σθένης
356 718 470 772 ῥέων
489 720 672 774 γίνεται,
710 721 784 762 καί
815 721 857 762 οἱ
886 721 1174 775 συμμίσγεται
1204 719 1228 764 ὁ
1248 719 1448 772 ”Τπανις,

141 789 217 840 8ἐς
246 786 384 833 τώυτὸ
417 790 512 842 ἕλος
541 790 751 842 ἐκδιδούς-

813 790 862 834 τό
910 791 957 835 δὲ
994 792 1154 846 μεταξύ
1191 795 1281 835 τῶν
1309 806 1446 834 ποτα-

168 863 265 916 μῶν
291 859 462 904 τούτων
494 861 570 905 ἐόν
598 861 787 919 ἔμβολον
809 866 884 919 τῆς
912 862 1079 920 χώρης,
1107 862 1312 908 Ἱππόλεω
1336 862 1447 918 ἄκρη

111 1007 269 1045 utnulla
297 1021 448 1061 prorsus
476 1008 524 1044 sit
552 1007 775 1057 navigatio),

111 1065 162 1102 ad
191 1077 271 1102 eam
301 1077 387 1102 vero
425 1065 542 1115 ipsam
572 1065 774 1113 regionem,

111 1122 184 1171 qua
227 1121 476 1170 Borysthenes
524 1120 678 1158 multum
725 1122 775 1158 ad

110 1179 286 1216 orientem
313 1179 503 1224 flectatur,
542 1177 673 1214 Nostri
694 1190 775 1215 ver-

110 1236 159 1272 ba
188 1235 234 1272 de
263 1234 408 1271 Gerrho
443 1234 528 1271 hinc
559 1234 774 1272 discedente

108 1291 240 1341 (quum
264 1290 462 1327 Moloczna
489 1291 621 1328 fluvius
650 1291 701 1328 ita
724 1291 774 1327 ad

107 1347 378 1397 Borysthenem
405 1348 702 1398 appropinquet,
731 1352 773 1384 ut

106 1418 175 1456 pro
196 1404 437 1453 Borysthenis
464 1404 614 1442 brachio
644 1405 772 1442 haberi

107 1462 240 1512 queat)
260 1462 458 1499 referenda
478 1474 581 1509 esse,
613 1462 772 1512 quadra-

106 1520 214 1567 ginta
252 1519 393 1556 dierum
425 1531 615 1556 numerum
645 1519 773 1556 statuit

106 1575 282 1621 nimium,
345 1576 517 1625 quoniam
567 1576 771 1613 accuratius

106 1645 261 1683 mappas
275 1632 546 1682 geographicas
562 1633 771 1683 inspicienti

106 1690 165 1726 vix
186 1689 299 1726 decem
320 1690 459 1727 dierum
481 1690 549 1726 iter
572 1702 653 1727 esse
679 1702 769 1740 pos-

107 1746 164 1783 sit.
214 1746 347 1796 ltaque
374 1746 429 1783 vel
458 1746 578 1796 ipsum
598 1746 771 1783 Herodo-

106 1807 184 1840 tum
209 1802 352 1854 lapsum
377 1815 478 1850 esse,
519 1803 564 1839 ab
587 1802 666 1839 aliis
692 1803 767 1840 scil.

106 1860 142 1896 in
167 1873 326 1897 errorem
350 1860 559 1905 inductum,
597 1859 656 1897 vel
678 1872 769 1909 qua-

105 1917 277 1965 draginta
299 1917 439 1954 dierum
457 1917 591 1953 itinera
612 1917 768 1954 adverso

105 1973 256 2011 flumine
289 1973 486 2022 cogitanda
520 1986 623 2020 esse,
661 1973 768 2011 valde

105 2030 260 2079 exigua,
291 2030 507 2080 praesertim
529 2043 609 2067 cum
633 2029 768 2069 multae

105 2087 221 2125 amnis
241 2088 417 2136 ambages
436 2088 625 2124 accedant.

164 2142 203 2190 ἒς
233 2147 315 2183 τῶν
340 2146 528 2196 γεωργῶν
550 2142 765 2194 Σκυθέων]

105 2201 212 2238 Conf.
230 2206 324 2238 nott.
346 2201 394 2238 ad
416 2200 478 2247 lv,
501 2203 564 2241 17.
589 2203 652 2242 18.

161 2256 226 2296 ἐπὶ
271 2256 366 2298 δέκα
406 2255 604 2310 ἡμερέων]
654 2259 767 2302 Quod

105 2314 269 2352 undecim
297 2315 377 2353 dies
408 2328 520 2366 supra
539 2315 602 2362 lv,
630 2318 680 2356 18
698 2328 767 2365 po-

108 2371 202 2418 suit,
228 2373 290 2409 vix
307 2372 400 2409 tanti
415 2376 493 2419 est,
524 2376 564 2409 ut
580 2372 767 2410 obtrecte-

107 2439 186 2464 mus
217 2429 383 2479 scriptori
413 2429 502 2466 alias
532 2428 768 2478 diligentissi-

107 2496 180 2520 mo.
227 2484 307 2522 Nec
325 2498 415 2523 sane
436 2486 670 2523 Herodotum
696 2486 766 2524 sibi

108 2539 259 2589 obloqui
287 2543 480 2580 contendit
507 2543 677 2580 voleker.
699 2543 723 2580 l.
745 2543 767 2580 Ι.

107 2609 193 2648 pag.
213 2596 313 2644 175,
354 2612 434 2636 cum
458 2600 562 2636 unius
587 2601 659 2637 diei
687 2600 769 2648 iter,

109 2653 210 2702 quod
235 2654 284 2690 ad
307 2654 485 2702 Hylaeam
506 2656 645 2694 Noster
670 2661 768 2695 retu—

108 2709 210 2755 lerit,
270 2710 300 2746 si
345 2711 560 2760 adiiciatur,
605 2713 769 2751 undecim

108 2767 248 2804 dierum
287 2767 421 2805 existat
460 2781 599 2808 summa
629 2771 768 2809 itineris

834 1020 950 1057 usque
976 1009 1026 1046 ad
1059 1007 1329 1059 Olbiopolitas3
1377 1009 1442 1058 qui
1471 1009 1502 1045 si

832 1078 908 1101 non
929 1065 1000 1102 una
1021 1071 1239 1115 supputetur
1255 1066 1332 1103 dies
1347 1094 1358 1113 ,
1387 1066 1502 1102 decem

833 1122 987 1159 dierum.
1056 1121 1121 1158 llla
1171 1127 1294 1159 autem
1334 1123 1502 1160 undecim

833 1177 976 1214 dierum
1002 1179 1133 1216 itinera
1160 1178 1347 1217 Mannert.
1378 1178 1431 1215 lv
1463 1192 1499 1229 p.

831 1236 886 1275 96
935 1239 1084 1272 centum
1135 1247 1297 1284 aequare
1342 1234 1499 1272 milliarr.

831 1291 1035 1342 geograph.
1064 1295 1102 1329 et
1133 1292 1181 1329 ad
1204 1292 1378 1341 regiones
1405 1292 1500 1330 circa

829 1347 938 1385 Kiew
957 1361 1072 1398 usque
1091 1349 1290 1399 pertinere.
1305 1370 1358 1375 ——-
1372 1347 1496 1386 Verba

829 1399 930 1456 παρ’
952 1400 1074 1444 αὐτὸν
1099 1405 1241 1443 valent:
1283 1407 1390 1442 iuxta
1405 1417 1494 1443 eum.

887 1457 1043 1513 μούνου
1088 1459 1131 1500 δὲ
1166 1457 1313 1502 τούτου
1341 1484 1396 1491 --
1424 1458 1496 1508 τὰς

829 1513 976 1571 πηγάς]
1025 1519 1084 1556 De
1112 1517 1201 1556 Nilo
1228 1520 1324 1557 conf.
1356 1520 1413 1567 11,
1437 1517 1493 1561 34

828 1575 916 1625 ibiq.
934 1576 1086 1626 disputt.
1111 1576 1352 1626 Borysthenis
1371 1578 1494 1614 fontes

828 1632 1027 1670 Herodoto
1053 1633 1166 1671 fuisse
1183 1633 1404 1683 incognitos,
1427 1646 1494 1671 ne-

826 1702 887 1726 mo
917 1690 1126 1738 mirabitur‚
1169 1693 1254 1739 qui,
1299 1702 1493 1740 quousque

825 1746 885 1782 ill-:1
919 1752 1040 1784 aetate
1067 1746 1294 1784 Graecorum
1328 1747 1491 1797 cognitio

826 1807 1004 1840 terrarum
1038 1804 1329 1853 septentrionem
1363 1816 1489 1842 versus

825 1859 1000 1907 valuerit,
1042 1861 1130 1897 satis
1151 1862 1361 1911 respexerit.
1408 1860 1490 1898 Nec

825 1917 941 1966 magis
976 1918 1175 1964 Straboni,
1219 1917 1300 1954 aliis
1329 1922 1489 1956 veterum

825 1974 874 2011 illi
902 1974 1109 2012 innotuere.
1160 1974 1218 2011 Cf.
1234 1973 1419 2013 Mannert.
1439 1974 1488 2011 lv

824 2046 861 2082 p.
888 2030 972 2072 224
992 2044 1069 2080 seq.
1107 2031 1321 2069 Tzschucke
1340 2032 1388 2069 ad
1404 2030 1488 2068 Me-

824 2088 896 2125 lam
915 2091 1009 2125 nott.
1031 2100 1161 2137 exegg.
1187 2087 1209 2125 l.
1231 2088 1254 2125 l.
1271 2102 1308 2139 p.
1331 2090 1383 2129 31
1405 2101 1490 2137 sqq.

824 2144 934 2182 Nunc
957 2145 1045 2181 satis
1067 2150 1232 2191 constat,
1271 2158 1335 2182 eos
1361 2145 1398 2182 in
1419 2158 1489 2193 gu-

825 2202 952 2239 bernio
972 2201 1190 2247 Smolensk,
1221 2202 1257 2238 in
1280 2215 1370 2251 agro
1390 2202 1486 2239 Sen-

824 2258 1047 2306 domirensi,
1077 2259 1264 2296 scaturire.

881 2314 921 2362 ἒς
939 2311 1064 2355 τιᾶυτό
1083 2314 1170 2361 ἕλος
1191 2310 1391 2367 ἐκδιδούς]
1410 2315 1434 2352 i.
1454 2327 1487 2353 e.

823 2375 862 2410 in
893 2373 1040 2409 eundem
1066 2372 1183 2410 lacum
1214 2385 1250 2409 se
1281 2385 1485 2409 exonerans.

824 2430 902 2467 Ubi
915 2431 963 2467 de
984 2430 1080 2476 lacu,
1102 2442 1130 2467 s.
1145 2429 1283 2480 palude
1295 2428 1487 2477 Moeotica‚

824 2487 884 2535 agi
911 2487 1093 2524 sententia
1113 2487 1182 2523 fuit
1200 2487 1267 2524 viri
1287 2487 1389 2524 docti
1408 2486 1487 2523 Du-

822 2557 911 2581 reau
956 2544 1003 2581 de
1049 2543 1084 2580 la
1120 2543 1233 2581 Malle
1273 2542 1487 2592 Geograph.

823 2601 1006 2652 physique
1032 2608 1101 2638 etc.
1133 2614 1170 2651 p.
1200 2603 1300 2646 1703
1339 2605 1378 2636 ut
1399 2611 1487 2635 sane

824 2658 916 2696 haec
927 2657 1031 2709 palus
1052 2659 1135 2695 olim
1153 2656 1268 2694 multo
1286 2656 1404 2704 magis
1426 2667 1488 2692 ex-

825 2719 931 2752 tensa
950 2715 1064 2752 fuisse
1085 2714 1277 2763 cogitetur.
1320 2711 1371 2748 At
1388 2714 1489 2748 recte

828 2772 1000 2809 observat
1024 2770 1144 2818 Miot,
1182 2768 1433 2818 Borysthenes
1458 2767 1486 2804 si
