1863 3256
230 281 328 327 158

301 347 333 373 ¹³·
392 366 474 404 ρον
509 350 554 401 ’ἐξ
592 350 705 391 ἔτεα·

56 345 189 380 Septimo
199 347 296 373 nrum!

56 380 128 413 byns
141 388 192 405 eos
202 380 260 406 alio
272 385 333 407 tra-

72 414 179 440 ducunt
194 423 200 439 :
235 413 317 441 lrasa

88 447 191 479 regio:
234 447 300 473 sons

56 480 214 514 Apollinis:
239 481 299 515 (lyr

54 522 114 574 3:332
127 513 262 541 conditur

392 171 477 212 551

301 489 331 507 c-

302 523 330 543 ὃ.

385 277 438 321 τοὶ
475 277 543 322 ἐπὶ
583 276 747 332 θάτερα
776 277 1024 331 παραρρέει.

764 346 933 402 ἑβδόμῳ
974 347 1019 389 δέ
1055 356 1189 401 σφεας
1222 347 1305 390 ἔτεϊ
1335 347 1647 403 παραιτησάμε-

390 435 461 462 νοι
490 421 533 461 οἱ
562 421 740 472 Λίβυες,
772 416 828 467 ὠς
857 417 901 466 ἐς
932 416 1140 472 ἀμείνονα
1168 422 1313 473 χῶρον
1341 417 1514 470 ἄξουσι,
1554 417 1649 461 ἀνέ-

359 497 567 545 Ξγνωσαν
606 486 807 529 ἐκλιπεῖν.
865 481 977 542 ἦγον
1015 488 1061 531 δέ
1100 499 1235 542 σφεας
1264 488 1468 532 ἐνθεῦτεν
1501 491 1543 532 οἱ
1572 490 1648 531 Λί-

785 166 1252 209 HERODOTI

1092 278 1262 319 Τοῦτον
1293 276 1438 319 οἴκεον
1465 276 1542 319 τὸν
1570 279 1703 332 χοὶ-30

391 563 492 615 βυες
536 556 854 612 ἀναστήσαντες
891 558 1002 612 πρὸς
1039 558 1243 616 ἑσπέρην·
1290 560 1363 603 καὶ
1396 559 1474 603 τὸν
1503 560 1647 604 κάλλι-

382 641 486 672 στον
527 631 616 670 τῶν
661 626 817 683 χώρων
863 630 935 672 ἵνα
988 629 1216 682 διεξιόντες
1261 631 1303 672 οἱ
1331 629 1535 686 ’Έλληνες
1586 630 1702 686 μηδ-5

382 702 542 750 ἴδοιεν,
599 698 1002 754 συμμετρησάμενοι
1055 701 1134 756 τὴν
1182 699 1301 757 ὥρην
1349 705 1426 757 τῆς
1472 700 1646 757 ἡμέρης,

382 768 557 819 νυκτὸς·
580 773 802 825 παρῆγον·
856 770 957 814 ἔσῃ’
981 772 1026 815 δὲ
1055 775 1115 827 τῷ
1144 770 1268 829 χώρῳ
1300 771 1440 829 τούτῳ
1473 771 1644 826 οὔνομα

347 839 543 893 3Ἴρασα.
602 837 835 896 ἀγαγόντες
869 841 915 885 δέ
945 854 1079 899 σφεας
1119 842 1189 886 ἐπὶ
1217 841 1383 897 κρήνην
1411 843 1647 899 λεγομένην

328 994 405 1035 20,
436 992 497 1028 ubi
521 987 660 1037 νάπος.
709 991 838 1041 Lange
862 992 985 1029 Hero-

327 1048 405 1084 doti
425 1047 541 1085 locum
563 1049 613 1085 sic
635 1049 914 1098 interpretatur:
929 1069 986 1076 -—

326 1104 431 1152 „und
461 1106 506 1140 ist
546 1103 619 1154 auf
650 1107 738 1140 zum·
766 1104 887 1142 Sez'ten
919 1117 984 1141 von

327 1162 394 1198 (len
437 1161 617 1198 εεΙιϋηεΐιή
660 1161 816 1198 ΤΙηϊίοΓη
864 1162 984 1209 einge-

325 1217 545 1254 schlossen.“
575 1240 627 1245 —-
668 1217 728 1254 Ad
762 1218 978 1254 locutionem

323 1270 372 1312 τοὶ
399 1271 464 1312 ε’πὶ
491 1270 642 1323 θάτερα
668 1274 712 1320 (i.
741 1287 772 1311 e.
802 1275 846 1309 ab
864 1273 981 1309 altera

316 1331 440 1381 parte)
471 1331 564 1366 conf.
590 1329 777 1367 Lambert.
806 1330 892 1367 Bos.
923 1329 982 1367 De

322 1386 458 1436 ellipss.
495 1385 539 1423 L.
569 1386 633 1422 Gr.
661 1399 748 1435 pag.
785 1387 868 1426 288
903 1398 982 1434 seq.

321 1443 443 1492 Supra
465 1442 519 1488 ΙΙ,
552 1444 605 1483 93
629 1439 676 1480 τά
698 1437 765 1480 ἐπ’
784 1437 984 1492 οἷριστεροὶ,

290 1493 292 1497 ’
321 1511 417 1547 quae
437 1511 534 1545 nunc
553 1498 673 1535 malim
691 1499 876 1535 seiunctim
898 1498 985 1534 scri-

325 1555 360 1590 bi
374 1583 386 1600 ,
415 1554 488 1591 vid.
509 1558 601 1591 nott.
622 1567 709 1604 pag.
730 1556 810 1595 692
833 1558 872 1592 et
889 1554 984 1592 conf.

323 1610 464 1648 Herod.
486 1610 549 1657 IV,
575 1612 666 1651 191.

496 1667 607 1717 Cap.
643 1663 806 1703 CLVIII.

380 1718 720 1774 παραιτησάμενοι
752 1722 793 1761 οἵ
812 1720 981 1773 Λίβυες]

321 1779 434 1817 Haud
466 1779 561 1817 male
582 1779 730 1828 Lange,
767 1781 982 1816 vernaculus

321 1836 523 1886 interpres:
578 1836 633 1873 Im
669 1836 839 1872 sz’ehenten
873 1835 983 1871 Jalere

322 1893 406 1927 aber
443 1891 578 1928 redeten
613 1893 715 1928 ilonea
759 1892 814 1928 slafe
847 1891 983 1942 Libyer

321 1961 392 1986 vor.
423 1949 456 1984 Is
478 1949 571 1985 enim
589 1948 655 1985 loci
672 1961 818 1986 sensus:
849 1948 979 1998 Libyes

316 2004 535 2055 facultatem
558 2005 602 2040 ab
627 2005 702 2041 illis
717 2006 787 2041 sibi
804 2006 980 2054 petebant,

319 2064 360 2097 ut
392 2061 496 2097 liceat
534 2061 704 2098 meliorem
736 2063 775 2097 in
806 2063 980 2109 regionem

319 2118 400 2154 illos
424 2118 599 2154 deducere.
634 2118 705 2155 Ubi
725 2130 812 2155 sane
832 2118 980 2155 minime

320 2187 413 2224 opus
448 2173 721 2222 subintelligere
750 2172 817 2211 καὶ
848 2172 980 2225 λέγον-

318 2244 380 2275 τες
408 2231 528 2279 (quod
558 2231 675 2279 ipsum
706 2230 817 2267 verbo
838 2245 978 2281 παραι-

317 2282 535 2335 τησάμενοι
564 2287 634 2323 iam
654 2287 878 2333 continetur)
902 2287 977 2324 sive

322 2341 419 2378 aliud
447 2343 545 2390 quid.
603 2342 713 2379 Verbi
742 2343 978 2391 significatio-

322 2410 404 2435 nem
428 2398 613 2445 attigimus
633 2399 681 2434 ad
703 2398 764 2445 lV,
788 2401 878 2439 146.

376 2448 785 2504 ἀναστήσαντες]
820 2454 976 2491 Verbum

319 2504 540 2559 ἀναστῆσαι
570 2522 641 2545 non
661 2514 802 2546 tantum
824 2510 859 2545 in
879 2511 913 2545 vi
943 2514 978 2546 et

319 2567 427 2602 armis
449 2566 515 2603 sed
531 2566 641 2603 etiam
662 2565 696 2601 in
715 2566 818 2601 iussis
839 2569 873 2602 et
895 2579 978 2615 per-

320 2623 488 2659 suasione
510 2622 693 2671 usurpari,
735 2621 802 2658 hoc
823 2620 901 2657 loco
927 2621 979 2657 al-

319 2678 417 2724 lato,
447 2679 615 2715 observat
639 2677 792 2714 Siebelis
816 2677 863 2712 ad
884 2678 980 2714 Pau-

321 2747 398 2773 san.
419 2734 510 2779 Vll,
537 2735 586 2774 15
615 2732 651 2784 ἓ
674 2732 710 2772 4.
740 2756 792 2760 —
828 2733 866 2769 ln
893 2734 980 2769 sub-

322 2803 428 2841 seqq.
445 2791 537 2827 male
558 2790 641 2827 olim
660 2795 744 2841 post
765 2784 902 2841 χώρων
924 2790 979 2826 di-

1043 992 1272 1029 stinctionem
1320 995 1541 1042 posuerunt,
1589 1001 1702 1042 quam

1042 1050 1212 1097 equidem
1273 1061 1353 1085 cum
1407 1053 1558 1086 recentt.
1615 1050 1700 1086 edd.

1041 1105 1182 1150 sustuli,
1210 1105 1348 1142 monitu
1366 1104 1469 1142 Reiz.
1489 1105 1523 1141 in
1536 1104 1696 1143 Praesat.

1039 1175 1126 1212 pag.
1148 1162 1182 1197 X
1200 1174 1301 1210 seqq.
1321 1160 1399 1198 coll.
1417 1161 1554 1210 Thrige
1581 1161 1602 1198 l.
1622 1161 1642 1198 l.
1661 1175 1699 1212 p.

1035 1219 1100 1257 74.
1131 1219 1315 1267 παρῆγον
1337 1230 1416 1254 cum
1434 1218 1634 1267 Schweigh.
1651 1222 1700 1255 et.

1039 1274 1158 1311 Gaisf.
1171 1274 1255 1311 dedi
1269 1286 1336 1323 pro
1348 1274 1587 1324 παρεξῆγον,
1599 1275 1699 1323 quod

1038 1331 1145 1368 codd.
1162 1330 1378 1367 auctoritate
1398 1331 1610 1367 destitutum
1630 1335 1697 1370 cst.

1086 1383 1238 1437 Ἴρασα]
1278 1385 1385 1422 Conf.
1405 1386 1535 1436 steph.
1558 1388 1649 1436 Byz.
1668 1400 1698 1423 s.

1039 1455 1074 1480 v.
1098 1448 1133 1479 et
1156 1442 1260 1479 Pind.
1279 1441 1385 1489 Pyth.
1405 1442 1469 1488 IX,
1493 1444 1596 1489 185,
1637 1443 1698 1479 ubi

1040 1511 1136 1536 nunc
1161 1502 1260 1535 recte
1279 1498 1330 1534 sic
1354 1499 1485 1535 editur.
1542 1498 1603 1535 Tu
1626 1500 1699 1537 vid.

1039 1553 1175 1604 Heynii
1195 1558 1272 1591 not.
1302 1552 1358 1590 Ex
1373 1553 1557 1591 Herodoti
1576 1559 1696 1592 autem

1040 1611 1161 1648 verbis
1205 1614 1302 1647 recte
1347 1610 1515 1659 colligere
1554 1612 1698 1648 videtur

1040 1666 1310 1704 Schlichthorst.
1353 1679 1440 1716 pag.
1481 1667 1559 1708 135
1594 1668 1697 1705 lrasa

1040 1723 1135 1761 inter
1154 1723 1277 1759 Azirin
1301 1726 1338 1759 et
1360 1724 1528 1771 Cyrenen
1558 1729 1595 1760 et
1616 1724 1697 1772 qui-

1040 1780 1122 1817 dem
1142 1780 1187 1815 ab
1205 1783 1286 1816 ortu
1304 1779 1467 1827 Cyrenes
1485 1780 1552 1816 sita
1573 1780 1696 1826 fuisse,

1040 1840 1078 1873 et
1109 1836 1256 1885 quidem
1289 1835 1389 1872 Aziri
1425 1836 1578 1872 forsitan
1609 1849 1697 1886 pro-

1038 1893 1130 1943 pius.
1170 1891 1336 1935 Quocum
1353 1893 1586 1939 converiunt,
1601 1904 1696 1942 quae

1038 1961 1133 1985 nunc
1165 1961 1210 1985 ex
1249 1952 1416 1985 accurata
1449 1947 1606 1986 locorum
1640 1950 1696 1985 in-

1039 2005 1227 2054 spectione
1243 2005 1367 2041 docuit
1388 2004 1496 2041 Pach.
1526 2005 1547 2041 l.
1567 2006 1589 2042 l.
1608 2018 1694 2055 pag.

1037 2060 1112 2107 84,
1153 2061 1214 2109 qui
1236 2065 1398 2098 veterum
1415 2059 1521 2097 Irasa
1543 2074 1587 2099 eo
1615 2061 1694 2098 loco

1037 2117 1209 2163 collocat,
1249 2117 1310 2153 ubi
1342 2130 1437 2153 nunc
1469 2118 1550 2154 sons
1578 2118 1695 2154 Ersen

1036 2186 1064 2211 s,
1086 2173 1236 2210 Erasem
1268 2173 1387 2222 (quod
1410 2174 1530 2222 ipsum
1557 2175 1605 2210 ad
1632 2187 1695 2210 vc-

1036 2234 1149 2267 terem
1195 2230 1478 2280 appellationem
1519 2234 1693 2277 quantum

1034 2286 1164 2332 faciat,
1197 2299 1303 2323 nemo
1324 2298 1396 2322 non
1416 2283 1536 2335 videt)
1570 2291 1605 2323 et
1631 2286 1693 2322 ubi

1033 2343 1162 2391 incipit
1178 2342 1250 2379 alta
1271 2342 1331 2378 illa
1349 2341 1517 2391 planities
1545 2347 1692 2378 monto-

1035 2411 1075 2435 sa
1110 2398 1293 2444 (vocamus
1316 2397 1423 2444 vulgo
1446 2397 1511 2434 das
1538 2397 1690 2435 Platean

1034 2466 1106 2489 von
1126 2454 1310 2501 Cyrene),
1343 2453 1378 2488 in
1399 2465 1471 2501 qua
1490 2454 1569 2504 ipsa
1588 2459 1690 2491 vetus

1035 2510 1179 2558 Cyrene
1210 2514 1390 2546 exstructa
1419 2510 1507 2556 suit,
1550 2511 1690 2547 arbori-

1035 2566 1102 2601 bus
1132 2564 1249 2612 laeta,
1300 2566 1404 2614 aquis
1433 2565 1525 2604 hene
1555 2568 1690 2616 irrigua

1034 2620 1247 2670 fertilisque.

1091 2675 1154 2715 ἐπὶ
1176 2672 1332 2728 κρήνην
1353 2676 1568 2728 λεγομένην
1587 2674 1690 2717 εἶναι

1031 2728 1300 2784 Ἀπόλλωνος]
1365 2734 1466 2772 Idem
1513 2734 1688 2783 Apollinis

1034 2790 1115 2826 sons
1155 2795 1376 2828 memoratur
1413 2792 1512 2842 apud
1541 2791 1688 2828 Pindar.
