1946 3272
427 260 482 300 52
843 260 1305 298 HERODOTI

97 374 372 435 {ssfflsssshelssssnffg
429 384 502 411 νοι
531 365 662 411 εἶναι·
699 367 908 424 ἀπέχουσι
938 368 983 411 δὲ
1013 368 1117 412 ἔπτὰ
1144 367 1340 425 ἡμερέων
1370 368 1475 412 ὁδὸν
1499 366 1586 412 vind
1611 372 1695 425 Θη-

235 429 243 442 ,

98 448 215 510 πχῆς,
241 450 339 511 3332
430 437 544 494 βέων
582 437 654 480 διοὶ
692 439 898 495 ψάμμου·
951 438 1237 495 οὕνομάζεται
1268 440 1312 483 δὲ
1344 438 1367 482 ὁ
1397 445 1537 495 χῶρος
1568 436 1697 491 οὗτος

99 514 178 536 runt.

399 505 540 550 Ξκατοὶ
565 504 781 565 Ἐλλήνων
809 515 1030 566 γλῶσσαν,
1073 508 1303 565 Μακάρων
1338 515 1493 566 νῆσος·
1548 511 1589 562 ἐς
1619 511 1698 567 μὲν

1093 638 1146 676 30
1176 649 1204 672 S·
1237 638 1329 683 186,
1359 638 1424 676 51.
1486 639 1627 682 Quibus
1666 650 1755 674 sane

1091 692 1282 729 Beatorum
1311 706 1404 741 quae
1434 695 1596 731 feruntur
1618 694 1755 731 insulae

1092 750 1128 785 in
1151 749 1329 785 Atlantico
1357 751 1467 796 mari,
1503 752 1620 800 poetis
1641 751 1754 787 inaxi-

372 655 463 693 pore
486 640 564 677 illos
586 641 621 676 in
645 638 758 676 Oasin
779 637 951 673 maiorem
973 649 1035 673 ve·-

372 699 449 735 nire
472 698 654 747 potuisse,
696 694 794 729 haud
816 693 965 741 quidem
987 692 1033 728 ab

373 755 470 791 omui
517 750 695 802 probabili
732 750 915 786 abhorret.
974 748 1034 785 'l'u

372 811 468 847 conf.
489 808 629 845 Miiller.
650 806 836 854 Aeginett.
856 819 891 855 p.
913 806 977 844 67.

431 860 620 913 ἀπέχουσι
648 860 690 900 δὲ
729 858 823 899 ἔπι-α’
855 859 1036 911 ἡμερέων

375 918 480 969 ὁδόν]
538 920 621 955 Hoc
658 918 796 967 optime
837 929 1037 965 congruere

374 990 454 1013 cum
470 988 555 1012 vero
576 975 736 1011 locorum
754 973 942 1010 intervallo
960 986 1038 1008 mo-

374 1038 436 1069 net
461 1032 609 1069 Heeren
634 1030 742 1067 ldeen
766 1030 812 1076 ll,
835 1031 853 1067 1
888 1043 922 1078 p.
942 1030 1037 1067 219.

374 1090 466 1125 Cum
495 1088 590 1124 enim
615 1085 748 1136 duplici
773 1086 829 1122 via
855 1086 902 1122 ad
923 1085 1038 1122 Oasin

374 1145 555 1196 perveniri
592 1144 728 1192 possit,
775 1142 893 1187 illam,
943 1154 1038 1190 quae

374 1201 494 1248 magis
518 1200 703 1236 meridiem
724 1211 847 1236 versus
868 1199 978 1234 ducat
1003 1201 1039 1234 et

375 1257 534 1307 antiquis
556 1256 780 1305 temporibus
807 1256 963 1292 maxime
983 1255 1039 1290 fu-

377 1313 448 1351 erit
481 1314 741 1361 frequentata,
787 1311 932 1361 explere
972 1309 1038 1346 Lll

375 1370 505 1414 horas,
536 1381 625 1417 quas
646 1369 793 1414 dicunt,
825 1371 863 1403 ut
879 1380 1040 1404 commo-

379 1426 426 1463 de
447 1429 589 1475 septem
612 1424 741 1460 diebus
759 1424 887 1460 confici
912 1423 1040 1473 possit.

380 1482 456 1525 Qui
487 1485 613 1518 autem
639 1480 776 1517 Thebis
809 1479 1041 1517 Ammonium

378 1537 674 1589 proficiscuntur,
713 1537 755 1573 iis
778 1537 900 1574 medio
927 1537 963 1572 in
985 1536 1043 1572 iti-

376 1607 465 1632 nere
484 1594 553 1630 sita
572 1597 630 1630 est
644 1593 733 1630 haee
751 1594 868 1639 nasis,
897 1593 958 1629 ubi
978 1593 1044 1628 311-

376 1650 446 1688 huc
473 1650 612 1687 mansio
632 1653 688 1687 est
710 1654 746 1686 et
766 1651 876 1687 statio
897 1650 964 1686 iter
986 1649 1042 1685 fa-

379 1707 562 1744 cientium.
611 1706 718 1742 Cous.
737 1706 898 1743 Heeren.
918 1705 940 1742 l.
962 1705 984 1741 l.
1007 1718 1043 1754 p.

379 1765 475 1802 220.
520 1761 639 1798 ldeler
666 1761 688 1797 l.
710 1761 732 1797 l.
761 1762 810 1798 lV
840 1775 926 1812 pag.
947 1760 1042 1800 403.

379 1820 474 1860 413.
506 1818 583 1855 coll.
607 1817 760 1855 Rennel.
784 1832 820 1868 p.
841 1820 934 1858 630.

436 1871 533 1913 κατὰ
545 1869 744 1924 Ἑλλήνων
758 1872 950 1925 γλῶσσαν]
961 1874 1045 1911 Μο-

379 1935 445 1968 net
463 1931 637 1967 Valcken.
661 1931 697 1967 in
715 1930 783 1967 hac
809 1931 962 1967 formula
986 1943 1044 1966 ar-

379 1986 524 2024 ticulum
546 1983 618 2036 τήν
632 1990 716 2037 post
732 1988 1042 2036 praepositionem

379 2043 489 2091 vulgo
513 2043 623 2089 addi,
663 2047 699 2079 ut
728 2042 773 2089 ll,
800 2045 863 2082 30.
897 2044 958 2090 IV,
976 2044 1041 2082 52.

381 2100 457 2136 Sed
487 2099 660 2134 omittitur
680 2099 739 2144 lv,
765 2101 855 2138 110.
893 2099 952 2146 vl,
975 2101 1041 2138 98.

381 2176 436 2182 --
467 2154 525 2191 Ad
546 2155 656 2192 verba
677 2150 737 2193 ὅτι
755 2152 808 2206 μή
829 2156 923 2192 cons.
951 2160 1041 2192 nott.

381 2212 430 2247 aa
454 2210 480 2257 1,
508 2212 570 2249 18.
604 2211 647 2257 11,
664 2211 730 2251 50.

441 2263 656 2317 Μακάρων
699 2265 843 2316 νῆσος]
903 2269 980 2316 νῆσ
993 2283 1012 2306 ο
1025 2283 1044 2314 ς

318 2335 321 2337 ·
383 2336 463 2360 cum
501 2323 670 2371 Sehwgh.
699 2324 818 2359 Gaisf.
852 2328 889 2359 et
912 2323 1041 2362 Matth.

382 2380 635 2428 reponendum
657 2380 801 2424 censui,
843 2379 941 2415 libris
965 2380 1043 2428 ple—

383 2436 507 2483 risque
544 2436 783 2483 probantibus
823 2440 932 2484 atque
961 2438 1043 2473 Ste-

384 2491 492 2541 phan.
526 2492 615 2540 Byz.
648 2504 675 2527 s.
710 2504 740 2528 V.
772 2488 936 2537 Λῦασις.
998 2493 1045 2528 Et

385 2547 478 2583 hanc
508 2547 698 2585 lectionem
729 2548 856 2584 merito
881 2549 1045 2596 sequitur

385 2602 494 2639 ltalus
526 2604 715 2653 interpres.
781 2604 1045 2652 wesseling-ius

384 2659 522 2709 primus
555 2660 708 2696 dederat
746 2661 895 2710 νῆσοι,
944 2661 1044 2708 quod

385 2720 531 2764 praeter
542 2717 634 2751 duos
646 2716 754 2752 libros
772 2717 924 2765 scriptos
938 2729 1044 2766 prae-

387 2771 475 2808 bent
494 2771 613 2818 Valla,
656 2771 908 2821 OlJmpiodor.
947 2774 1045 2822 apud

386 2826 492 2864 Phot.
512 2841 548 2878 p.
574 2830 647 2867 191
672 2841 699 2864 5.
722 2830 794 2866 111
820 2833 858 2865 et
881 2828 1043 2865 Eustatli.

385 2884 434 2920 ad
451 2884 603 2922 Homer.
625 2884 759 2933 Odyss.
783 2884 833 2921 lv
862 2897 897 2934 p.
924 2887 1043 2932 1509,

1093 819 1149 842 me
1175 805 1399 852 celebratae,
1438 807 1652 843 obversatae
1674 819 1754 844 esse

1093 862 1283 908 videntur,
1341 875 1420 898 cum
1460 862 1677 911 singularem
1717 863 1753 898 in

1093 917 1268 967 pluralem
1313 924 1587 956 commutarent.
1658 918 1755 955 Hine

1094 981 1213 1009 autem
1243 975 1375 1010 factum
1397 976 1547 1024 opinor,
1585 975 1687 1024 quod
1717 975 1755 1010 in

1095 1029 1357 1078 epigrammate
1397 1032 1495 1079 apud
1534 1031 1668 1069 '1¹zetZ.
1708 1029 1756 1067 ad

1094 1085 1323 1134 Lycophron.
1353 1086 1459 1125 1194
1488 1100 1573 1136 pag.
1596 1088 1676 1126 952
1699 1087 1758 1123 811.

1095 1141 1237 1178 Miiller.
1269 1142 1316 1179 de
1345 1156 1416 1178 una
1438 1145 1526 1179 urbe
1546 1143 1758 1180 Thebarum

1094 1198 1271 1235 Boeotiae
1283 1199 1461 1236 invenitur
1476 1196 1552 1237 αἵδ’
1570 1198 1645 1238 εἰσὶ
1664 1202 1755 1237 Moe-

1095 1250 1230 1304 κοὲρων
1271 1257 1399 1304 νῆσοι.
1459 1256 1644 1305 Singulari
1683 1268 1756 1292 nu-

1095 1324 1196 1347 mero
1237 1311 1284 1348 de
1322 1312 1452 1349 eodem
1486 1313 1646 1361 loquitur
1677 1310 1756 1348 loco

1095 1367 1244 1403 Photius
1276 1366 1362 1404 Lex.
1388 1369 1454 1405 Gr.
1489 1382 1527 1418 p.
1554 1369 1655 1415 178,
1699 1367 1757 1405 cui

1097 1424 1207 1472 iunge
1236 1424 1398 1473 Hesych.
1430 1425 1474 1471 ll,
1499 1425 1565 1470 52,
1596 1425 1699 1461 Suid.
1719 1437 1757 1474 p.

1099 1478 1181 1518 483
1206 1484 1242 1517 et
1260 1481 1451 1517 Phavorin.
1474 1495 1510 1531 p.
1540 1483 1668 1528 1206,
1695 1480 1759 1530 qui

1099 1536 1228 1573 eadem
1243 1537 1432 1574 tradentes
1454 1537 1596 1574 variant
1615 1538 1651 1573 in
1666 1539 1758 1574 Μα-

1099 1588 1233 1642 κάρων
1274 1596 1423 1643 νῆσος
1469 1598 1505 1632 et
1544 1588 1759 1644 Μακάρων

1098 1651 1254 1698 νῆσοι.
1311 1650 1456 1686 Monuit
1494 1650 1585 1687 haec
1620 1648 1760 1686 Creu-

1100 1718 1181 1741 581.
1215 1706 1251 1741 in
1279 1706 1499 1743 Cmnmentt.
1528 1706 1695 1743 Hei-odd.
1721 1719 1758 1756 p.

1101 1763 1164 1800 91.
1218 1762 1272 1798 Ac
1292 1775 1398 1799 nemo
1419 1763 1495 1799 fere
1514 1763 1648 1808 nescit,
1687 1762 1759 1799 iam

1098 1823 1239 1854 mature
1263 1819 1461 1856 Beatorum
1491 1819 1625 1855 insulas
1659 1819 1760 1856 inve·

1099 1874 1166 1910 niri
1192 1879 1230 1911 et
1253 1875 1392 1912 laudari
1410 1876 1516 1912 sedes
1535 1876 1675 1925 piorum
1694 1874 1762 1911 ho-

1100 1930 1236 1967 minum
1266 1933 1338 1967 vita
1363 1932 1636 1977 defunctorum,
1675 1935 1761 1981 post

1100 1991 1235 2033 autem,
1263 1987 1418 2036 Augusti
1443 1988 1671 2037 potissimum
1699 2000 1761 2025 ae-

1097 2056 1142 2079 vo
1166 2047 1203 2080 et
1220 2044 1385 2092 sequenti
1406 2044 1496 2081 haec
1517 2045 1761 2094 maximopere

1099 2105 1274 2137 exornata
1297 2105 1334 2137 et
1355 2100 1574 2151 amplificata
1598 2100 1707 2138 fuisse
1738 2113 1761 2138 a

1096 2156 1226 2206 poetis.

1155 2212 1213 2249 Ad
1233 2212 1414 2249 Herodoti
1433 2212 1548 2249 locum
1577 2212 1677 2262 quod
1700 2214 1759 2249 at-

1098 2269 1210 2312 tinet,
1250 2269 1347 2305 haud
1377 2270 1504 2306 mirum
1533 2281 1613 2306 esse
1638 2267 1763 2306 scribit

1102 2324 1220 2361 1118181-
1247 2325 1267 2361 1.
1295 2325 1316 2361 l.
1345 2338 1380 2374 p.
1404 2327 1495 2365 397.
1520 2326 1625 2372 398,
1664 2324 1763 2374 qu⁰d

1100 2380 1189 2418 haec
1206 2380 1401 2431 appellatio
1421 2382 1469 2418 ad
1484 2382 1601 2418 Oases
1620 2380 1763 2418 Africae

1101 2450 1246 2485 quoque
1270 2438 1376 2474 fuerit
1397 2438 1584 2483 traducta,
1626 2438 1762 2487 quippe

1101 2505 1196 2540 quae
1223 2493 1384 2529 sontibus
1407 2494 1650 2538 abundantes,
1681 2492 1763 2530 her-

1102 2549 1227 2585 barum
1242 2550 1483 2598 arborumque
1499 2550 1589 2586 flore
1601 2549 1762 2597 insignes

1102 2605 1166 2650 iis,
1212 2606 1272 2653 qui
1309 2618 1328 2642 e
1365 2606 1518 2642 desertis
1552 2605 1762 2650 adveniant,

1102 2673 1210 2697 verae
1240 2661 1433 2697 videantur
1461 2674 1542 2698 esse
1571 2661 1763 2698 beatorum

1102 2718 1219 2753 sedes.
1280 2717 1378 2753 ldem
1407 2722 1532 2754 monet
1551 2717 1719 2754 Minutoli
1739 2717 1761 2755 l.

1102 2773 1122 2808 l.
1144 2787 1178 2822 p.
1201 2775 1264 2812 85.
1287 2794 1341 2799 —
1370 2772 1450 2818 „Ac
1478 2774 1688 2824 pervenisse
1715 2773 1763 2810 ad

1103 2829 1267 2865 Graecos·
1295 2829 1459 2866 homines
1489 2830 1621 2867 samam
1641 2829 1768 2880 ‚Elysii

1103 2885 1138 2921 111
1159 2885 1410 2935 Aegyptiorum
1431 2886 1566 2936 finibus
1593 2887 1672 2933 siti,
1710 2886 1765 2923 lo-
