1863 3256
457 89 1133 131 MELPOMENEW.
1345 65 1470 136 331‘

160 204 241 247 εἰσὶ
283 205 327 246 οἱ
361 201 559 257 λέγοντες
596 215 702 250 τους
747 199 1129 256 μουνοφθάλμους
1160 199 1429 253 ἀνθρώπους
1489 205 1767 273 ¹⁹⁹⁸2d2e1¹¹⁸nessff¹

158 275 231 317 καὶ
276 272 379 324 τούς
423 269 763 327 χρυσοφύλακας
807 269 988 325 Γρύπας
1035 269 1170 314 εἶναι·
1222 271 1342 324 παρὰ
1386 272 1431 314 δὲ
1492 272 1570 298 ‘⁴¹¹⁸‘
1648 274 1766 310 ‘Gri-

158 344 329 387 τούτων
366 341 545 386 Σκύθαι
585 340 914 398 παραλαβόντες
956 343 1150 398 λέγουσι·

1490 305 1551 338 phi.
1573 282 1625 340 [3,Ιὶ
1630 282 1706 342 Ι116.]

1218 341 1339 396 παρὰ
1388 343 1435 385 ὁὲ

159 414 376 458 Σκυθέων
405 413 527 469 ἡμεῖς
558 414 600 456 οἷ
630 412 754 456 ἄλλοι
783 415 1098 469 νενομίκαμεν,
1140 413 1215 456 καὶ
1245 412 1434 469 ου’νομά-

159 489 286 540 ζομεν
325 482 490 535 αὐτούς
529 484 751 528 Σκυθιστὶ
790 481 1101 541 Ἀριμασπούς·

282 676 390 725 Cap.
420 673 572 711 XXVII.

155 747 249 779 τους
291 725 642 782 μουνοφθάλμους
690 725 764 769 οἷν-

99 785 296 853 θρώπους
312 787 380 827 καὶ
393 803 487 834 τους
509 783 763 839 χρυσοφυλα-

99 862 172 893 κιις
207 842 370 897 Γρύπας
403 840 522 895 εἶναι]
565 844 764 882 Articulum

99 918 194 950 τους
234 916 314 940 cum
344 902 549 950 Schxieigh.
581 906 619 939 et
646 901 763 938 Gaisf.

100 960 249 1006 inserui,
280 960 316 996 in
328 959 452 1007 vulgg.
474 958 560 995 edd.
581 959 764 995 omissum.

100 1017 159 1055 De
177 1029 266 1053 voce
293 1010 643 1066 μουνοφθάλμους
664 1014 767 1064 plura

101 1073 222 1110 attulit
251 1072 450 1122 Spanhem.
480 1072 529 1108 ad
556 1070 767 1108 Callimach.

100 1129 151 1168 H.
185 1129 222 1165 in
252 1128 361 1166 Dian.
389 1128 456 1169 53.
517 1126 577 1164 De
610 1127 769 1177 Gryphis

101 1186 254 1223 diximus
274 1185 311 1221 in
331 1185 497 1221 Excursu
518 1184 566 1219 ad
586 1182 649 1230 111,
675 1185 768 1222 116.

154 1236 437 1293 Ἀριμασπούς]
487 1239 661 1290 Gryphos
696 1252 769 1276 una

100 1311 182 1336 cum
229 1298 430 1348 Arimaspis
478 1300 656 1334 memorat
694 1294 769 1334 Ae-

100 1354 244 1405 schylus
265 1354 452 1392 Prometh.
477 1355 559 1395 809
580 1365 685 1402 seqq.

149 1439 374 1485 ὀξυστόμους
408 1439 478 1484 γὰρ
507 1438 627 1483 Ζηνὸς
653 1435 769 1483 ἄκρα-

379 1490 454 1531 ’γεῖς
477 1485 594 1525 κύνας

149 1530 303 1578 Γρύπας
319 1531 394 1577 φύ)
398 1533 495 1576 αξαι,
522 1530 589 1566 τόν
608 1543 646 1565 τε
665 1544 689 1574 μ
701 1543 769 1564 ου-

379 1592 400 1613 ν
411 1580 438 1612 ὦ
452 1591 478 1612 π
491 1591 513 1611 α
541 1589 560 1612 σ
572 1591 591 1611 τ
603 1591 621 1620 ρ
634 1590 656 1611 α
669 1592 687 1611 τ
701 1576 718 1611 ὸ
732 1590 752 1610 ν

148 1622 178 1658 ’A
191 1637 211 1670 ρ
224 1638 236 1659 ι
247 1637 271 1669 μ
282 1637 305 1658 α
317 1635 373 1659 σπ
386 1623 404 1659 ὀ
417 1638 437 1658 ν
463 1621 706 1669 ἱπποβάμον’,
731 1621 767 1657 οἳ

363 1670 633 1728 ,χρυσόῤῥυτον

150 1716 319 1751 οἰκοῦσιν
347 1714 445 1760 ἀμφὶ
470 1718 612 1760 νεῦμα,
645 1717 701 1750 Π)
706 1712 767 1749 ov'-

377 1775 495 1803 ‘cmvog
519 1775 650 1807 πορΟν.

101 1835 210 1880 Quae
238 1835 319 1886 ipsa
347 1848 391 1873 ex
413 1836 581 1874 Aristeae
607 1836 768 1873 carmine

103 1890 168 1944 (de
192 1904 266 1941 quo
285 1892 358 1928 vid.
382 1899 476 1930 nott.
509 1894 557 1930 ad
586 1893 659 1939 IV,
696 1894 767 1940 13)

101 1949 250 1986 fluxisse
265 1951 457 1987 contendit
469 1949 634 1987 Volcker.
651 1949 768 1998 Myth.

103 2006 242 2055 Geogr.
263 2005 277 2041 l
298 2019 385 2055 pag.
409 2007 499 2047 184.
531 2007 688 2044 Confert
703 2020 768 2043 au-

103 2067 179 2100 tem
196 2062 381 2099 Stanleius
402 2063 449 2100 ad
462 2063 631 2112 Aeschyli
649 2063 766 2100 locum

103 2124 141 2157 et
163 2119 296 2156 Tzetz.
322 2119 412 2156 Chil.
432 2120 499 2157 Vll
520 2120 603 2157 hist.
632 2121 709 2160 144
732 2125 766 2157 et

104 2175 263 2212 Gellium
283 2175 331 2215 N.
348 2176 391 2213 A.
405 2177 468 2222 lx,
491 2175 530 2224 4,
548 2177 680 2226 quibus
701 2178 767 2213 aal-

105 2233 162 2269 dit
182 2232 358 2270 Valcken.
380 2233 589 2271 Philostrat.
608 2234 668 2271 De
686 2234 765 2271 vitt.

104 2289 267 2340 Sophist.
289 2289 321 2326 ll
354 2303 440 2340 pag.
468 2290 550 2331 584
573 2291 631 2328 ed.
651 2290 763 2327 Orell.

106 2345 238 2395 Attigit
268 2359 417 2396 quoque
433 2347 532 2385 Mela
562 2348 608 2394 ΙΙ,
637 2348 765 2394 1,15;

107 2402 169 2450 qui
187 2407 381 2452 postquam
399 2404 447 2441 de
458 2404 621 2455 Gryphis
640 2417 766 2441 aurum

107 2460 394 2497 custodientibus
415 2460 557 2498 locutus
581 2467 649 2507 est,
673 2461 768 2498 hunc

110 2515 145 2550 in
173 2517 319 2553 modum
345 2518 485 2567 pergit:
532 2518 766 2565 „Hominum

110 2570 217 2620 primi
238 2578 322 2609 sunt
341 2574 513 2623 Scythae,
531 2575 768 2624 Scytharum-

109 2639 202 2675 que,
232 2630 335 2677 queis
354 2630 486 2679 singuli
505 2632 597 2669 oculi
616 2645 697 2670 esse
713 2633 769 2669 di-

111 2690 265 2732 cuntur,
293 2686 517 2736 Arimaspi.“
555 2689 652 2726 Add.
674 2688 768 2726 Plin.

110 2739 159 2778 lv
180 2740 293 2791 (12),
318 2744 385 2782 26.
414 2743 624 2794 Utrumque
644 2750 680 2783 et
696 2745 770 2784 Ae-

1163 482 1299 541 ἅριμα
1342 483 1426 540 γάρ
1444 494 1458 526 1

823 673 984 723 schylum
1013 680 1050 713 et
1072 675 1304 713 Herodotum
1327 675 1488 726 respexit

822 730 988 769 Eustath.
1018 732 1066 769 ad
1106 732 1262 781 Dionys.
1300 732 1487 781 Perieget.

823 789 899 832 31,
926 789 1029 839 plura
1051 789 1263 839 disputans,
1294 789 1332 826 in
1353 790 1487 838 quibus

823 845 933 882 etiam
953 846 1063 883 haec:
1082 868 1136 872 —
1164 841 1402 897 Ἀριμασποί
1421 861 1488 884 κα-

822 898 881 939 θα
901 902 967 940 καὶ
985 897 1186 955 Ηοοδότῳ
1210 904 1332 950 ὁοκεΐ,
1354 902 1395 941 ἐκ
1414 918 1484 941 του

825 955 1011 997 τοιούτου
1057 944 1221 1005 maring-
1261 962 1490 1006 καλοῦνται,

827 1029 880 1060 ως
903 1011 990 1054 οἷον
1023 1015 1149 1053 εἰπεῖν
1178 1012 1490 1066 μονόφθαλμοι·

827 1066 919 1122 ἆρί
955 1068 1044 1122 μὲν
1071 1087 1161 1124 γαρ
1189 1069 1242 1111 τὸ
1273 1073 1329 1111 ἑν
1360 1076 1493 1111 Σκυ-

826 1128 1035 1175 θιστί,
1109 1124 1307 1179 μασπός
1360 1127 1422 1167 δὲ
1470 1127 1494 1169 ὅ

827 1178 1124 1235 ὀφθαλμὸς·
1160 1185 1312 1237 ἱστορεῖ
1327 1183 1370 1225 δὲ
1384 1181 1493 1237 Ὴοό-

828 1240 942 1288 ὅοτος
965 1257 1033 1280 και
1061 1257 1155 1289 τους
1178 1239 1493 1294 χουσοφύλακας

825 1293 982 1350 γρύπας
1011 1294 1198 1352 ανωτέρω
1229 1301 1310 1338 τῶν
1328 1304 1489 1350 Ἀριμα-

825 1357 940 1394 σπῶν
969 1355 1094 1394 οἰκεῖν
1113 1372 1148 1395 ν..
1170 1371 1202 1394 τ.
1222 1359 1254 1395 λ.
1267 1371 1285 1402 ,·
1318 1370 1338 1394 e
1358 1357 1492 1406 quibus

826 1412 907 1462 ipsa
946 1413 1129 1450 Herodoti
1166 1414 1279 1451 verba
1315 1414 1494 1451 mutanda

827 1481 908 1506 esse
946 1470 1113 1507 voluerat
1148 1470 1334 1519 Hartung.
1376 1470 1492 1508 Thes.

827 1525 918 1562 Crit.
944 1526 977 1563 ll
1007 1540 1093 1577 pag.
1122 1529 1215 1567 636.
1285 1527 1355 1564 Cui
1385 1539 1492 1564 nemo

828 1583 1009 1620 editorum
1037 1584 1234 1621 obsecutus
1267 1589 1331 1622 est.
1392 1583 1491 1621 Nam

828 1639 864 1675 in
887 1640 1105 1688 Scytharum
1138 1641 1301 1678 dialectis
1331 1640 1411 1690 Spu
1439 1640 1491 1676 si—

828 1696 1003 1744 gnificare
1027 1697 1184 1744 oculum,
1225 1703 1261 1735 et
1288 1699 1379 1733 arim
1402 1710 1492 1734 unns

827 1766 1028 1791 monemur.
1093 1755 1178 1792 Yid.
1217 1754 1404 1791 lVachter.
1456 1755 1492 1790 in

824 1810 986 1847 Praefat.
1009 1810 1171 1848 Glossar.
1195 1811 1322 1848 Germ.
1342 1808 1494 1861 §.XHL

825 1866 906 1904 Nec
925 1869 1042 1916 magis
1068 1868 1155 1905 mihi
1181 1869 1417 1906 innotescunt
1436 1869 1492 1904 in-

826 1924 1077 1974 terpolationis
1108 1926 1287 1974 vestigia,
1330 1937 1424 1974 quae
1455 1925 1493 1961 in

825 1980 879 2017 his
917 1982 1004 2031 ipsis
1043 1982 1162 2019 verbis
1200 1983 1248 2019 ab
1280 1982 1492 2030 Hartungio

825 2039 994 2074 tentatis:
1028 2035 1153 2090 ἄριμα
1171 2036 1245 2090 γὰρ
1261 2039 1308 2078 ἓν
1327 2037 1491 2077 καλέου-

827 2107 865 2132 σι
908 2090 1073 2134 Σκύθαι
1098 2125 1108 2142 ,
1171 2098 1276 2135 σποῦ
1327 2093 1370 2134 δὲ
1419 2091 1491 2133 τὸν

825 2147 1047 2201 ὀφθαλμόν
1072 2157 1203 2202 aperta
1231 2166 1311 2191 esse
1331 2154 1380 2189 ait
1398 2153 1492 2189 Gat-

822 2214 929 2246 terer.
955 2210 992 2245 in
1012 2210 1219 2247 Commeat.
1242 2211 1368 2247 societ.
1384 2209 1486 2246 Gott.

820 2265 907 2302 le
925 2279 1011 2316 pag.
1035 2268 1071 2306 9.

881 2345 954 2382 lam
977 2346 1005 2382 si
1029 2346 1076 2384 de
1101 2346 1182 2396 ipsa
1203 2350 1314 2395 gente
1336 2346 1487 2394 eiusque

824 2403 973 2439 sedibus
1004 2415 1180 2452 quaeras,
1212 2415 1276 2449 ea,
1315 2414 1411 2451 quae
1441 2403 1488 2438 de

825 2458 1029 2510 Arimaspis
1069 2460 1233 2497 unoculis
1273 2461 1490 2503 referuntur,

825 2517 956 2554 eodem
971 2516 1170 2566 releganda
1182 2529 1262 2554 esse
1274 2517 1487 2559 existimem,

825 2587 899 2624 quo
929 2574 1089 2612 fabulam
1122 2575 1168 2611 de
1199 2573 1382 2623 Gryphis,
1420 2570 1488 2607 alia

826 2633 864 2668 id
886 2644 1018 2680 genus,
1051 2632 1099 2669 de
1118 2631 1250 2681 quibus
1271 2632 1307 2666 in
1327 2629 1489 2665 Excursu

826 2687 849 2725 Ι.
863 2688 885 2725 l.
905 2689 1122 2725 monuimus.
1154 2687 1234 2725 Nec
1245 2692 1368 2723 tamen
1385 2697 1490 2735 pror-

828 2758 888 2782 sus
910 2745 1110 2796 praeterire
1132 2744 1217 2781 licet
1246 2743 1402 2779 virorum
1422 2741 1490 2778 do-
