1946 3272
578 213 923 256 THALIA.

146 333 322 376 δπάντα
353 332 397 374 οἷ
423 326 664 372 ἐπιπλέατο.

175 474 327 524 ἷππεύς
340 487 350 498 ·

983 213 1045 251 ΙΠ.
1362 223 1444 262 157

732 327 915 380 Πρῶτον
944 325 1025 380 μέν
1053 342 1139 369 νυν
1166 325 1308 370 τύπου
1325 344 1446 386 ποιη-

176 404 361 459 σάμενος
398 400 593 448 λίθινον,
634 396 804 452 ἔστησε·

867 400 979 449 ζῶον
1010 397 1055 440 δέ
1093 399 1136 440 οἱ
1167 398 1292 452 ἐνῆν,
1334 398 1448 456 ἀνήρ

415 469 628 524 ἐπέγραψε
690 469 735 512 δὲ
790 467 1022 524 γράμματα
1084 468 1268 523 λέγοντα
1325 469 1450 513 τάδε·

146 545 444 587 6ΔΑΡΕῙΟΣ
491 539 540 584 Ὁ
594 540 981 583 (ΤΣΤΑΣΠΕΟΣ
1035 542 1167 582 ΣΤΝ
1215 543 1291 582 ΤΕ
1339 545 1508 585 TOY95

169 615 377 659 ‘IHHOY
415 615 510 655 ΤΗΙ,
547 614 769 654 ΑΡΕΤΗι
811 610 888 666 (τὸ
930 609 1100 666 οὔνομα
1143 610 1306 666 λέγων)
1347 616 1459 657 ΚΑΙ

177 759 309 799 THN
356 759 657 799 ΠΕΡΣΕΩΝ
711 756 1074 796 BAEIAHIHN.
1160 754 1359 812 Ποιήσας
1406 759 1451 801 δὲ

171 831 308 871 ταῦτα
342 829 388 872 ἐν
418 828 632 886 Πέρσῃσι,
673 825 808 883 ἀρχάς
848 825 1139 884 κατεστήσατο
1171 829 1332 881 εἴκοσι,
1371 829 1450 880 τοὶς

118 992 278 1044 πλέατο]
312 995 333 1031 i.
357 1008 388 1032 e.
418 997 535 1032 omnia
560 997 594 1031 ei
619 993 783 1045 potenti&

118 1051 390 1101 complebantur,
407 1065 435 1089 s.
460 1066 567 1089 omne
588 1052 781 1090 Persarum

117 1122 269 1157 regnum
293 1109 362 1159 ipsi
380 1109 575 1156 redditum,
597 1109 782 1159 ipsiusque

117 1166 281 1215 potentia
300 1178 367 1215 per
386 1179 512 1202 omnes
534 1167 637 1214 regni
657 1171 782 1216 partes

117 1221 289 1258 stabilita.
337 1221 396 1259 De
423 1222 551 1272 plurali
574 1221 782 1261 ἔπιπλὲατο

119 1276 222 1328 (nam
260 1278 385 1314 Ionum
415 1292 517 1316 more
547 1279 682 1316 dictum
716 1292 782 1327 pro

118 1332 391 1385 ἔπίπλαντο)
420 1336 513 1372 conf.
541 1340 635 1373 nott.
667 1336 715 1372 ad
739 1335 784 1383 ll,

118 1393 185 1434 96.
215 1413 272 1419 -
300 1386 428 1430 τύπον
466 1393 503 1429 in
543 1406 648 1442 seqq.
679 1396 786 1429 notat

117 1461 250 1495 arcam,
284 1461 312 1486 s.
338 1449 544 1495 columnam,
576 1451 631 1486 cui
654 1449 784 1498 equitis

117 1506 236 1554 figura
267 1505 334 1542 fuit
361 1506 552 1555 insculpta.
595 1506 703 1543 Conf.
736 1505 782 1552 ΙΙ,

119 1564 185 1603 86.
207 1563 299 1602 106.
328 1564 418 1603 138.
468 1563 580 1600 Italus
604 1564 782 1612 interpres

118 1618 263 1656 reddit:
285 1632 335 1656 un
353 1623 570 1656 monumento
591 1620 631 1656 ‹lz'
640 1622 782 1670 pietra3

119 1675 211 1712 etin
238 1680 324 1712 nota
345 1681 470 1713 monet
489 1673 616 1715 τύπον
637 1677 783 1714 minime

119 1731 179 1769 hic
197 1732 402 1780 significare
428 1736 598 1780 statuam,
629 1734 695 1770 sed
716 1746 784 1783 po-

120 1788 193 1825 tius
212 1802 286 1835 „un
308 1789 408 1825 basso
425 1790 588 1828 rdievost‘
603 1812 654 1817 —-
682 1791 783 1836 ζῶον

120 1845 210 1893 quid
243 1846 310 1894 sit,
350 1848 558 1884 notavimus
587 1847 636 1884 ad
665 1846 712 1894 ll,
744 1845 782 1885 4.

117 1901 182 1949 Ill,
217 1901 282 1942 47.

177 1955 221 1997 τό
252 1955 408 2008 οὕνομα
435 1956 576 2011 λέγων]
608 1960 629 1996 i.
653 1973 684 1997 e.
715 1973 783 1996 no-

120 2028 203 2053 men
228 2016 312 2065 equi
334 2016 390 2054 hic
410 2021 488 2055 erat
506 2017 732 2068 adscriptum
753 2030 783 2056 s,

119 2072 328 2110 indicatum.

282 2129 313 2166 C
326 2143 394 2180 ap.
418 2129 625 2167 LXXXIX.

178 2180 300 2236 ἆρχᾶς
337 2183 621 2237 κατεστήσατο]
652 2187 787 2236 Agno-

123 2242 253 2279 scimus
274 2243 311 2279 in
339 2243 437 2281 hisce
461 2245 669 2281 rudimenta
691 2246 786 2281 inte-

121 2298 224 2335 rioris
250 2312 359 2348 quam
398 2301 524 2338 dicunt
554 2301 787 2338 administra-

122 2355 231 2392 tionis
263 2357 366 2405 regni
395 2357 590 2395 Persarum
612 2371 678 2407 per
701 2371 787 2407 pro-

123 2410 255 2449 vincias
266 2425 360 2450 nunc
380 2415 581 2452 accuratius
597 2415 788 2465 descripti,

125 2466 182 2504 vel
217 2470 338 2517 potius
378 2471 536 2508 describi
570 2473 714 2522 coepti:
748 2472 787 2508 id

127 2525 226 2570 quod
247 2525 383 2574 priores
398 2526 588 2565 Persarum
606 2541 726 2577 reges,
748 2532 788 2566 et

128 2579 244 2626 Cyrus
269 2586 306 2618 et
327 2583 542 2632 Cambyses,
572 2586 650 2635 pari
675 2586 786 2622 modo

128 2635 328 2683 neglexisse
351 2639 529 2678 videntur.
581 2642 788 2679 Coniuncta

130 2692 224 2727 enim
243 2698 299 2730 est
318 2694 406 2733 haec
431 2698 695 2747 provinciarum
723 2699 789 2736 de-

129 2747 293 2797 scripti0,
325 2763 432 2798 quam
453 2753 587 2792 Darius
608 2756 787 2792 instituis-

131 2816 170 2840 se
200 2816 227 2840 s.
260 2806 446 2846 ordinasse
466 2811 594 2859 fertur,
621 2825 702 2849 cum
728 2824 790 2849 ac-

129 2860 299 2898 curatiori
328 2863 565 2915 tributorum,
595 2880 691 2918 quae
712 2869 789 2906 sin-

1504 898 1570 917 rum

50 691 116 736 89
179 687 486 728 ΟΙΒΑΡΕΟΣ
521 687 638 726 TOY
673 681 1066 734 ‘lHHOKOMOT,
1114 686 1451 728 ΕΚΤΗΣΑΤΟ
1508 687 1784 722 Satrapimumxx

1507 726 1537 747 et
1548 722 1589 747 rei
1607 722 1786 750 tributariae

1511 755 1671 790 descriptio
1691 765 1708 782 a
1729 757 1785 783 Da-

1510 790 1554 815 rio
1570 790 1665 816 sacia:
1687 790 1785 824 Baby-

1509 822 1636 849 lonicum
1688 824 1785 850 talen-

1508 860 1569 883 tum
1590 857 1669 883 Lxx
1692 859 1785 884 mina-

1641 891 1785 918 Euboica-

1504 932 1588 951 rum:
1622 924 1732 952 Darius
1743 945 1751 959 ,

841 996 935 1046 gulis
952 996 1119 1045 gentibus
1134 998 1401 1047 provinciisque
1419 998 1506 1036 sub-

841 1055 927 1090 ditis
953 1054 1025 1090 sint
1059 1056 1302 1103 praestanda,
1334 1055 1507 1092 distribu-

840 1111 952 1157 tione,
982 1110 1070 1158 quin
1094 1123 1137 1147 ex
1157 1112 1200 1147 ea
1224 1111 1303 1161 ips-<⁴2
1327 1112 1508 1159 quodam-

840 1168 953 1204 modo
980 1173 1068 1204 nata
1102 1168 1215 1205 videri
1242 1173 1372 1217 queat,
1404 1181 1507 1204 sum-

840 1236 936 1260 mam
977 1224 1081 1271 regni
1127 1224 1335 1262 stabiliendi
1384 1237 1507 1262 curam

841 1280 991 1328 egregie
1040 1279 1100 1316 illa
1141 1281 1288 1330 quidem
1333 1283 1507 1332 prodens,

841 1336 975 1386 Neque
996 1338 1089 1374 enim
1110 1339 1206 1386 fugit
1223 1352 1347 1387 regem
1361 1339 1507 1388 sapien-

841 1398 928 1439 tem,
960 1395 1064 1442 regni
1089 1395 1408 1433 administratione
1430 1408 1505 1432 non

842 1451 936 1488 bene
975 1451 1143 1488 ordinata
1179 1452 1400 1501 tributisque
1432 1453 1507 1489 sin-

841 1506 1006 1556 gulorum
1047 1508 1265 1558 populorum
1303 1522 1378 1546 non
1417 1509 1506 1547 satis

840 1569 1009 1602 accurate
1030 1566 1235 1602 constitutis
1256 1566 1372 1615 (quae
1393 1567 1506 1617 prius,

840 1625 881 1658 ut
901 1621 998 1657 dona
1016 1622 1282 1669 offerebantur,
1309 1636 1377 1660 nec
1395 1627 1507 1669 certa,

839 1690 907 1714 nec
920 1679 966 1714 ad
986 1677 1095 1715 ullum
1116 1680 1263 1716 modum
1283 1692 1508 1717 mensuram-

841 1747 913 1783 que
930 1735 1129 1781 adstricta;
1159 1749 1231 1784 quo
1252 1737 1332 1785 ipso
1351 1736 1407 1774 vel
1430 1750 1508 1774 ma-

841 1791 898 1839 gis
929 1792 1145 1840 premebant
1171 1793 1339 1829 subditos
1360 1795 1508 1843 praefe-

841 1851 980 1884 ctorum
1006 1849 1190 1897 regiorum
1221 1849 1369 1886 arbitrio
1398 1850 1506 1900 plane

841 1905 1058 1953 expositos),
1070 1906 1186 1955 ipsum
1200 1918 1350 1955 regnum
1367 1907 1426 1944 vix
1445 1907 1508 1944 diu

841 1964 937 1997 stare
961 1974 1072 2010 posse
1090 1962 1271 2010 integrum
1298 1963 1508 2013 imperium-

844 2030 916 2066 que
943 2018 1043 2056 brevi
1065 2019 1301 2067 acquisitum,
1330 2033 1412 2057 mox
1436 2021 1507 2057 iam

844 2087 1008 2111 eversum
1022 2075 1073 2112 iri.
1098 2076 1202 2119 Quae
1213 2090 1300 2114 vero
1312 2076 1450 2114 Noster
1460 2078 1507 2114 de

842 2130 910 2167 hae
922 2132 1057 2169 Persici
1077 2133 1180 2180 regni
1194 2133 1440 2183 descriptione
1451 2147 1510 2171 re-

844 2187 938 2234 tulit,
956 2201 1000 2226 ea
1020 2202 1064 2226 ex
1085 2190 1231 2237 optimis
1251 2190 1413 2227 fontibus
1430 2191 1509 2240 ple-

842 2257 958 2293 raque
983 2250 1083 2283 certe
1107 2247 1255 2284 fluxisse
1287 2260 1507 2296 quamquam

844 2314 919 2338 non
950 2306 1025 2348 est,
1066 2303 1165 2352 quod
1198 2303 1429 2351 dubitemus,
1459 2304 1508 2340 ad

843 2359 1050 2409 posteriora
1073 2363 1196 2397 tamen
1222 2361 1327 2409 regui
1345 2364 1510 2410 tempora

845 2428 926 2452 eam
948 2428 1021 2452 non
1036 2429 1184 2466 prorsus
1206 2418 1401 2454 convenire
1411 2417 1512 2454 haud

844 2472 986 2509 mirum.
1046 2474 1140 2510 Cum
1164 2474 1259 2511 enim
1286 2475 1403 2524 prima
1430 2473 1511 2511 talis

845 2529 1032 2566 divisionis
1045 2530 1250 2567 rudimenta
1261 2531 1511 2581 potius,quam

844 2585 962 2635 ipsam
984 2587 1184 2636 perfectam
1212 2587 1384 2636 omnique
1404 2591 1511 2637 parte

846 2642 1048 2679 absolutam
1074 2644 1358 2694 descriptionem
1378 2643 1510 2681 Darius

846 2699 1071 2746 exhibuerit,
1100 2700 1301 2750 postmodo
1337 2699 1510 2736 nonnulla

845 2760 987 2793 mutata
1022 2756 1171 2794 aliterve
1199 2757 1394 2794 constituta
1427 2767 1507 2792 esse

846 2812 927 2861 quis
948 2812 1127 2851 miretur?
1166 2812 1300 2861 Neque
1331 2812 1433 2848 unice
1458 2810 1506 2846 ad

846 2869 985 2907 tributa
1004 2882 1046 2908 ac
1071 2869 1276 2919 vectigalia,
1296 2872 1337 2904 ut
1357 2867 1507 2916 quibus-
