1863 3256
11 733 110 777 117

563 260 907 302 THALlA.
967 262 1028 299 111.

1349 269 1430 308 211

159 379 359 432 φθαλμοι
389 373 544 427 α’νδρες
574 370 789 427 φύονται,
821 369 960 426 φύσιν
990 370 1158 425 ἔχοντες
1187 370 1266 425 τήν
1298 371 1432 429 α’)ληυ

130 445 322 502 δὸμοίην
351 448 464 487 τοῖσι
495 441 664 486 ἄλλοισι
693 441 984 497 ἀνθρώποισι.

1044 442 1104 484 Αἱ
1132 440 1185 497 δη
1220 443 1283 484 ὠν
1308 442 1432 498 ἐσχα-

157 517 245 560 τιαὶ
276 517 443 566 οἴκασι,
473 516 804 569 περικληῖουσαι
833 512 913 570 τὴν
935 509 1070 568 ἄλλην
1099 510 1246 567 χώρην
1265 513 1336 556 καὶ
1368 514 1433 556 ἐν·

157 588 229 638 τὸς
258 584 550 640 ἀπέργουσαι,
601 584 654 627 τὰ
694 583 903 628 κάλλιστα
945 582 1156 627 δοκέοντα
1186 582 1291 640 ἡμῖν
1321 582 1433 628 εἶναι

156 658 229 702 καὶ
259 655 537 699 σπανιώτατα
566 656 676 711 ἐχειν
707 650 849 699 αὗται.
1444 662 1488 695 65

156 941 231 985 ἐὸν
267 945 354 985 τῶν
383 943 651 998 Χορασμίων
686 958 730 985 τε
770 941 918 984 αὐτῶν
948 941 1020 985 καὶ
1044 939 1315 997 ὟΓρκανίων,
1360 941 1434 985 καὶ

157 1011 385 1067 Πάρθων,
429 1014 504 1057 καὶ
541 1015 830 1070 Σαραγγέων

290 1319 402 1370 Cap.
434 1319 586 1356 CXVII.

161 1372 397 1427 διασφάγες]
440 1376 562 1413 Gloss.
582 1375 766 1414 Herodot.

101 1432 146 1472 αἷ
172 1432 382 1471 διεστῶσαι
411 1432 563 1484 πέτραι.
624 1433 769 1469 Eadem

103 1490 261 1539 Gregor.
291 1490 380 1527 Cor.
416 1491 463 1527 de
503 1489 587 1526 dial.
622 1490 700 1526 lon.
731 1487 768 1540 ξ.

103 1547 211 1594 146,
249 1547 310 1583 ubi
341 1547 414 1584 vid.
437 1551 528 1583 nott.
561 1558 649 1597 pag.
674 1547 769 1587 538.

102 1603 214 1640 conf.
246 1607 338 1640 nott.
371 1604 417 1641 ad
438 1603 579 1640 Herod.
604 1604 656 1650 ll,
688 1605 768 1645 158

105 1664 143 1698 et
163 1660 249 1697 add.
271 1660 352 1706 VH,
378 1662 470 1702 199.
489 1662 586 1701 216.
625 1660 684 1698 De
707 1673 767 1697 ac—

103 1721 211 1754 centu
273 1717 494 1767 disputant,
567 1718 767 1755 scribentes

103 1767 335 1836 διασφαγες,
361 1771 578 1824 διασφαὶές
614 1779 652 1812 et
686 1774 768 1812 δια

104 1824 268 1881 σφάγες.
299 1830 400 1866 Bast'
392 1843 446 1866 ius
473 1831 522 1867 ad
545 1831 659 1879 Greg.
682 1831 766 1868 Cor.

103 1886 127 1923 l.
150 1886 298 1954 [unice
324 1887 457 1937 probat
479 1884 658 1939 ὁιασφά,
663 1902 712 1932 ες.

160 1943 214 1992 ἢν
237 1941 309 1993 μέν
329 1958 418 1982 κοτε
431 1942 690 1994 Χορασμίων]
710 1944 769 1982 De

102 1999 173 2037 hoc
193 2001 375 2048 genitivo,
407 2001 469 2049 qui
492 2001 638 2037 additur
656 2002 768 2038 verbo

105 2052 232 2103 εἶναι,
273 2057 428 2107 plurima
448 2057 570 2094 attulit
591 2058 767 2095 Valcken.

104 2114 153 2150 ad
173 2113 206 2149 h.
225 2113 246 2150 1.
293 2113 354 2151 Tu
385 2114 457 2150 vid.
489 2115 601 2151 modo
632 2115 767 2152 Matth.

105 2170 172 2207 Gr.
191 2170 257 2206 Gr.
281 2168 317 2220 ἓ.
338 2170 419 2210 315
439 2183 524 2221 pag.
550 2173 642 2213 619.
679 2171 769 2208 Mox

104 2226 207 2264 edidi
244 2225 286 2266 ἐν
328 2224 484 2277 οὔροισι
516 2224 579 2266 ἐόι
607 2227 703 2278 (cum
730 2242 767 2265 m

95 2283 236 2334 finibus
259 2287 347 2320 esset
373 2286 445 2320 sila
469 2285 668 2334 planitzes)
700 2299 768 2336 pro

105 2339 190 2376 olim
221 2340 321 2389 vulg.
352 2339 394 2380 ἐν
434 2340 569 2392 οὔρεσι
607 2338 769 2388 ἐόνι,τωι

106 2397 207 2446 quod
220 2398 335 2434 teneri
348 2397 426 2435 vult
434 2398 617 2436 Mannert.
629 2400 710 2437 Ge(
703 2413 768 2449 gr.

107 2454 173 2490 der
193 2453 259 2490 Gr.
280 2467 315 2490 u.
336 2454 444 2492 Rom.
469 2456 502 2491 V
528 2468 613 2505 pag.
635 2458 672 2497 8.
721 2457 770 2492 At

106 2508 282 2559 Breigero
307 2511 436 2558 (Asiae
458 2512 606 2549 difficili.
633 2526 670 2563 p.
697 2512 770 2561 67)

108 2566 217 2603 verba
250 2565 291 2605 ἐν
321 2565 476 2617 οὔροισι
507 2564 654 2607 ἐόντων
685 2572 768 2608 Χο-

110 2623 287 2671 ρασμίων
306 2624 414 2674 plane
440 2626 617 2663 eiicienda
640 2627 770 2663 viden-

108 2682 179 2714 tur.
198 2700 254 2708 —-
288 2679 348 2718 De
369 2683 564 2730 gentibus,
595 2695 689 2731 quae
713 2683 771 2720 hic

110 2735 356 2783 nominantur,
367 2739 438 2776 wid.
459 2745 551 2776 nott.
567 2739 615 2776 ad
632 2740 768 2786 111,93.

169 2789 211 2829 ἐκ
233 2789 283 2842 δη
307 2793 362 2831 ὠν
381 2798 454 2834 τοῦ
469 2797 770 2846 περικληιοιτος

112 2860 253 2898 ουρεος
271 2845 415 2889 τούτου
435 2867 470 2890 κ.
494 2868 523 2891 τ.
543 2855 575 2890 λ.
587 2851 601 2902 ]
649 2853 771 2890 Plani-

110 2904 196 2941 tiem
221 2904 266 2941 ab
287 2905 479 2969 Herodoto
509 2921 771 2948 commemora-

252 724 374 770 ’Ἐστι
414 727 459 770 δὲ
504 729 659 770 πεὸίον
705 725 753 769 ἐν
794 744 846 783 τῃ
887 725 1004 783 Ἀσίῃ
1046 725 1429 782 περικεκληιμένον
1488 727 1766 768 ¹¹¹A⁸¹³1=¹anifteu

1488 770 1553 788 1011
1556 768 1586 789 ta
1649 772 1694 824 111¹?
1698 771 1764 792 11182

1493 936 1548 957 eti

881 1014 954 1057 καὶ
993 1015 1283 1069 Θαμαναίων·
1343 1012 1435 1057 ἐπεί

1494 964 1559 990 «mle
1593 973 1626 998 μ(

1490 1002 1539 1024 ter
1526 1006 1606 1024 rras:
1631 974 1700 1025 x'ob-
1704 1004 1732 1025 tr

1492 1036 1537 1058 cta
1523 1040 1559 1058 ae

155 798 281 852 οὔρεϊ
308 797 551 849 πάντοθεν,
588 797 827 853 διασφαγες
847 797 892 841 δὲ
913 803 994 842 τοῦ
1018 797 1175 851 οὔρεός
1196 799 1278 842 εἶσι
1296 797 1433 842 πέντε.
1492 798 1552 856 ¹Ace
1537 804 1568 822 es
1597 797 1668 823 fluvi
1733 799 1768 825 il-

126 875 290 914 Ξτοῦτο
314 869 363 914 τό
391 871 543 913 πεδίον
565 865 620 926 ἦν
642 870 720 925 μέν
743 886 841 913 κοτε
866 872 1153 926 Χορασμίων,
1186 871 1232 914 ἐν
1257 869 1433 925 οὔροισι

1570 807 1694 863 pe‹¹=¹=rm
1688 837 1767 892 ιιιι)1ιῑι

1491 864 1551 897 quii
1553 864 1684 909 tquoelt·
1689 866 1729 891 isi

1490 897 1581 955 terei<
1587 898 1738 925 ninlaben

1572 932 1672 965 rigans
1697 936 1726 958 to
1732 920 1767 958 [i-

1653 966 1698 991 ulo
1703 974 1768 993 rum

1619 1033 1768 1059 sectiones

1462 1073 1538 1124 oom
1524 1066 1600 1092 ontis
1627 1074 1645 1092 a
1663 1066 1768 1097 Persa,

155 1100 201 1128 τε
233 1084 279 1128 δὲ
312 1085 478 1139 Πέρσαι
509 1085 656 1140 ἔχουσι
687 1085 735 1128 τὸ
765 1084 947 1137 κράτος,
988 1085 1076 1128 ἔστι
1105 1089 1187 1129 τοῦ
1216 1085 1459 1141 ssaomts'ogf
1444 1106 1453 1125 ι
1462 1093 1768 1169 Οὲξρῑέιὲιιιιὶιιιεὶπιῐιιέῐι

128 1155 210 1199 agn
253 1158 306 1212 δὴ
353 1158 416 1200 ὠν
459 1160 540 1200 τοῦ
577 1159 910 1213 περικληῖοντος
949 1156 1104 1211 οὔρεος
1141 1156 1306 1200 τούτου
1348 1156 1434 1213 ῥέει
1491 1172 1574 1212 255

827 1324 903 1357 tam
927 1318 964 1355 ‘m
985 1319 1188 1366 montibus,
1230 1319 1292 1368 qui
1311 1331 1333 1356 a
1353 1318 1490 1369 Caspio

826 1377 914 1414 inde
951 1375 1041 1412 mari
1076 1376 1218 1413 Indiam
1254 1388 1372 1425 usque
1408 1379 1494 1413 tan-

826 1438 918 1482 gant
937 1432 1111 1470 etlatiore
1120 1433 1348 1483 Paropamisi
1364 1432 1492 1483 appel-

826 1490 964 1528 latione
1003 1489 1388 1540 comprehendantur,
1430 1489 1492 1526 ubi

827 1552 959 1596 gentes
1001 1545 1060 1583 hic
1094 1547 1275 1584 indicatae
1310 1547 1492 1585 consede-

825 1605 923 1651 rint,
962 1604 1150 1652 regionem
1192 1616 1273 1641 esse
1301 1603 1492 1641 Kasclaemz'r

826 1661 953 1698 statuit
972 1659 1155 1697 Mannert.
1178 1659 1200 1696 l.
1223 1661 1246 1697 l.
1267 1661 1491 1709 fluviumque

825 1719 920 1755 Acen
933 1717 1090 1754 eundem
1103 1730 1199 1762 esse,
1221 1729 1328 1766 quem
1347 1722 1492 1754 veteres

825 1775 1026 1820 Acesinem,
1056 1775 1278 1811 recentiores
1301 1773 1337 1810 T
1335 1773 1492 1810 schanah

825 1831 1008 1877 vocarint,
1049 1830 1085 1867 in
1116 1830 1246 1867 Indum
1278 1832 1323 1867 ab
1350 1832 1492 1868 oriente

826 1889 1054 1924 influentem.
1091 1887 1141 1924 At
1167 1887 1214 1924 de
1248 1887 1315 1924 hac
1339 1888 1492 1936 regione

826 1944 977 1994 cogitari
1011 1957 1086 1981 non
1115 1956 1246 1994 posse,
1286 1950 1383 1981 recte
1412 1956 1493 1980 mo-

825 2005 982 2039 nuerunt
992 2001 1107 2037 Santo
1117 2023 1134 2027 -
1146 2001 1297 2037 Crucius
1310 2001 1493 2047 (Examen

826 2058 941 2107 critiq.
967 2058 1002 2094 d.
1028 2057 1113 2094 hist.
1139 2057 1372 2095 d'Alexandr.
1404 2069 1490 2107 pag.

825 2116 906 2156 714
929 2114 1006 2151 coll.
1028 2116 1109 2155 829
1133 2112 1253 2164 seq),
1279 2114 1492 2151 Maltebrun

825 2170 1172 2217 (Nouvell.Annall.
1192 2171 1223 2207 11
1248 2184 1283 2220 p.
1305 2172 1423 2219 350),
1444 2170 1490 2206 A.

827 2229 874 2265 G.
898 2228 945 2265 de
965 2227 1134 2276 Schlegel
1150 2227 1230 2266 lnd.
1247 2227 1420 2264 Biblioth.
1441 2227 1488 2274 ΙΙ,

826 2287 853 2324 2
874 2298 910 2335 p.
932 2286 1008 2325 301
1035 2297 1135 2333 seq.‚
1167 2283 1238 2321 alii.
1295 2284 1393 2321 Hinc
1410 2283 1490 2334 pia-

826 2343 952 2379 nitiem
981 2342 1026 2378 ab
1056 2342 1196 2378 oriente
1223 2342 1349 2391 Caspii
1380 2341 1490 2378 maris

828 2400 935 2436 sitam
959 2397 1143 2448 longeque
1177 2398 1222 2434 ab
1250 2397 1342 2434 lndo
1369 2411 1489 2435 remo-

827 2461 921 2502 tam,
961 2456 1185 2504 fluviumque
1207 2454 1325 2491 Oxum
1359 2454 1490 2492 intelli-

829 2525 916 2561 gere
947 2511 1067 2561 piacet
1087 2512 1232 2548 Gatter.
1261 2512 1392 2562 (apud
1414 2510 1491 2548 Bii-

828 2568 986 2607 lerbeck.
1018 2567 1041 2605 l.
1071 2568 1094 2605 l.
1125 2580 1210 2619 pag.
1238 2569 1303 2617 17)
1327 2570 1490 2617 itemque

828 2626 1014 2663 Heerenio
1036 2625 1149 2663 ldeen
1179 2625 1206 2670 1,
1229 2627 1255 2664 2
1278 2638 1314 2674 p.
1337 2626 1429 2666 289.
1458 2624 1488 2668 1,

832 2686 847 2723 1
878 2696 914 2733 p-
942 2684 1034 2722 191·
1052 2682 1147 2722 482.
1195 2682 1255 2719 De
1276 2681 1356 2717 Oxo
1374 2682 1489 2717 multa

825 2738 1054 2790 Kephalides
1090 2738 1185 2775 Hist.
1222 2738 1331 2775 maris
1364 2735 1487 2785 Caspii

828 2809 914 2846 pag.
943 2797 1024 2836 291
1048 2807 1174 2844 seqq.,
1215 2794 1276 2843 qui
1299 2795 1377 2843 ipse
1402 2804 1489 2841 pag.

828 2854 912 2894 332
929 2864 1010 2901 sqq.
1038 2864 1102 2898 ea,
1132 2863 1227 2900 quae
1247 2850 1294 2886 de
1316 2853 1390 2885 Ace
1412 2848 1491 2884 He·

1230 2906 1278 2941 ad
1313 2903 1490 2952 Alai-gum

1184 2959 1268 3002 14*

825 2910 978 2946 rodotus
1025 2912 1171 2954 narrat,
