1863 3256
428 173 513 212 268

819 172 1295 212 HERODOTI

429 279 475 323 δὲ
503 277 590 323 α’πό
621 284 710 323 τῶν
739 279 921 337 πύργων
949 284 993 325 οἱ
1022 282 1130 326 κατα
1160 286 1291 326 τοῦτο
1322 281 1593 336 τεταγμένοι,
1625 299 1696 326 κα-

427 350 625 406 τέτρεχον
665 353 802 394 κάτω·
846 354 918 396 καὶ
957 352 1105 407 ὀλίγον
1151 370 1192 395 τι
1229 354 1570 406 παρακλίναντες
1615 352 1750 407 τήνῖὸ

426 421 577 478 ἑτέρην
620 421 783 478 πύλην,
828 422 1030 478 εἰρώτεον
1069 425 1131 474 τίς
1167 441 1211 468 τε
1253 427 1337 480 εἴη,
1369 425 1441 466 καὶ
1473 422 1573 465 ὅτευ
1604 422 1695 466 δεό-

397 500 419 533 2
430 510 560 549 μενος
589 491 700 548 ἥκοι.

760 491 784 535 ὁ
825 493 870 536 δέ
902 506 981 549 σφι
1016 492 1224 551 ἠγόρευε,
1265 494 1324 546 ὠς
1361 497 1423 550 εἴη
1461 509 1505 536 τε
1536 493 1695 536 Ζώπυ-

427 581 529 618 ρος,
572 563 644 606 καὶ
675 561 935 618 αὐτομολέοι
968 564 1009 615 ἐς
1049 565 1252 617 ἐκείνους.
1309 562 1419 623 ἦγον
1463 563 1516 620 δή
1546 581 1622 620 μιν
1652 566 1696 608 οἱ

425 635 663 689 πυλουροὶ,
703 638 841 677 ταῦτα
882 634 942 686 ὥς
978 635 1200 691 ἤκουσαν,
1241 638 1311 681 ἐπὶ
1344 636 1397 680 τοὶ
1439 636 1568 680 κοινὰ
1607 639 1696 678 τῶν

395 706 741 762 ΒΒαβυλωνίων.
781 706 997 757 καταστάς
1027 708 1072 750 ὁὲ
1103 707 1173 751 ἐπ’
1215 708 1347 760 αὐτὰ,
1385 709 1688 760 κατοικτίζετο,
1707 713 1752 746 80

425 776 514 832 φας
562 774 649 818 ὑπό
691 778 888 830 Δαρείου
928 780 1196 822 πεπονθέναι
1236 778 1288 822 τοὶ
1331 777 1563 822 ἐπεπόνθεε
1610 777 1691 822 ὑπ’

424 847 616 891 ἑωυτοῦ·
657 847 838 890 παθέειν
876 848 922 890 δὲ
961 853 1099 892 ταῦτα
1137 848 1248 893 διότι
1285 849 1610 905 συμβουλεύσαι
1651 851 1696 892 οῖ

425 916 716 962 ἀπανιστάναι
761 917 839 974 τὴν
883 918 1112 975 στρατιὴν,
1152 919 1244 963 ἐπεί
1285 936 1328 963 τε
1377 920 1520 971 οὐδεὶς
1556 920 1694 974 πόρος

394 994 418 1030 4
429 991 630 1045 ἐφαίνετο
663 993 738 1046 τῆς
769 989 971 1041 ἁλώσιος.

366 1110 432 1147 lice
451 1122 599 1158 quoque
619 1108 783 1146 reddidit
802 1107 1030 1146 Larcherus:

365 1187 422 1193 —-
441 1165 647 1213 „ils’ensuit
664 1177 745 1202 vers
766 1164 816 1202 Ies
839 1172 961 1216 portes
982 1166 1030 1202 de

365 1222 400 1259 Ia
420 1222 502 1260 ville
529 1235 569 1259 se
596 1226 813 1260 retournant
837 1223 883 1260 de
908 1226 1028 1271 temps

365 1292 413 1316 en
441 1284 582 1329 temps„
618 1291 758 1315 comme
793 1278 848 1315 s'iI
881 1281 943 1316 erit
969 1278 1029 1315 e'te

364 1348 415 1372 un
436 1334 612 1373 veritabIe
638 1335 870 1383 transfuge.“
927 1334 1028 1371 Con-

364 1393 487 1429 ferunt
518 1392 667 1429 Homer.
694 1392 829 1439 Hymn.
858 1393 895 1429 in
929 1390 1029 1428 Mer-

364 1461 439 1485 cur.
465 1451 568 1489 210:
599 1444 901 1498 ἐπιστροφάδην
929 1444 973 1486 δ’
995 1446 1029 1486 ε’-

364 1501 540 1556 βάδιζεν,
559 1505 659 1553 quod
680 1504 816 1540 Matth.
837 1504 1027 1555 explicuit:

364 1565 398 1598 et
419 1561 487 1598 huc
509 1562 596 1598 illuc
614 1564 651 1598 in
668 1560 865 1609 gradiendo
883 1563 1028 1597 circum-

355 1617 496 1668 ferebat
521 1618 646 1665 oculos,
667 1630 883 1666 comparans
902 1618 943 1654 ΙΙ.
963 1617 1027 1663 lV,

364 1674 458 1715 497.
491 1675 541 1711 At
558 1674 618 1711 Fr.
630 1673 778 1710 Franke
790 1674 836 1710 ob
854 1687 946 1711 vers.
958 1674 1024 1714 75.

363 1733 417 1770 76
442 1731 586 1768 reddit:
619 1731 713 1778 „leuc
738 1730 827 1766 illuc
851 1753 907 1758 —
931 1730 1026 1766 ultro

364 1789 516 1836 citroque
546 1788 646 1834 ibat,
681 1788 897 1835 vagabatur.
909 1789 934 1807 “

363 1844 579 1882 Particulam
618 1839 669 1894 δή
709 1849 837 1881 notare
879 1844 1025 1889 scilicet,

362 1905 461 1938 recte
489 1901 629 1938 monuit
654 1901 780 1937 Valck.
808 1913 1025 1951 comparans

362 1956 537 2007 Polyaen.
566 1957 656 2003 VII,
692 1959 755 1996 12.
813 1957 894 1994 Alia
923 1957 1026 1994 dabit

361 2013 494 2051 Matth.
516 2014 582 2051 Gr.
605 2014 669 2050 Gr.
688 2027 724 2064 p.
745 2016 851 2054 1210
874 2026 993 2064 supra.

420 2065 554 2121 ὀλίγον
567 2085 601 2108 τι
614 2069 942 2121 παρακλίναντες]
956 2071 977 2107 i.
990 2083 1021 2107 e.

363 2126 495 2164 Portae
534 2127 720 2163 valvarum
762 2127 913 2164 alteram
952 2128 1023 2163 ali-

363 2187 533 2233 quantum
553 2186 756 2234 aperientes,
779 2188 818 2221 ut
828 2185 876 2221 ait
889 2184 1023 2230 Wess.‚

361 2252 576 2288 comparans
605 2240 788 2291 Aristoph.
818 2241 902 2277 Pac.
929 2242 1021 2281 981.

360 2315 418 2323 --
438 2296 592 2333 Verbum
618 2292 846 2335 ἆνακλίνειν
869 2298 905 2334 in
927 2296 1022 2346 fori-

362 2352 423 2388 bus
456 2352 719 2401 patefiwiemlz's
750 2354 876 2390 itidem
908 2355 1022 2390 usita-

361 2412 437 2445 tum
468 2409 619 2445 Homer.
650 2410 688 2446 ΙΙ.
712 2410 757 2455 V,
781 2410 863 2451 752
891 2414 929 2446 et
958 2422 1022 2446 au·-

360 2465 450 2502 ctori
472 2465 542 2503 vit.
565 2465 675 2503 Hom.
696 2467 762 2506 33.
787 2489 835 2494 —
862 2465 919 2502 Ad
943 2479 1023 2503 ver-

360 2521 408 2557 ba
447 2517 629 2572 εἰρώτευν
666 2522 742 2567 τίς
779 2535 819 2559 τε
855 2521 915 2570 εἴη
953 2519 1019 2559 καὶ

361 2572 482 2615 ὅτευ
512 2573 701 2627 δεόμενος
729 2573 842 2627 ἥκοι,
873 2578 967 2615 conf.
992 2578 1019 2624 I,

360 2633 413 2673 35
436 2634 522 2682 ibiq.
537 2639 630 2670 nott.
660 2634 748 2670 Mox
758 2648 837 2671 cum
850 2634 1019 2682 Schwgh.

360 2694 399 2727 et
429 2690 546 2727 Gaisf.
576 2691 702 2741 scripsi
729 2689 922 2740 πυλουροὶ
953 2703 1019 2739 pro

359 2746 456 2794 vulg.
495 2747 698 2797 πυλωροὶ,
738 2747 837 2796 quod
873 2747 1022 2783 retinuit

359 2801 492 2841 Matth.
527 2803 636 2841 Cous.
654 2803 717 2851 III,
736 2807 803 2844 77.
826 2806 917 2845 118-

1029 993 1163 1042 ,,Νῦν
1202 1007 1266 1044 τε,
1297 991 1380 1046 ἔφη
1417 991 1579 1046 λέγων,
1609 989 1692 1046 ἐγώ

1143 1106 1338 1155 καταστὰς
1350 1106 1392 1148 δὲ
1404 1107 1452 1148 ἕπ
1463 1103 1473 1120 ’
1491 1103 1608 1159 αὕτα]
1622 1107 1747 1145 Valck.

1086 1166 1194 1203 scribi
1229 1166 1353 1203 maluit
1389 1161 1582 1212 καταστάς
1618 1162 1671 1203 δὲ
1701 1163 1750 1210 ἐς

1086 1218 1240 1269 αὐτοὶ,
1280 1223 1303 1259 i.
1331 1236 1362 1259 e.
1388 1221 1427 1269 ἐς
1455 1220 1574 1272 μέσον
1602 1216 1749 1268 αὐτῶν,

1084 1283 1186 1315 stans
1206 1282 1244 1316 in
1264 1280 1408 1316 concilio
1427 1279 1482 1317 vel
1502 1281 1601 1315 curia
1622 1277 1748 1327 Baby-

1085 1336 1276 1382 loniorum,
1307 1340 1346 1372 ut
1375 1336 1435 1385 qui
1467 1336 1660 1372 deduxisse
1691 1335 1748 1371 di-

1084 1397 1211 1430 cantur
1229 1392 1417 1443 Zopyrum
1443 1390 1507 1430 ε’ττὶ
1526 1389 1571 1429 τὰ
1596 1387 1744 1430 κοινοί

1083 1450 1162 1487 τῶν
1199 1451 1269 1496 Β.,·
1307 1449 1406 1498 quod
1450 1450 1568 1497 ipsum
1611 1448 1747 1484 indicat

1085 1518 1271 1550 commune,
1283 1518 1311 1541 s.
1332 1505 1515 1541 concilium
1530 1504 1663 1554 Babyl.
1685 1503 1748 1540 'l'u

1085 1563 1180 1599 conf.
1202 1567 1296 1598 nott.
1326 1562 1373 1598 ad
1403 1561 1495 1598 Plut.
1521 1560 1745 1611 Philopoem.

1083 1631 1120 1668 p-
1149 1620 1214 1658 32.
1243 1619 1307 1658 59.
1375 1617 1509 1666 Neque
1539 1630 1626 1654 vero
1653 1629 1746 1667 opus

1083 1687 1164 1712 csse
1181 1675 1247 1711 hac
1266 1675 1537 1721 emendatione,
1567 1678 1746 1710 monstrat

1083 1730 1174 1768 alter
1201 1731 1300 1767 Iocus
1326 1731 1424 1777 VIII,
1452 1732 1524 1770 79:
1556 1727 1649 1776 στας
1679 1728 1746 1768 ἐπὶ

1081 1783 1124 1826 τὸ
1145 1785 1367 1838 συνέδριον,
1398 1787 1456 1823 ubi
1482 1792 1582 1825 recte
1604 1787 1746 1823 monuit

1086 1843 1287 1893 Schweigh.
1315 1844 1544 1894 participium
1578 1840 1682 1889 στας,
1713 1855 1743 1879 s.

1080 1898 1299 1946 καταστὰς,
1338 1901 1457 1938 valere
1510 1902 1743 1948 constitutus,

1078 1957 1287 2007 productus.
1322 1956 1441 2006 Atque
1461 1969 1566 2007 supra
1584 1957 1645 2002 ΙΙΙ,
1665 1957 1743 1996 46;

1082 2025 1344 2061 κατασταντες
1375 2012 1440 2052 ἐπὶ
1469 2028 1564 2058 τους
1579 2010 1744 2092 αᾶρχον-

1079 2085 1160 2117 τας,
1181 2069 1323 2120 §.Myon
1344 2091 1394 2097 —
1421 2066 1643 2108 ἐπεπόνθεε
1665 2069 1744 2120 ple-

1080 2128 1184 2176 rique
1216 2127 1307 2164 libri.
1390 2126 1489 2164 Olim
1524 2122 1742 2172 πεπόνθεε,

1079 2189 1276 2232 augmento
1304 2182 1485 2232 neglectO,
1513 2183 1560 2220 de
1589 2195 1662 2232 quo
1696 2183 1742 2219 cf.

1080 2239 1109 2286 l,
1144 2242 1233 2280 122.
1257 2241 1324 2287 84,
1352 2252 1399 2276 ne
1427 2239 1542 2289 plura.
1615 2239 1741 2282 Quare

1078 2295 1168 2333 haec
1196 2296 1305 2334 lectio
1333 2308 1407 2333 nun
1433 2301 1505 2332 tam
1533 2294 1740 2345 spernenda

1079 2353 1225 2389 videtur
1258 2353 1423 2390 Wersero
1453 2353 1489 2388 in
1520 2352 1615 2388 Actt.
1639 2350 1739 2401 philI.

1078 2408 1244 2445 Monacc.
1270 2410 1297 2455 1,
1317 2411 1342 2448 2
1369 2421 1403 2456 p.
1424 2407 1517 2449 240.

1136 2463 1222 2503 ἐπεί
1252 2479 1292 2502 τε
1325 2460 1479 2514 ου’δείς]
1524 2462 1739 2500 I'articulam

1080 2518 1123 2559 δέ
1153 2526 1237 2570 post
1267 2535 1306 2558 τε
1336 2522 1430 2558 male
1455 2521 1629 2557 intrusam
1658 2532 1739 2557 cum

1077 2582 1229 2614 recentt.
1260 2578 1344 2614 edd.
1378 2577 1507 2614 abieci.
1550 2575 1740 2625 Schweig-

1076 2633 1253 2670 haeusero
1274 2633 1395 2683 placet
1421 2629 1471 2683 δή
1499 2646 1564 2683 pro
1589 2631 1642 2670 δέ.

1135 2689 1212 2739 ἔφη
1244 2688 1391 2740 λέγων]
1424 2690 1482 2727 Cf.
1513 2689 1642 2726 Matth.
1672 2689 1739 2729 Gr.

1079 2747 1144 2783 Gr.
1171 2744 1208 2795 ξ.
1236 2748 1316 2786 636
1344 2747 1393 2782 in.
1435 2746 1491 2783 Ad
1519 2759 1623 2795 seqq.
1652 2741 1738 2795 ἥκω

1078 2802 1259 2855 μέγιστον
1283 2798 1437 2854 ἀγαθὸν
1467 2804 1512 2841 cs.
1540 2803 1676 2840 ibidem
1699 2816 1737 2854 p.
