1863 3256
582 143 927 185 THALIA.

986 145 1049 181 111.
1369 153 1450 192 261

290 252 386 299 Ἐπὶ
417 255 463 298 δὲ
493 253 649 308 Σάμον
679 252 1003 309 στρατεύματος
1037 258 1252 297 ναυτικοῦ
1282 257 1449 311 οἰχομέ-

175 343 284 378 νου,
316 325 591 381 Βαβυλώνιοι
623 321 894 380 ἀπέστησαν,
924 323 1064 378 κάρτα
1105 319 1154 367 εὖ
1183 339 1448 379 παρεσκευα-

145 398 341 452 Ξσμὲνοι.

407 395 455 438 ἐν
497 394 588 453 ὅσῳ
637 395 720 450 γὰρ
766 394 791 438 ὅ
830 412 874 438 τε
914 395 1072 451 Μάγος
1111 390 1237 451 ἦρχε,
1280 399 1352 439 καὶ
1405 401 1448 442 οἱ

175 468 280 512 ἑπτα
322 466 638 521 ἐπανέστησαν,
680 466 726 508 ἐν
763 465 906 524 τούτῳ
944 469 1074 510 παντὶ
1105 472 1165 525 τῷ
1196 467 1338 526 χρόνῳ
1371 471 1447 512 καὶ

172 543 224 596 τῇ
253 541 419 593 ταραχῇ
458 537 499 588 ἐς
537 536 617 593 τὴν
658 539 917 594 πολιορκίην
957 539 1335 593 παρεσκευάδατο·
1375 543 1449 584 καί

112 688 295 734 τοικίζειν
321 689 364 725 cf.
388 688 415 734 1,
431 686 509 729 154
540 686 777 734 κατοικίζειν

110 745 226 794 (sedes
248 744 468 793 assignare.)

333 803 444 852 Cap.
479 799 556 837 CL.

164 854 672 911 Βαβυλώνιοιαπέστησαν]
694 855 777 893 Me-

111 917 214 954 minit
235 917 339 953 huius
361 915 577 953 desectionis
607 920 643 950 et
670 914 776 950 lusti-

109 986 179 1011 nus
205 973 232 1020 l,
256 976 307 1014 10
331 977 368 1010 et
394 972 486 1008 Plut.
509 971 540 1007 ΙΙ
572 983 606 1020 p.
631 970 708 1010 175
731 971 774 1006 A.

108 1043 146 1080 P·
159 1032 239 1071 687
254 1030 469 1078 wyttenb.;
499 1026 578 1065 coll.
592 1026 773 1075 Polyaen.

109 1086 190 1133 Vll,
226 1089 296 1133 123
327 1085 491 1123 meminit
514 1084 602 1120 item
630 1083 774 1120 Ctesias

107 1142 264 1180 Persice.
296 1142 384 1179 Exc.
419 1140 455 1192 ἓ.
477 1143 529 1180 22
557 1141 593 1176 in
623 1152 667 1176 eo
698 1140 774 1175 dis-

109 1199 268 1236 sentiens
290 1199 337 1236 ab
359 1198 568 1244 Herodoto,
600 1196 699 1245 quod
723 1197 772 1233 ad

107 1256 237 1292 Xerxis
280 1268 433 1304 regnum
478 1254 571 1291 hanc
619 1254 773 1289 seditio-

104 1325 188 1350 nem
216 1313 347 1359 refert,
374 1312 412 1348 in
441 1324 514 1360 quo
543 1311 676 1347 eodem
706 1323 770 1347 se—

104 1381 259 1418 quacem
302 1369 431 1406 habuit
470 1367 703 1404 Plutarchum
734 1367 767 1403 ΙΙ

103 1439 189 1476 pag.
225 1427 304 1466 173
329 1426 370 1462 C.
399 1439 436 1476 p.
460 1427 541 1465 688
573 1423 766 1472 Wyttenb.

101 1482 226 1519 Minus
250 1487 363 1528 recte,
380 1488 419 1519 ut
441 1481 525 1518 mihi
544 1481 694 1530 quidem
713 1481 767 1517 vi-

102 1538 232 1586 detur,
264 1552 344 1576 cum
366 1540 402 1576 in
427 1543 632 1588 temporum
652 1538 766 1574 ratio-

101 1595 207 1632 nibus
236 1596 500 1633 constituendis
530 1608 636 1632 nemo
667 1600 766 1633 certe

101 1653 294 1701 quisquam
307 1653 454 1689 Ctesiae
470 1652 640 1688 maiorem
655 1665 766 1700 quam

100 1708 294 1746 Herodoto
314 1709 422 1746 fidem
441 1709 668 1745 tribuendam
684 1721 767 1745 esse

99 1770 260 1810 censeat,
290 1779 357 1803 nec
377 1766 485 1802 ullum
506 1765 616 1812 aliud,
649 1778 765 1813 quan-

98 1826 175 1858 tum
210 1823 305 1871 seio,
336 1822 583 1859 testimonium
614 1823 660 1859 de
689 1822 765 1858 Ba-

98 1877 329 1928 bylonimum
352 1880 571 1926 defectione,
591 1891 686 1928 quae
705 1892 764 1916 re-

98 1940 237 1984 gnante
248 1936 369 1974 Xerxe
391 1936 572 1982 acciderit,
593 1936 762 1986 supersit.

96 1991 177 2029 Nec
207 1993 323 2042 magis
355 1994 494 2043 probo,
535 1993 636 2041 quod
669 1993 760 2029 duas

95 2048 344 2096 defectiones,
373 2049 525 2087 alteram
552 2050 664 2086 Dario
701 2062 760 2086 re-

94 2111 255 2154 gnante,
297 2106 450 2144 alteram
486 2107 607 2144 Xerxe
643 2107 759 2156 impe-

94 2168 200 2201 rante
225 2176 321 2212 quae
343 2163 512 2200 acciderit
529 2168 566 2201 et
586 2163 758 2200 {eremiae

94 2218 140 2265 4,
164 2222 216 2260 21
247 2221 434 2270 praedicta
464 2221 594 2265 fuerit,
627 2221 758 2257 sumsit

93 2274 281 2322 Venema,
336 2278 512 2314 Ieremiae
560 2278 756 2326 iuterpreS‚

90 2332 283 2382 probante,
307 2338 346 2370 ut
375 2333 529 2378 videtur,
547 2333 758 2371 Valckena-

93 2388 158 2425 rio.
188 2390 294 2434 Quae
313 2392 499 2440 quomodo
512 2391 658 2440 probari
671 2404 758 2439 pos-

93 2445 186 2492 sint,
230 2447 399 2496 equidem
443 2447 541 2484 haud
578 2447 755 2496 intelligo.

92 2501 285 2541 Caeterum
302 2505 489 2554 pertinent
505 2504 589 2549 huc,
606 2517 700 2553 quae
720 2505 757 2541 in

92 2556 204 2594 Diod.
223 2566 393 2611 excerptt.
417 2559 453 2611 ᾗ
474 2560 527 2601 42
546 2562 581 2598 in
603 2561 644 2598 A.
663 2561 754 2598 Maii

92 2626 178 2651 nov.
197 2615 338 2664 scriptis
356 2617 436 2654 coll.
458 2618 487 2654 ll
504 2631 540 2668 p.
555 2616 608 2657 34
624 2617 755 2667 legun-

93 2675 162 2707 tur.
220 2672 320 2717 ,‚Pro
339 2673 451 2710 Dario
470 2675 606 2723 Cyrum
631 2675 666 2711 in
686 2675 754 2711 hac

93 2726 243 2764 historia
272 2727 361 2765 salso
391 2736 569 2768 memorat
597 2731 755 2779 Gregor.

92 2783 187 2821 Naz.
207 2784 241 2820 in
253 2784 369 2822 Stelit.
383 2790 418 2823 et
425 2786 582 2824 Basilius
598 2788 635 2826 in
646 2788 753 2825 scho-

835 685 890 723 liis
913 687 948 724 in
973 701 1067 725 eum.
1107 689 1190 726 Vid.
1216 689 1447 727 Bois-sonaim
1466 691 1503 728 in

836 744 987 781 Notices
1030 750 1068 782 et
1103 746 1273 784 Extraits.
1312 747 1420 785 Tom.
1450 747 1501 785 x!

834 814 919 850 pag.
944 804 1062 841 107.“
1085 802 1149 839 Cr.
1209 803 1375 854 Tempus
1398 805 1502 842 ‹lese-

834 858 978 903 ctionis,
993 860 1021 894 si
1044 860 1201 908 quaeris,
1223 861 1500 898 discernendum

834 914 915 961 erit,
946 921 1093 952 auctore
1116 917 1195 966 ipso
1218 916 1412 954 Herodoto
1444 919 1501 954 in-

832 975 889 1008 ter
918 972 956 1007 id
977 977 1132 1021 tempus,
1163 986 1236 1021 quo
1265 974 1373 1011 tacite
1395 975 1500 1012 ‹lese-

831 1028 986 1064 ctionem
1004 1030 1124 1064 animo
1150 1031 1323 1078 agitarint
1347 1031 1498 1068 bellum·

831 1096 903 1132 que
943 1086 1219 1134 praepararint,
1262 1100 1329 1136 per
1360 1093 1495 1126 statum

829 1140 1100 1187 turbulentum,
1131 1155 1204 1191 quo
1227 1145 1397 1180 extremis
1427 1157 1494 1182 an-

829 1197 884 1232 nis
900 1198 1003 1246 regni
1033 1199 1241 1247 Cambysis,
1274 1201 1334 1249 qui
1356 1200 1433 1241 521
1459 1215 1494 1239 a.

830 1253 915 1289 Chr.
934 1255 1272 1304 probabiliterobiit
1291 1257 1383 1303 (vid.
1400 1262 1493 1295 nott.

827 1310 875 1346 ad
909 1310 971 1358 lli,
999 1309 1070 1362 66)
1110 1313 1226 1348 omnis
1255 1312 1341 1349 Asia
1373 1313 1492 1351 Persis

826 1366 973 1404 subdita
1003 1368 1231 1417 agitabatur,
1263 1375 1299 1416 et
1328 1371 1422 1407 inter
1450 1371 1495 1407 il-

824 1422 899 1470 lud,
920 1437 994 1473 quo
1013 1425 1121 1462 rebus
1141 1426 1229 1463 satis
1250 1428 1492 1477 praeparatis,

825 1479 947 1530 palam
978 1481 1199 1529 defecerint,
1227 1483 1247 1519 i.
1276 1497 1306 1521 e.
1339 1497 1383 1521 eo
1414 1485 1492 1523 fere

825 1541 1005 1588 tempore,
1029 1551 1101 1587 quo
1115 1539 1263 1576 Samum
1281 1553 1408 1577 versus
1429 1555 1491 1579 ve-

824 1593 859 1630 la
879 1594 982 1631 dedit
1002 1595 1123 1632 classis
1135 1596 1343 1645 Sylosontis
1358 1597 1392 1633 in
1405 1610 1492 1647 gra-

825 1651 927 1696 tiam,
958 1653 1017 1700 qui
1044 1665 1166 1701 regem
1192 1666 1317 1690 recens
1347 1654 1395 1690 ad
1422 1656 1490 1690 im-

822 1708 962 1757 perium
976 1715 1140 1745 evectum
1160 1708 1234 1757 (—
1253 1709 1392 1748 νεωστὶ
1413 1707 1489 1762 τήν

823 1759 952 1814 α’ρχήν
977 1763 1075 1815 ἔχων
1102 1766 1171 1812 ΙΙΙ,
1198 1766 1297 1815 140)
1324 1768 1487 1814 adierat3

822 1822 920 1858 unde
946 1834 1018 1858 non
1043 1822 1155 1859 multo
1185 1829 1268 1873 post
1290 1837 1372 1860 ann.
1401 1826 1480 1865 521

820 1890 848 1914 s.
884 1879 964 1918 520
999 1879 1223 1929 Babylonios
1262 1880 1382 1931 palam
1413 1882 1486 1919 de·-

820 1935 950 1972 secisse
974 1935 1014 1972 fit
1037 1936 1236 1986 probabile.

876 1989 943 2030 καὶ
972 1994 1022 2046 τῇ
1049 1992 1227 2047 ταραχῇ]
1276 1994 1383 2030 Conf.
1417 1994 1483 2041 ΙΙΙ,

821 2050 900 2089 126
926 2049 1050 2098 ibique
1073 2055 1165 2087 nott.
1214 2050 1302 2087 Mox
1321 2063 1399 2087 cum
1425 2064 1484 2088 re-

818 2110 927 2142 centt.
950 2106 1032 2143 edd.
1047 2120 1113 2157 pro
1133 2103 1483 2157 παρεσκευάσαντο

816 2175 837 2200 e
867 2162 1029 2200 Floreat.
1058 2177 1204 2213 unoque
1235 2164 1345 2202 Paris.
1379 2164 1483 2201 exhi-

817 2220 877 2255 bui
916 2217 1262 2268 παρεσκευάδατο,
1300 2221 1482 2271 probante

815 2276 1021 2325 Scliweigh.
1049 2282 1085 2315 et
1107 2279 1319 2315 conserente
1345 2279 1392 2323 V,
1413 2277 1480 2318 34.

816 2332 913 2379 Vlll,
932 2336 1026 2375 218.
1059 2334 1119 2371 Tu
1139 2336 1234 2371 conf.
1256 2334 1391 2371 Matth.
1412 2335 1479 2371 Gr.

814 2390 880 2426 Gr·
906 2404 941 2441 p.
964 2391 1061 2439 372,
1084 2404 1129 2428 ne
1159 2390 1275 2442 plura.
1344 2390 1402 2427 Ad
1428 2391 1482 2427 lo-

812 2447 1018 2485 cutionem:
1068 2447 1111 2487 ἒκ
1153 2450 1225 2487 τοῦ
1276 2443 1480 2499 ἒμφανεος

812 2503 973 2553 (palam)
1002 2506 1099 2542 conf.
1130 2504 1264 2542 Matth.
1295 2505 1314 2542 l.
1341 2504 1361 2541 l.
1390 2518 1475 2555 pag.

815 2561 922 2602 1134
934 2566 970 2599 et
982 2562 1197 2599 Pausaniam
1217 2562 1286 2599 hoc
1305 2561 1479 2610 loquendi

811 2631 926 2667 genus
946 2619 1148 2656 imitantem
1168 2619 1233 2665 IX,
1255 2621 1270 2659 1
1300 2617 1334 2669 ἓ.
1355 2620 1393 2663 3,
1414 2618 1474 2654 ubi

811 2675 884 2711 vid.
904 2675 1072 2713 Siebelis.
1125 2677 1245 2724 Atque
1267 2675 1352 2711 inde
1365 2675 1474 2711 etiam

810 2731 992 2782 Procopio
1012 2732 1106 2769 hanc
1123 2731 1337 2768 locutionem
1366 2730 1474 2766 valde

810 2788 989 2839 placuisse
1012 2788 1064 2836 (ν.
1079 2801 1122 2825 4(ι.
1146 2788 1190 2825 Β.
1216 2787 1328 2826 Goth.
1347 2785 1384 2833 l,
1409 2787 1472 2825 11.

1510 256 1668 292 Babylonii
1695 267 1784 288 tenu-1

1530 293 1565 317 nd
1584 294 1767 321 olmidioucm

1507 326 1692 363 tolerandum

1507 362 1580 383 rati-

1541 400 1566 416 ΙΙΙ

1587 359 1676 397 'da-tiri

1586 401 1590 416 ι
1607 402 1648 419 τυ

1733 337 1784 362 pa-

1683 367 1743 393 uut,
1754 368 1784 390 et

1654 400 1751 421 ntr

1504 399 1569 451 hiim
1579 402 1782 462 ei'raukuliiui.
