1863 3256
433 68 1108 109 MELPOMENE.1V.

146 179 324 233 οἴκημα,
364 179 410 222 ἐκ
447 179 525 234 μὲν
559 182 647 221 τῶν
679 180 878 233 Θρηΐκων
906 174 1155 233 ἠφανίσθη·

1316 78 1398 117 459

1207 182 1396 234 καταβὰς

145 248 190 291 δὲ
220 247 336 292 κάτω
365 249 407 300 ἐς
435 250 484 292 τὸ
511 248 749 304 κατάγαιον
769 251 948 305 οἴκημα,
979 249 1171 291 διαιτᾶτο
1201 246 1270 290 ἐπ’
1303 248 1396 293 ἔτεα

26 389 27 392 ¹
86 398 228 447 aliquot
247 399 422 448 laudabo,
445 403 504 450 qui
526 404 742 452 septentrio-

85 455 217 492 nalium
246 458 461 505 populorum
491 464 527 494 et
547 459 740 495 Germani-

11 502 25 538 Ὗ
84 524 204 547 corum
234 524 334 548 sacra
360 513 536 558 attineut;
575 515 739 550 nimirum

23 591 24 605 2
84 567 146 612 iis,
176 579 266 615 quos
287 568 452 604 Sturzius
479 566 542 618 (ad
561 569 739 606 Hellanic.

83 635 120 671 p.
148 623 209 661 13.
231 624 311 671 64)
343 625 532 671 excitavit,
571 625 666 663 adde
686 625 738 661 Ir-

12 688 21 712 ,ὲ
82 678 226 714 hovium
246 679 292 716 de
303 678 557 729 palingenesia
574 686 736 719 veterum

17 780 21 794 Ι
82 733 162 771 Lib.
189 734 222 771 11
257 748 335 786 cap.
358 739 383 777 7
413 749 498 786 pag.
518 738 600 778 317
619 750 737 787 seqq.,

83 791 145 839 qui
174 791 220 828 ‹le
248 791 547 830 Germanicorum
582 794 737 844 populo-

10 852 20 876 Ἃ
80 859 158 884 rum
179 859 287 898 super
306 849 504 886 animorum
523 851 736 887 immortali-

15 945 18 958 ἱ
81 906 158 940 tate
184 904 337 941 decretis
366 906 464 943 haud
492 920 608 956 pauca
648 920 735 944 con-

80 960 205 1008 gessit.
240 960 282 996 Ei
302 962 412 1010 iunge
434 962 458 999 l.
476 963 503 998 Ι.
526 963 733 1000 Moeserum

80 1015 201 1053 Verm.
226 1017 371 1054 Schrift.
401 1019 489 1068 llp.
515 1021 594 1059 215
616 1032 732 1068 seqq,

13 1098 16 1124 1
79 1073 141 1120 qui
159 1075 286 1121 p.277
305 1078 401 1111 recte
422 1079 558 1122 monet,
578 1080 730 1112 metem-

13 1127 16 1144 ι
78 1129 284 1177 psychosin,
303 1142 396 1178 quae
419 1131 558 1176 dicitur,
581 1144 655 1167 non
674 1144 729 1169 re-

12 1203 14 1206 ·
77 1197 254 1234 pugnare,
270 1198 343 1234 quo
357 1186 474 1223 minus
485 1199 573 1223 sana
586 1187 632 1224 de
650 1188 727 1223 ani-

77 1253 136 1277 mo
147 1240 337 1278 immortali
349 1243 514 1280 doctrina
522 1242 729 1289 invalescat,

10 1312 13 1328 ·
76 1300 187 1345 atque
209 1301 398 1347 utramque
416 1299 640 1350 saepiuscule
663 1300 729 1337 ob·

76 1353 226 1391 tinuisse
246 1355 343 1404 apud
369 1368 479 1391 unum
499 1356 728 1405 eundemque

74 1409 259 1460 populum.
295 1410 394 1447 Idem
415 1424 481 1448 nos
503 1412 661 1449 advertit
682 1413 729 1449 ad

75 1470 180 1502 antra
197 1478 239 1502 ac
258 1466 405 1516 spelaea
425 1481 491 1517 per
510 1468 729 1506 Germaniae

74 1534 157 1558 oras
176 1522 295 1569 obvia,
324 1523 360 1559 in
379 1524 509 1572 quibus
527 1525 628 1561 initia
646 1538 729 1574 per-

8 1612 9 1622 ,
74 1582 156 1615 acta
177 1579 289 1616 fuisse
309 1579 480 1617 credibile
499 1581 555 1617 sit.
597 1581 728 1618 Cuius-

5 1650 8 1678 J
74 1635 174 1670 modi
200 1634 346 1685 spelaea
373 1636 573 1686 similiaque
601 1650 727 1674 monu-

73 1694 196 1728 menta
213 1692 545 1741 septentrionalium
567 1695 726 1742 gentium

4 1763 7 1767 ·
74 1759 176 1784 sacra
221 1747 329 1785 docte
381 1761 497 1798 nuper
540 1749 728 1787 illustravit

74 1798 532 1855 Thorlacius(Vermischte
541 1805 727 1854 Aufsiitze,

74 1860 140 1896 das
171 1859 337 1906 Griech.‚
376 1861 482 1898 R'om.
509 1863 585 1898 und
609 1862 726 1900 Nord.

2 1949 5 1970 Ξ
71 1913 226 1952 Alterth.
265 1916 471 1954 betreffend
517 1930 603 1968 pag.
644 1921 726 1961 250

2 1975 5 1999 ἔ
74 1973 209 2021 seqq.).
256 1970 378 2021 Atque
411 1977 453 2010 ut
485 1975 634 2012 redeam
668 1989 725 2020 eo,

2 2050 3 2059 η
73 2028 170 2065 unde
197 2041 276 2065 sum
302 2029 509 2077 digressus,
546 2031 634 2081 ipsis
652 2030 726 2069 Ae-

72 2084 250 2134 gyptiacis
279 2084 347 2122 illis
381 2089 454 2123 tam
485 2099 638 2138 operose
674 2089 726 2124 sa-

73 2141 140 2177 ctis
171 2141 342 2190 sepulcris
372 2143 548 2191 originem
581 2144 725 2181 dedisse

73 2201 177 2234 antra
192 2198 325 2244 nativa,
355 2198 391 2235 in
410 2200 539 2248 quibus
558 2200 603 2236 ab
621 2200 725 2236 initio

73 2253 249 2291 cadavera
281 2257 509 2304 reposuerint
547 2255 723 2304 homines,

74 2309 275 2359 suspicatur
300 2311 429 2360 Zoega
465 2312 523 2349 De
559 2311 723 2350 obeliscc.

73 2377 159 2414 pag·
186 2368 265 2406 279
293 2380 369 2416 seq.
382 2369 407 2388 “
436 2390 491 2396 —-
536 2368 724 2415 „Classici

74 2421 122 2456 de
142 2420 304 2458 Zamolxi
335 2423 454 2473 deque
480 2424 630 2462 Druidis
657 2425 725 2463 loci

75 2479 158 2512 sunt
179 2477 216 2513 in
238 2478 407 2527 Origenis
428 2480 724 2531 Philosophume-

74 2533 130 2569 nis
151 2545 228 2582 cap.
253 2535 279 2572 2
298 2547 382 2584 pag.
403 2538 485 2578 882
512 2541 549 2575 et
570 2549 648 2588 cap.
669 2537 721 2580 25

72 2601 159 2639 pag.
187 2590 268 2629 906
296 2590 353 2627 ed.
379 2591 437 2629 De
465 2593 500 2630 la
532 2593 635 2640 Rue,
676 2595 724 2631 ad

75 2657 165 2693 quos
221 2645 319 2682 haud
375 2659 491 2697 pauca
543 2651 725 2700 congessit

74 2700 208 2738 Christ.
238 2700 363 2739 Wolfii
393 2703 590 2752 industria,
631 2719 726 2756 quae

799 407 918 440 tamen
952 414 1047 438 nunc
1083 413 1155 437 non
1192 400 1307 449 magis
1345 406 1450 438 vacat

798 464 988 502 excutere,
1029 469 1136 505 quam
1164 469 1228 503 ea,
1268 469 1360 505 quae
1382 470 1449 493 nu-

796 527 862 563 per
874 514 1044 551 Chardon
1063 513 1108 549 de
1125 512 1159 549 la
1169 512 1349 550 Rochette
1368 525 1448 550 eain

795 570 832 606 in
856 582 930 606 rem
950 569 1147 618 disputavit
1166 570 1201 605 in
1221 568 1380 618 Melang.
1400 570 1447 607 de

796 626 960 674 Critique
983 630 1019 662 et
1039 625 1085 662 de
1104 625 1281 673 l’hilolog.
1301 625 1347 662 T.
1370 625 1385 662 l
1408 639 1445 675 p.

795 682 848 722 58
886 682 1025 731 seqq.“
1087 680 1295 718 Creuzer.
1335 682 1447 719 Com-

793 742 920 775 mentt.
943 738 1108 774 Herodd.
1137 751 1173 787 p.
1207 740 1280 778 171
1297 760 1351 764 —-
1367 741 1444 779 173

794 799 870 831 not.
914 793 1010 831 Add.
1038 793 1227 831 Mithriaca
1254 807 1378 840 sacra,
1409 795 1445 831 in

794 851 945 901 spelaeis
967 854 1003 887 et
1022 851 1101 900 ipsa
1131 850 1303 887 celebrari
1327 851 1445 898 solita,

791 908 838 944 de
883 907 1014 956 quibus
1066 906 1160 942 idem
1197 907 1367 944 Creuzer.
1408 909 1444 944 in

790 963 951 1012 Symbol.
978 963 991 999 l
1022 975 1106 1012 pag.
1128 961 1210 1002 747
1238 976 1341 1011 seqq.
1365 963 1444 1000 coll.

788 1018 833 1066 ll,
852 1021 933 1060 300
954 1031 1030 1066 seq.
1071 1017 1242 1066 Namque
1262 1019 1444 1056 Zalmoxis

786 1079 909 1121 vates,
949 1074 1043 1124 pelle
1069 1071 1190 1110 ur'sina
1221 1075 1369 1111 indutus
1395 1077 1443 1112 ad

786 1134 931 1179 gentem
966 1129 1148 1167 borealem
1187 1131 1248 1179 qui
1277 1133 1442 1180 pervenit

785 1185 1091 1223 immortalitatem
1119 1186 1260 1223 animae
1280 1188 1444 1234 tradens,

785 1255 864 1279 cum
885 1241 1007 1279 Sileno
1027 1243 1304 1291 comparandus,
1324 1244 1385 1292 qui
1405 1248 1444 1281 et

785 1299 865 1349 ipse
890 1303 991 1335 vates
1021 1310 1063 1334 ac
1088 1298 1345 1335 Bacchicorum
1384 1311 1443 1336 sa-

785 1367 925 1392 crorum
954 1355 1156 1404 interpres,
1193 1355 1443 1392 immortalita-

784 1412 904 1460 tisque
922 1415 1062 1456 auctor,
1083 1410 1230 1462 caprina
1250 1411 1346 1461 pelle
1364 1412 1439 1450 sive

784 1468 912 1516 lyncea
947 1467 1094 1504 indutus
1133 1472 1439 1518 repraesentatur.

786 1524 870 1568 Quo
894 1524 1003 1561 etiam
1032 1523 1101 1560 hoc
1122 1524 1300 1573 pertinet,
1338 1526 1438 1573 quod

784 1580 968 1617 Zalmoxis
1005 1580 1119 1616 tribus
1151 1581 1255 1617 annis
1291 1581 1438 1628 absens,

784 1641 913 1685 quarto
933 1636 1076 1673 demum
1094 1635 1296 1673 Thracibus
1317 1637 1438 1674 denuo

785 1692 1028 1743 comparuisse
1043 1692 1176 1739 fertur,
1214 1705 1309 1741 quae
1327 1706 1440 1743 spon-

783 1753 819 1786 te
838 1749 872 1785 in
886 1749 1094 1786 memoriam
1107 1753 1237 1786 vocant
1251 1749 1439 1800 τριετηρί-

785 1805 858 1853 δας
885 1818 952 1856 per
980 1805 1170 1842 Graeciam
1193 1806 1376 1842 institutas
1401 1810 1439 1843 et

784 1863 832 1898 ad
860 1861 1011 1899 eandem
1047 1862 1123 1899 fere
1155 1862 1357 1898 doctrinam
1392 1862 1439 1899 de

785 1918 904 1955 anima
960 1917 1151 1955 immortali
1216 1922 1437 1968 spectantes,

785 1974 905 2018 Quam
921 1974 1124 2011 doctrinam
1141 1974 1247 2011 Getis
1265 1975 1437 2011 traditam

782 2043 804 2068 a
821 2030 985 2067 Zalmoxi
1006 2031 1061 2067 his
1079 2031 1196 2067 verbis
1214 2030 1352 2068 Noster
1379 2044 1437 2069 re-

780 2088 871 2124 fert:
913 2084 965 2132 ώς
1000 2083 1091 2125 οὔτε
1122 2081 1238 2132 αὐτὸς
1274 2084 1363 2126 οὔτε
1399 2086 1442 2126 οἷ

784 2138 982 2192 συμπόται
1015 2138 1159 2190 αὐτοῦ,
1205 2140 1295 2182 οὔτε
1328 2143 1369 2182 οἱ
1393 2142 1436 2182 ἐκ

781 2195 935 2238 τούτων
956 2198 1034 2237 αἰεὶ
1056 2195 1258 2265 γινόμενοι
1278 2195 1434 2238 οἷποθα-

781 2255 960 2301 νέονται,
1010 2250 1098 2294 αλλ’
1123 2252 1267 2306 ἥξουσι
1295 2254 1334 2302 ἐς
1361 2271 1435 2306 χω-

782 2327 852 2363 ρον
873 2313 1035 2360 τοῦτον,
1074 2311 1141 2351 ἵνα
1164 2311 1242 2350 αἰεὶ
1262 2309 1435 2380 περιεόν-

781 2382 843 2415 τες
876 2367 1005 2416 ἕξουσι
1038 2383 1084 2407 τα
1118 2365 1248 2407 πάντα
1277 2364 1433 2422 ἀγαθοί,

781 2425 804 2462 i.
837 2438 867 2462 e.
905 2438 1013 2475 neque
1058 2437 1092 2462 se
1128 2438 1237 2475 neque
1273 2428 1435 2463 convivas

781 2494 860 2518 suos
882 2495 943 2518 nec
963 2483 1082 2519 horum
1104 2486 1258 2532 posteros
1289 2484 1433 2519 mortiu-

780 2551 836 2574 ros
843 2551 856 2582 ;
888 2538 948 2575 secl
963 2542 1124 2575 venturos
1142 2540 1179 2575 in
1198 2539 1306 2575 locum
1327 2551 1432 2587 quen-

782 2594 876 2642 dam,
895 2596 957 2631 ubi
969 2599 1137 2645 perpetuo
1153 2596 1303 2631 viventes
1321 2594 1432 2629 omni-

783 2652 846 2688 bus
881 2652 977 2688 bonis
1006 2653 1078 2688 sint
1100 2650 1270 2700 fruituri.
1337 2648 1430 2697 „Ita

784 2705 974 2755 (Creuzeri
1003 2710 1086 2745 sunt
1113 2707 1223 2745 verba
1256 2704 1278 2742 l.
1299 2704 1322 2742 l.
1344 2717 1431 2756 pag.
