1863 3256
530 270 878 316 THALIA.
936 271 1000 310 111.

130 398 299 431 πτουσα
330 387 374 431 δὲ
404 383 570 429 αὐτέων
600 382 757 440 ἑκάστη
789 379 923 438 φιάλῃ
943 380 985 431 ἐς
1013 383 1093 423 τοῦ
1122 385 1288 435 χρυσοῦ
1315 382 1396 438 τήν
1452 393 1533 434 264

1313 277 1397 317 237

129 458 293 516 θήκην,
350 453 554 509 ἐδωρέετο
593 452 855 511 Δημοκήδεα
892 449 1007 495 οὕτω
1051 450 1105 506 δή
1152 468 1193 495 τι
1231 454 1403 503 δαψιλέι·

129 531 287 584 δωρεῇ,
341 525 399 577 ὠς
437 524 544 576 τούς
589 523 913 575 ἀποπίπτοντας
953 520 1037 565 ἀπὸ
1076 526 1164 565 τῶν
1208 523 1401 577 φιαλέων

128 603 340 655 στατῆρας
369 596 581 653 ἑπόμενος
608 595 632 640 ὁ
665 596 855 654 οἰκέτης,
895 598 956 655 τῷ
996 593 1168 651 οὕνομα
1207 590 1262 651 ἦν
1291 596 1400 638 Σκί-

69 770 126 820 pti
157 772 192 806 et
215 768 314 805 editi.
373 766 455 806 Nos
483 767 734 805 Gaisfordium

71 825 185 863 secuti
205 837 327 862 sumus
351 832 387 862 et
409 824 566 872 Matth„
596 825 657 873 qui
676 829 733 861 ta-

70 894 152 919 men
166 881 354 918 articulum
374 878 444 920 τόν
463 886 548 918 ante
567 884 733 931 Δημοκ.,

72 951 179 987 quem
196 938 366 987 ignorant
377 938 467 986 libri,
479 938 622 976 retinet.
644 937 734 974 Vul-

72 1007 120 1043 go
136 994 285 1043 legitur:
316 997 390 1034 τοῦ
404 996 554 1047 χρυσοῦ
566 991 640 1033 σῦν
656 989 733 1045 θή-

71 1066 144 1104 κῃ,
186 1052 286 1100 quod
323 1052 509 1102 quomodo
544 1051 733 1102 explicem,

72 1108 242 1156 equidem
277 1121 353 1145 non
390 1108 520 1145 habeo.
598 1109 732 1145 Melius

72 1165 257 1201 Sancrofti
284 1164 375 1202 liber
395 1166 467 1203 τοῦ
487 1167 637 1214 χρυσοῦ
658 1161 732 1215 τήν

71 1217 230 1271 θήκην,
261 1221 316 1258 cui
347 1221 601 1268 Gaisfordius,
631 1233 733 1259 acce-

70 1278 182 1315 dente
201 1278 346 1322 Matth„
377 1278 590 1327 praeposuit
620 1276 659 1323 ἐς
689 1290 732 1315 ex

70 1334 278 1370 coniectura
313 1333 449 1384 Toupii
477 1335 515 1370 in
548 1333 732 1371 Emendd.

69 1390 172 1426 Suid.
192 1390 225 1426 11
252 1402 338 1440 pag.
360 1392 457 1437 391,
487 1391 550 1439 qui
575 1390 659 1427 olim
684 1390 736 1428 ita

70 1445 187 1484 locum
223 1450 445 1485 correxerat:
483 1443 736 1486 ὑποτύπτου-

72 1515 122 1542 σα
154 1523 212 1531 -·
246 1499 372 1559 φιάλῃ
413 1502 452 1550 ἒς
481 1501 556 1553 τὴν
592 1516 734 1555 χρυσο-

69 1554 233 1611 θήκην,
264 1561 287 1596 i.
314 1575 345 1598 e.
368 1561 531 1611 phialam
554 1563 591 1598 in
614 1574 734 1598 arcam

70 1618 304 1654 nummariam
356 1619 571 1655 submittens.
660 1619 734 1662 Qui

69 1674 168 1711 idem
195 1687 322 1711 sensus
348 1675 502 1712 efficitur
530 1677 585 1723 ea,
623 1688 733 1724 quam

70 1731 262 1777 dedimus,
324 1732 479 1769 lectione
497 1759 508 1778 ‚
578 1732 733 1781 probata

71 1786 132 1824 illa
169 1787 318 1836 quidem
355 1792 391 1825 et
425 1788 649 1826 Schneidero
694 1789 732 1825 in

69 1842 160 1881 Lex.
180 1844 260 1890 Gr.‚
291 1844 352 1893 qui
374 1849 564 1895 comparat
580 1846 644 1893 IX,
659 1846 732 1886 83:

68 1895 205 1950 θήκας
226 1902 375 1952 χρυσοῦ
395 1906 431 1938 et
452 1901 603 1938 multum
622 1907 732 1939 antea

69 1956 236 1994 Porsono
271 1958 319 1993 ad
348 1957 603 2008 Aristophanis
634 1959 730 1996 Aves

70 2012 201 2060 1145,
232 2014 295 2064 qui
316 2027 360 2051 ex
384 2014 566 2051 Plutarch.
588 2015 622 2052 11
643 2028 728 2065 pag.

69 2071 153 2111 982
175 2071 217 2108 C.
248 2071 412 2122 χρυσίου
442 2067 583 2122 θήκην
610 2073 729 2110 affert.

68 2123 333 2174 ὕποτύπτειν,
363 2128 452 2177 quid
478 2129 538 2175 sit,
567 2129 640 2165 duo
661 2128 730 2166 loci

67 2183 274 2221 Herodotei
293 2185 341 2231 11,
372 2186 465 2231 136,
495 2186 557 2222 ubi
584 2185 666 2223 vide
695 2190 732 2224 et

68 2239 141 2287 Vl,
176 2242 256 2281 119
288 2245 325 2278 et
354 2240 541 2291 Aristoph.
566 2242 634 2279 Av.
660 2242 680 2279 l.
710 2242 731 2279 1.

68 2294 167 2334 Nam
185 2297 333 2346 ΡΙιίαῐίε,
347 2300 519 2348 tanquam
536 2298 634 2349 palis
648 2312 734 2337 usae

68 2352 183 2390 Darii
198 2366 337 2401 uxores,
368 2367 396 2391 s.
415 2355 553 2405 phialis
579 2355 639 2403 (ut
665 2369 733 2406 pa-

68 2408 131 2458 lis)
152 2412 190 2447 in
203 2423 324 2448 arcam
346 2414 432 2448 auri
438 2411 582 2462 plenam
601 2414 734 2450 immis-

69 2468 141 2514 sis,
180 2467 264 2504 inde
298 2468 505 2516 egerebant,
543 2481 572 2506 s.
618 2472 734 2507 eiicie-

70 2522 157 2559 bant
178 2523 366 2561 Democecli
384 2526 469 2561 auri
487 2538 643 2563 nummos
658 2530 731 2564 tam

71 2578 192 2628 large,
220 2585 262 2618 ut
280 2581 422 2618 humum
447 2583 607 2621 cadentes
625 2585 731 2621 mini-

71 2638 141 2672 ster
178 2638 387 2688 subsequens
425 2639 561 2676 tolleret
597 2641 730 2691 sibique

72 2691 258 2741 colligeret.
315 2694 518 2733 Larcherus
547 2696 730 2748 Toupium

72 2753 216 2786 secutus
254 2751 304 2787 ita
346 2751 488 2790 Gallice
538 2753 729 2804 explicuit:

71 2803 202 2850 „C’est
224 2811 355 2844 mettre
374 2807 408 2844 la
430 2821 616 2860 soucoupe
642 2824 729 2849 sous

71 2859 105 2897 le
126 2864 182 2896 tas
203 2861 250 2898 de
272 2863 394 2911 pieces
414 2865 494 2902 d’or
515 2871 552 2903 et
578 2866 614 2904 la
642 2869 730 2906 reti-

70 2928 131 2954 rer
160 2917 256 2954 aussi
283 2918 403 2968 pleine
429 2921 514 2972 qu'il
544 2923 615 2962 soit
641 2937 730 2976 pos·

792 766 921 805 sible.“
939 765 1048 804 Italus
1070 767 1248 816 interpres
1267 764 1455 814 Schweig-

789 824 1003 861 haeuserum
1032 836 1071 861 se
1092 828 1256 861 secutum
1282 834 1363 859 esse
1390 822 1455 868 ait,

790 881 954 930 quamvis
981 881 1072 918 illius
1103 878 1356 929 interpretatio
1379 891 1455 916 non

789 951 938 987 prorsus
973 937 1039 973 sibi
1079 936 1305 974 satisfecerit.
1371 934 1455 986 Ipse

789 994 904 1031 locum
925 995 975 1031 sic
994 995 1135 1031 reddit:
1154 1015 1209 1020 —
1233 1006 1282 1040 „e
1303 1004 1453 1041 ognuna

790 1051 827 1087 di
841 1064 920 1089 esse
930 1051 1147 1100 attignendo
1159 1063 1222 1087 oro
1233 1062 1302 1087 con
1315 1062 1360 1086 un
1371 1062 1454 1086 vas-

789 1109 868 1157 sojo
891 1107 991 1157 dagli
1019 1109 1165 1156 scrigni,
1197 1108 1317 1157 gliene
1345 1119 1453 1155 rega-

790 1164 871 1201 lava
894 1165 948 1202 col
970 1166 1113 1214 vassojo
1136 1170 1255 1202 stesso
1278 1164 1312 1200 in
1335 1164 1362 1200 si
1384 1164 1456 1200 lar-

790 1234 838 1270 go
858 1222 1094 1268 donament0‚
1112 1221 1178 1258 che
1198 1220 1220 1257 il
1239 1221 1455 1266 domestico,

790 1277 812 1313 il
849 1278 957 1327 quale
986 1278 1021 1314 lo
1058 1279 1208 1327 seguiva
1243 1283 1311 1315 etc.
1346 1282 1415 1315 etc.
1429 1279 1454 1295 “

789 1333 992 1372 Vernacule
1016 1335 1067 1371 sic
1099 1335 1279 1385 expressit
1301 1333 1454 1382 Lange:

792 1391 910 1439 „Und
931 1392 1011 1429 eine
1028 1391 1114 1440 jede
1127 1404 1198 1428 von
1217 1391 1327 1428 ihnen
1348 1390 1456 1427 scho-

791 1449 873 1499 pste
901 1449 969 1485 mit
996 1449 1095 1485 einer
1118 1447 1248 1485 Schale
1275 1459 1340 1484 aus
1371 1447 1455 1484 dem

794 1504 1026 1542 Goldkasten
1066 1505 1142 1541 und
1183 1504 1362 1542 schenkte
1401 1504 1455 1541 sie

792 1562 875 1599 dem
897 1561 1142 1609 Democedes‚
1172 1562 1257 1598 dass
1278 1561 1344 1598 der
1365 1560 1456 1598 Die-

790 1632 922 1656 ner—
941 1619 1017 1656 sich
1035 1619 1096 1656 die
1112 1619 1296 1665 Stateren,
1314 1618 1374 1655 die
1384 1630 1455 1655 von

792 1676 864 1713 den
877 1675 1034 1713 Schalen
1054 1675 1354 1722 herunteffielen,
1375 1676 1456 1712 auf-

790 1732 855 1779 las,
874 1733 951 1769 und
970 1732 1045 1769 sich
1066 1731 1231 1769 dadurch
1249 1732 1330 1769 eine
1347 1744 1455 1781 gros-

790 1802 830 1827 se
858 1790 997 1837 Menge
1026 1788 1125 1825 Gold
1151 1788 1454 1826 zusammenlas.“

788 1845 847 1884 De
869 1846 996 1896 phialis
1019 1845 1115 1883 idem
1135 1845 1261 1882 laudat
1282 1845 1452 1896 Xenoph.

789 1903 927 1953 Cyrop.
949 1904 987 1948 Ι,
1015 1904 1052 1943 3.
1089 1904 1113 1942 8
1144 1901 1224 1939 coll.
1255 1901 1450 1952 Wyttenb.

787 1959 933 1997 Selecta
957 1960 1055 1996 Hist.
1078 1972 1113 2009 p.
1139 1957 1233 1999 374.
1292 1958 1341 1996 Et
1366 1958 1454 1997 Val-

787 2016 891 2053 cken.
911 2029 1058 2066 quoque
1075 2015 1276 2066 phialarum
1294 2015 1452 2067 amplam

786 2073 897 2111 fuisse
923 2074 1063 2110 notavit
1093 2073 1353 2123 capacitatem,
1383 2073 1451 2110 sed

785 2129 897 2167 latam
933 2131 1086 2180 figuram
1126 2130 1289 2180 palatum
1327 2131 1454 2177 instar,

791 2200 905 2237 quare
931 2187 968 2224 in
999 2187 1150 2225 Numer.
1176 2187 1241 2234 IV,
1273 2186 1344 2228 14:
1374 2186 1455 2224 He-

789 2245 982 2281 braeorum
1001 2257 1124 2281 vocem
1148 2238 1261 2293 ΕἸἶξ,
1290 2244 1363 2293 qua
1383 2256 1451 2294 pa-

789 2300 846 2338 lae
881 2301 1143 2351 designantur,
1185 2297 1332 2348 φιοὲλας
1368 2301 1454 2338 red-

789 2358 879 2394 dunt
897 2358 1116 2407 interpretes
1138 2357 1291 2395 Graeci:
1321 2358 1452 2396 eodem

788 2419 961 2452 monente
978 2415 1167 2461 Valcken.,
1178 2414 1241 2464 qui
1261 2414 1332 2452 alia
1343 2428 1453 2466 prae-

788 2474 889 2509 terea
909 2471 1027 2509 affert.
1083 2471 1142 2508 Ad
1171 2484 1297 2509 vocem
1320 2473 1453 2524 χρῆμα

788 2529 882 2565 conf.
900 2528 964 2575 111,
987 2530 1079 2569 109.

845 2583 1057 2636 στατῆρας]
1089 2582 1199 2622 Attici
1219 2588 1373 2622 stateres
1386 2597 1451 2621 au-

786 2642 839 2679 rei
858 2641 1035 2692 (quorum
1055 2646 1178 2680 tamen
1201 2642 1320 2679 nullus
1344 2641 1452 2678 hodie

788 2700 973 2749 superest)
995 2699 1142 2750 pondus
1161 2699 1347 2737 habebant
1360 2698 1451 2735 clua-

787 2769 866 2792 ‘rum
880 2785 892 2803 ‚
939 2755 1099 2794 valorem
1146 2760 1266 2793 autem
1318 2755 1453 2803 viginti

787 2812 1040 2850 drachmarum
1063 2812 1109 2860 (4
1129 2812 1237 2849 Thal.
1260 2814 1314 2853 20
1334 2823 1449 2860 gross.

786 2869 974 2916 Saxonn.,
1004 2882 1033 2906 S.
1056 2871 1080 2908 8
1102 2870 1231 2906 floren.
1261 2866 1312 2907 41
1334 2866 1450 2904 cruci-

786 2923 896 2977 ger.).
926 2925 1069 2970 Quibus
1089 2924 1262 2976 aequales
1281 2922 1447 2974 pondere
