1863 3256
430 202 516 243 576

403 307 520 353 3ἅπὸ
567 309 740 354 τούτου.

374 470 508 507 suerint
529 474 676 514 auctae,
708 469 954 516 quantumque
974 467 1028 503 in-

374 530 594 563 crementum
636 524 704 559 hoc
736 523 880 559 omnino
913 523 1029 572 Cyre-

374 594 546 619 naeorum
589 579 694 615 rebus
734 578 920 625 attulerit,
967 579 1029 628 qui

374 639 460 674 inde
478 635 533 672 vel
562 635 597 670 in
626 634 740 670 numis
767 634 933 683 plantae,
972 634 1028 671 cui

374 693 494 729 omnia
522 692 597 727 sere
627 690 830 737 debebant,
869 691 1029 740 effigiem

375 748 634 785 exhibuerunt:
686 757 758 794 qua
798 747 845 783 de
878 760 917 783 re
954 748 1028 783 vid.

373 802 521 840 Eckhel.
540 801 664 839 Doctr.
684 800 793 839 Num.
815 802 864 838 lV
882 815 918 851 p.
938 804 1027 844 119,

373 858 553 896 Mionnet.
583 858 762 904 Descript.
796 858 832 897 d.
858 857 958 894 Med.
978 858 1028 896 VI

372 928 411 966 p.
437 916 518 954 373
549 926 625 962 seq.
688 914 786 956 Quin
816 914 884 950 hoc
909 915 1026 963 ipsum

374 972 411 1007 in
433 970 662 1021 proverbium
682 970 788 1015 abiit3
830 970 909 1018 quis
930 971 1026 1007 enim

374 1039 448 1076 non
466 1025 568 1063 novit
587 1021 739 1064 Βάττου
763 1025 940 1073 σίλφιον,
979 1027 1026 1063 de

373 1096 446 1132 quo
467 1082 605 1130 Thrige
624 1082 645 1118 l.
663 1081 685 1117 l.
709 1094 793 1131 pag.
813 1081 906 1123 243.
944 1082 1028 1125 Quo

373 1140 489 1187 magis
504 1138 640 1174 mireris
653 1138 743 1184 (sive
763 1138 922 1186 gentium
942 1138 1029 1175 alia-

373 1207 453 1232 rum
477 1195 514 1231 in
536 1195 696 1243 Cyrenes
726 1194 901 1231 ditionem
929 1194 1030 1231 inva-

375 1251 537 1288 sionibus
585 1262 628 1286 ac
684 1250 1027 1301 depopulationibus

375 1308 450 1345 sive
468 1306 737 1356 publicanorum
759 1307 929 1353 avaritia,
952 1306 1027 1344 sive

374 1362 446 1400 alia
476 1374 547 1411 qua
568 1374 677 1399 causa
702 1362 769 1399 hoc
791 1363 926 1399 factum
948 1375 1027 1400 esse

376 1418 598 1466 existimes),
659 1418 729 1454 iam
777 1418 1026 1456 Romanorum

375 1479 496 1512 aetate
513 1478 650 1511 tantam
672 1473 789 1524 silphii
806 1475 918 1512 fuisse
938 1476 1028 1510 rari-

375 1535 491 1567 tatem
508 1534 656 1578 tamque
675 1543 824 1567 enorme
847 1531 921 1568 eius
943 1531 1028 1568 inde

374 1587 544 1636 pretium,
568 1590 607 1622 ut
628 1585 764 1622 Plinius
782 1586 831 1625 H.
845 1585 894 1624 N.
911 1586 1027 1633 XXII,

375 1641 429 1681 48
453 1643 590 1680 diceret
619 1642 832 1679 exstinctum
862 1642 1028 1692 silphium

375 1698 629 1745 Cyrenaicum,
659 1699 811 1748 ipseque
830 1699 1027 1736 Salmasius

374 1754 569 1801 (Exercitt.
588 1754 705 1791 Plinn.
721 1768 807 1804 pag.
821 1756 923 1803 921)
941 1755 1028 1792 illud

375 1811 445 1847 iam
464 1811 603 1860 pridem
622 1811 657 1846 in
678 1824 795 1848 rerum
817 1816 944 1848 natura
963 1812 1028 1848 de-

375 1867 477 1903 siisse
499 1867 769 1916 pronuntiaret,
804 1868 938 1917 quippe
966 1881 1029 1904 cu-

375 1923 430 1959 ius
459 1927 572 1960 totam
599 1923 784 1959 historiam
807 1937 901 1960 nunc
920 1924 1028 1972 igno-

375 1991 508 2017 remus.
563 1979 646 2023 Quo
666 1978 846 2016 difficilius
865 1980 935 2017 erit
954 1984 1029 2016 sta·

374 2038 500 2081 tuere,
560 2035 676 2084 qualis
728 2036 875 2086 proprie
920 2036 1030 2073 suerit

374 2091 521 2141 planta,
560 2104 639 2128 cum
663 2104 709 2128 ne
731 2091 797 2128 hoc
820 2092 968 2140 quidem
988 2092 1029 2128 li-

376 2151 508 2195 queat,
555 2148 748 2184 etiamnum
777 2149 812 2184 in
846 2148 944 2186 hisce
973 2160 1031 2185 re-

375 2204 543 2251 gionibus
562 2204 765 2240 inveniatur
781 2203 948 2253 silphium
967 2217 1030 2241 ve·-

375 2264 434 2295 tus
455 2272 522 2297 nec
538 2272 593 2296 ne.
627 2259 696 2296 Pro
714 2273 795 2296 assa
808 2259 948 2308 foetida
968 2260 1030 2297 sil-

375 2314 499 2364 phium
529 2316 626 2352 haud
652 2317 756 2365 pauci
786 2317 869 2353 olim
896 2329 1030 2367 perpe-

376 2382 453 2406 ram
492 2371 671 2416 habuere,
727 2372 876 2420 quibus,
927 2373 1029 2422 quod

375 2426 504 2471 miror,
541 2439 655 2475 nuper
675 2429 825 2464 accessit
846 2428 1028 2466 Mannert.

374 2481 423 2526 X,
447 2484 471 2520 2
491 2494 575 2530 pag.
598 2485 672 2527 61,
702 2496 809 2531 quern
833 2489 916 2533 post
940 2484 1028 2520 alios

375 2537 523 2574 meliora
555 2538 708 2574 edocere
735 2543 861 2586 potest
890 2540 1029 2588 Thrige

377 2592 400 2630 l.
421 2593 442 2630 l.
470 2606 555 2642 pag.
581 2593 683 2638 248,
729 2595 788 2642 qui
816 2595 894 2644 ipse
926 2595 961 2630 in
992 2608 1030 2632 re

376 2662 551 2699 perquam
569 2650 677 2685 (lubia
696 2651 848 2686 necdum
868 2651 954 2686 satis
976 2651 1029 2686 vi-

377 2718 497 2741 rorum
525 2705 714 2742 doctorum
747 2718 788 2741 ac
822 2707 1030 2755 peregrina-

376 2766 493 2797 torum
516 2762 642 2798 studiis
664 2761 862 2808 illustrata,
894 2767 1031 2799 certam

378 2817 425 2854 dc
454 2816 581 2868 silphio
616 2818 846 2868 pronuntiare
885 2823 1031 2856 senten-

818 202 1282 241 HERODOTI

820 309 1003 365 παρήκει
1057 311 1103 353 δὲ
1155 308 1242 353 οἷπό
1300 309 1492 366 Πλατέης
1540 311 1678 368 νήσου

1085 469 1172 505 tiam
1193 469 1248 505 vix
1267 481 1375 506 ausus
1396 473 1459 507 est.
1508 469 1580 512 Qui
1601 482 1736 519 nuper-

1086 525 1174 561 rime
1201 525 1266 561 has
1293 526 1459 573 regiones
1486 525 1605 562 invisit
1632 525 1737 562 Della

1086 581 1185 617 Colla
1207 578 1295 631 (xid.
1325 582 1400 618 eius
1419 582 1540 618 ltiner.
1562 593 1646 631 pag.
1669 583 1735 621 92.

1085 637 1214 673 Ritter.
1238 638 1349 673 Erdk.
1377 637 1390 673 1
1416 651 1450 686 p.
1471 637 1592 685 945),
1619 650 1736 687 prope

1084 693 1199 729 locum
1227 693 1371 743 Spage,
1418 694 1526 730 trium
1569 693 1736 730 horarum

1085 750 1204 798 spatio
1219 761 1242 785 a
1259 755 1381 786 vetere
1393 750 1537 796 Cyrene
1556 753 1736 786 remotum

1083 805 1218 841 invenit
1246 804 1379 842 herbae
1408 805 1591 841 cuiusdam
1611 817 1737 843 semen

1085 860 1187 905 (nam
1219 862 1347 897 florem
1383 873 1457 897 non
1493 861 1604 907 vidit,
1650 861 1736 909 quia

1084 916 1342 962 defloruerat),
1385 928 1492 964 quam
1534 929 1601 965 pro
1635 922 1738 954 vete-

1082 984 1160 1008 rum
1190 972 1317 1021 silphio
1346 971 1476 1019 habet,
1516 972 1571 1009 cui
1602 984 1737 1010 nomen

1087 1027 1121 1064 T
1121 1027 1248 1077 leapsz'a
1287 1027 1488 1076 silphium,
1545 1039 1639 1076 quae
1681 1032 1737 1066 est

1082 1085 1240 1121 varietas
1285 1082 1464 1133 Thapsiae
1506 1084 1736 1132 Gargam'cae

1082 1139 1190 1177 Linn.
1219 1139 1298 1176 Nos
1316 1152 1542 1178 vocaremus:
1572 1142 1629 1176 ein
1647 1140 1737 1177 Dol-

1084 1196 1321 1244 dcugewci'claes.
1400 1196 1654 1246 Adstipulatur
1690 1196 1736 1233 C.

1082 1253 1273 1302 Sprengel.
1333 1251 1370 1288 in
1414 1253 1633 1290 Commentt.
1686 1252 1736 1289 ad

1083 1307 1118 1345 T
1121 1308 1329 1358 heophrast.
1359 1309 1512 1345 version.
1538 1309 1571 1344 11
1594 1322 1630 1358 p.
1653 1310 1735 1350 227

1083 1365 1211 1401 merito
1246 1377 1496 1412 conquerens,
1548 1364 1647 1412 quod
1689 1364 1737 1402 de

1083 1419 1187 1456 huius
1224 1419 1370 1470 plantae
1410 1425 1486 1457 tam
1533 1420 1737 1458 celebratae

1084 1482 1213 1513 natura
1247 1476 1408 1512 nondum
1445 1476 1643 1513 accuratius
1681 1477 1737 1512 in-

1084 1533 1302 1580 vestigatum
1323 1532 1379 1568 sit.
1421 1531 1494 1574 Qui
1515 1536 1645 1582 postea
1661 1531 1738 1581 Cy-

1084 1588 1264 1625 renaicam
1284 1587 1471 1636 regionem
1502 1587 1737 1638 perlustravit

1084 1644 1220 1689 Pach0‚
1242 1648 1279 1681 et
1297 1644 1376 1694 ipse
1396 1643 1560 1693 silphium
1582 1656 1603 1681 a
1623 1656 1662 1680 se
1680 1656 1738 1681 re·

1083 1704 1227 1751 pertum
1249 1712 1328 1737 esse
1345 1700 1397 1736 ait
1417 1701 1460 1736 iis
1475 1699 1562 1750 ipsis
1579 1700 1616 1736 in
1636 1699 1737 1746 locis,

1085 1769 1180 1806 quae
1209 1756 1291 1793 huic
1321 1755 1467 1806 plantae
1502 1756 1738 1804 assignantur

1084 1814 1130 1849 ab
1152 1812 1342 1849 Herodoto
1361 1825 1404 1849 ac
1423 1811 1581 1861 Scylace.
1626 1812 1739 1848 Plan-

1083 1873 1157 1905 tam
1193 1867 1420 1906 umbellatam
1455 1881 1535 1905 esse
1566 1867 1739 1913 affirmat,

1084 1925 1130 1962 ab
1167 1923 1345 1961 Arabibus
1398 1932 1562 1961 vocatam
1606 1923 1736 1970 dorius,

1084 1981 1181 2017 unde
1200 1981 1278 2030 ipse
1296 1993 1428 2017 nomen
1454 1980 1591 2017 invenit
1605 1979 1740 2017 Laser-

1082 2038 1212 2086 pita'um
1258 2036 1399 2073 Dorias.
1459 2036 1490 2073 V
1494 2036 1541 2072 id.
1586 2037 1739 2084 Voyage

1088 2094 1179 2129 dans
1210 2092 1244 2129 la
1272 2092 1518 2140 Marmarique
1544 2095 1580 2129 ct
1602 2092 1738 2141 Cyren.

1087 2148 1329 2198 chap.XV111
1356 2161 1441 2198 pag.
1463 2148 1543 2188 247
1573 2160 1674 2197 seqq.
1701 2150 1739 2184 et

1086 2205 1313 2255 potissimum
1335 2217 1421 2254 pag.
1443 2206 1538 2250 250,
1557 2205 1614 2240 ubi
1632 2203 1739 2253 plan-

1087 2266 1160 2298 tam
1179 2273 1200 2297 a
1213 2274 1252 2297 se
1271 2265 1451 2310 repertam
1472 2259 1739 2296 accuratissime

1086 2317 1269 2355 describit.
1303 2316 1357 2353 Ac
1378 2315 1546 2353 fratribus
1560 2315 1739 2362 Bcechcy,

1086 2374 1122 2409 in
1156 2374 1251 2410 idem
1279 2371 1544 2421 inquirentibus
1579 2372 1643 2415 (cs.
1676 2371 1740 2407 lti-

1085 2442 1160 2466 ner.
1179 2442 1257 2478 cap.
1283 2430 1331 2468 15
1354 2441 1389 2477 p.
1412 2426 1656 2470 409—420)
1677 2428 1737 2463 sil-

1085 2485 1208 2535 phium
1224 2497 1302 2520 esse
1318 2484 1459 2520 videtur
1480 2482 1602 2532 planta
1611 2482 1737 2520 Dauco

1087 2539 1221 2585 similis,
1252 2539 1317 2575 illis
1335 2539 1370 2575 in
1392 2539 1601 2586 regionibns
1621 2539 1737 2575 adhuc

1086 2597 1255 2643 frequens
1285 2600 1320 2631 et
1348 2596 1468 2645 specie
1499 2607 1563 2631 sua
1585 2596 1738 2632 maxime

1085 2652 1260 2688 accedens
1276 2651 1322 2687 ad
1344 2664 1421 2688 eam
1440 2651 1556 2700 silphii
1574 2652 1738 2697 sormam,

1086 2719 1180 2755 quae
1202 2708 1237 2742 in
1263 2712 1424 2744 xeternm
1451 2707 1568 2743 nuruis
1591 2718 1739 2756 compa-

1086 2767 1183 2810 reat,
1223 2768 1294 2800 tres
1323 2764 1436 2813 pedes
1469 2762 1542 2798 alta
1565 2767 1601 2799 et
1620 2775 1739 2799 came-

1086 2818 1148 2867 lis,
1188 2820 1249 2870 qui
1284 2832 1328 2858 ea
1357 2824 1565 2867 vescantur,
1600 2819 1738 2856 nociva.
1815 2809 1824 2889 l

1832 378 1863 426 ll(
