1946 3272
449 191 532 231 150
863 188 1329 229 HERODOTI

449 301 552 353 χῆς,
596 296 663 342 ἐπ’
701 293 738 356 ᾦ
774 314 817 342 τε
856 295 937 342 ὑπ’
970 297 1150 349 οὐδενὸς
1178 296 1325 354 ὑμέων
1363 296 1575 352 ἄρξομαι,
1623 297 1777 341 οὔτε15

419 367 586 420 4αὐτὸς
615 369 720 425 ἐγώ,
752 367 853 412 οὔτε
884 371 928 412 οἱ
957 367 1033 412 ἀπ’
1065 369 1167 426 ἐμεῦ
1199 369 1280 412 αιέὶ
1309 368 1574 424 γινόμενοι.“
1611 369 1722 412 Τού-

447 455 528 482 του
559 441 762 490 εἴπαντος
791 444 949 492 ταῦτα,
986 438 1044 491 ὥς
1075 440 1346 496 συνεχώρεον
1378 441 1420 483 οἱ
1446 440 1491 491 ’ἐξ
1521 440 1590 483 ἐπὶ
1620 438 1722 483 τού-

447 521 581 562 τοισι,
628 504 759 561 οὗτος
788 510 867 565 μὲν
896 510 949 566 δή
979 523 1059 566 σφι
1097 510 1180 554 οὐκ
1211 511 1508 566 ἐνηγωνίζετο,
1548 508 1643 553 ἀλλ’
1673 508 1722 554 ἐκ

419 583 532 624 5τοῦ
561 580 698 636 μέσου
727 585 938 635 καθῆστο.
997 582 1086 624 Καὶ
1114 586 1198 625 νῦν
1228 581 1336 636 αὕτη
1373 580 1399 637 ἡ
1431 583 1545 637 οἰκίη
1578 582 1723 624 διατε-
1786 583 1866 627 241

446 651 532 695 λέει
570 648 714 706 μούνη
752 649 963 705 ἐλευθέρα
1003 652 1136 695 ἐοῦσα
1168 652 1389 706 Περσέων,
1439 651 1512 695 καὶ
1549 650 1780 706 ἄρχεταιΞο

447 726 641 766 τοσαῦτα
671 720 754 764 ὅσα
784 719 892 776 αὐτὴ
920 721 1057 770 θέλει,
1090 720 1254 778 νόμους
1285 720 1369 765 οὐκ
1396 721 1724 778 ὑπερβαίνουσα

324 793 391 837 8⁴
448 793 553 843 τούς
580 790 798 846 Περσέων.
860 793 914 835 Οἱ
944 792 989 835 δὲ
1018 793 1166 836 λοιποὶ
1194 796 1283 835 τῶν
1307 792 1411 836 ἓπτοὲ
1435 792 1724 849 ἐβουλεύοντο

119 856 238 891 Reliqui
252 864 301 883 sex
321 865 394 891 quos

116 889 394 917 h„‚„,‚.e„4,.„„;et
452 863 511 914 ὥς
549 860 727 920 βασιλέα
758 861 1011 905 δικαιότατα
1045 862 1299 918 στήσονται·
1357 864 1432 906 καί
1471 876 1550 919 σφι
1593 865 1722 917 ἔδοξε,

117 925 247 957 posteris
266 924 331 950 eius
341 923 393 949 alc-

117 957 285 989 mwffi„
316 965 393 990 quae
447 932 607 990 Ὀτάνῃ
638 933 718 988 μὲν
746 933 819 975 καὶ
847 937 960 976 τοῖσι
992 931 1077 976 άπὸ
1107 931 1297 976 Ὀτάνεω
1336 934 1416 976 αἰεὶ
1455 934 1725 991 γινομένοισι

117 990 175 1016 sibi
210 990 277 1016 iura
312 991 393 1017 iuter

116 1031 150 1049 se
204 1024 391 1062 pepigerint:
450 1002 504 1059 ἢν
534 1003 576 1054 ἐς
607 1001 743 1047 ἄλλον
779 1002 875 1047 τινα
907 1007 996 1046 τῶν
1025 1003 1130 1047 έπτά
1161 1004 1266 1059 ἔλθῃ
1297 1001 1323 1059 ἡ
1355 1006 1579 1060 βασιληίη,
1616 1005 1724 1057 ἐξαί-
1736 1013 1781 1047 25

116 1064 175 1091 qua
201 1062 319 1083 ramme
347 1065 391 1083 rc-

118 1097 187 1129 gem
208 1090 396 1118 fieris-olue-
453 1091 555 1128 ρετα
594 1076 798 1118 δίδοσθαι
843 1074 1008 1131 ἐσθῆτά
1047 1091 1092 1119 τε
1130 1074 1337 1132 Μηδικὴν
1372 1074 1487 1126 ἔτεος
1525 1074 1725 1126 ἑκάστου,

449 1146 523 1190 καὶ
551 1146 632 1202 τήν
659 1150 806 1189 πᾶσαν
837 1147 1007 1203 δωρεὴν
1036 1145 1065 1203 ἢ
1092 1147 1257 1203 γίνεται
1290 1145 1337 1189 ἐν
1357 1145 1551 1203 Πέρσῃσι
1576 1162 1725 1202 τιμιω-

419 1216 569 1274 emim.
637 1219 767 1260 τοῦδε
818 1217 864 1260 δὲ
912 1218 1076 1262 εἵνεκεν
1122 1215 1391 1276 ἐβούλευσάν
1436 1219 1479 1261 οἱ
1519 1219 1726 1262 δίδοσθαι

119 1128 187 1151 [lnt-

395 1364 465 1388 esse
490 1352 664 1401 partium.
717 1350 827 1388 Conf.
861 1348 932 1399 IV,
969 1351 1061 1391 118.

393 1407 495 1455 Vm,
514 1410 581 1449 22.
601 1410 667 1449 73.

556 1465 666 1515 Cap.
691 1462 900 1503 LXXXIV.

386 1564 389 1568 ,
454 1515 608 1570 ἐσθῆτά
629 1535 669 1559 τε
693 1514 907 1571 Μηδικήν]
939 1517 1063 1557 Medi-

396 1590 472 1614 cam
484 1581 610 1614 vestem
623 1576 805 1614 Acanthiis
817 1576 964 1613 honoris
977 1589 1063 1613 cau-

396 1647 438 1671 sa
450 1634 574 1671 datam
587 1633 727 1671 Noster
739 1634 864 1670 scribit
874 1633 955 1678 VII,
971 1634 1063 1673 116.

394 1690 476 1728 Nec
495 1690 603 1727 aliam
627 1703 707 1727 esse
732 1694 857 1739 putem
881 1689 1063 1726 Persicam

394 1750 532 1794 vestem,
553 1759 662 1796 quam
681 1746 833 1783 Cilicum
850 1745 977 1795 regulo
996 1746 1064 1782 ho·-

395 1804 497 1841 noris
516 1815 624 1840 causa
654 1802 781 1839 tribuit
800 1803 919 1852 Cyrus
946 1802 1064 1839 minor

395 1863 485 1896 natu
504 1871 562 1909 ap.
583 1857 750 1908 Xenoph.
774 1858 892 1895 Anah.
916 1858 945 1902 1,
970 1861 996 1898 2
1021 1855 1059 1907 §

394 1918 449 1956 27
472 1915 551 1952 coll.
572 1914 713 1952 Aelian.
735 1915 780 1951 V.
800 1914 849 1953 H.
870 1914 900 1960 Ι,
921 1917 975 1955 22
1000 1914 1060 1949 fin.

394 1971 617 2019 Intelligitur
649 1971 746 2007 enim
779 1969 928 2006 IIIedica
958 1969 1062 2017 stola,

394 2039 490 2077 quae
520 2028 651 2064 dicitur
680 2026 791 2074 longa
812 2027 860 2062 ad
881 2025 973 2062 talos
1000 2039 1063 2062 us-

394 2096 468 2132 que
493 2084 694 2132 pertinenS‚
725 2082 836 2119 vestis
857 2083 1006 2119 sinuosa
1028 2086 1063 2119 et

397 2139 633 2189 complicata,
674 2152 694 2176 e
735 2139 851 2176 serico
896 2139 1064 2175 confecta

399 2193 456 2246 (ut
484 2196 608 2232 scribit
638 2194 792 2245 Procop.
825 2195 872 2232 B.
903 2194 1004 2232 Pers.
1035 2194 1064 2241 1,

398 2253 489 2299 20),
520 2256 558 2289 et
577 2264 599 2288 a
622 2251 756 2299 Persis,
791 2255 989 2301 postquam
1007 2263 1066 2288 re-

398 2320 478 2344 rum
501 2308 605 2357 potiti
625 2311 740 2354 erant,
766 2312 926 2357 recepta,
949 2308 1002 2344 ita
1028 2310 1067 2343 ut

399 2368 438 2401 et
468 2376 531 2400 rex
560 2364 637 2413 ipse
668 2367 704 2400 et
726 2363 906 2413 principes
934 2364 1067 2400 Persa-

398 2432 477 2456 rum
496 2423 531 2457 et
551 2424 737 2468 quotquot
757 2419 815 2455 ulii
834 2420 897 2455 viri
910 2419 1065 2456 illustres

402 2475 471 2513 hoc
490 2488 638 2513 munere
660 2475 807 2511 honoris
829 2475 937 2525 pleno
959 2488 1067 2511 orua-

401 2536 529 2569 rentur
561 2544 583 2568 a
613 2543 722 2579 rege,
763 2530 821 2567 illa
860 2530 1067 2568 solemniter

401 2591 599 2625 uterentur.
640 2587 803 2624 Pertinet
824 2586 903 2631 huc,
924 2588 1068 2636 opinor,

400 2643 582 2682 Herodot.
607 2643 634 2688 I,
661 2643 763 2690 135,
794 2643 853 2679 ubi
886 2642 1067 2679 Medicam

402 2704 543 2738 vestem
557 2700 687 2737 Persas
701 2700 912 2736 assumsisse
924 2699 1067 2745 scribit3

403 2757 442 2793 id
475 2757 575 2806 quod
606 2757 652 2794 de
681 2756 871 2793 Persarum
903 2755 1069 2804 primori-

404 2813 471 2850 bus
493 2813 736 2864 potissimum,
754 2824 835 2850 meo
847 2812 993 2861 quidem
1015 2812 1068 2849 iu-

1119 1349 1234 1396 dicio,
1260 1349 1328 1387 erit
1350 1348 1641 1398 intelligendum.
1698 1348 1782 1387 Nec

1119 1406 1189 1444 alio
1221 1409 1365 1456 spectat
1396 1406 1485 1454 Cyri
1522 1406 1666 1443 maioris
1703 1406 1783 1444 edi-

1119 1467 1215 1500 ctum
1238 1463 1275 1498 in
1303 1463 1442 1512 Cyrop.
1462 1461 1566 1509 VIII,
1588 1465 1625 1508 1,
1648 1462 1714 1502 40.
1742 1464 1782 1509 3,

1122 1523 1157 1560 1.
1189 1519 1300 1563 Quod
1323 1531 1408 1555 vero
1428 1518 1579 1566 singulis
1603 1519 1687 1555 viris
1709 1517 1783 1555 tale

1119 1576 1374 1613 vestimentum
1393 1574 1540 1611 honoris
1561 1586 1670 1612 causa
1688 1587 1710 1612 a
1726 1587 1786 1612 re-

1121 1645 1168 1681 ge
1197 1632 1382 1677 tribuitur,
1411 1631 1448 1667 id
1478 1630 1588 1681 plane
1619 1631 1786 1680 congruit

1120 1701 1202 1726 cum
1225 1688 1466 1724 recentiorum
1490 1687 1684 1725 Persarum
1706 1700 1787 1725 mo·-

1120 1758 1174 1791 re,
1205 1744 1304 1794 apud
1326 1756 1418 1793 quos
1439 1743 1590 1792 singulis
1608 1743 1691 1781 viris
1711 1744 1786 1782 sive

1118 1800 1336 1852 primoribus
1349 1801 1384 1836 in
1402 1801 1575 1837 honorem
1594 1800 1666 1838 tale
1676 1800 1788 1838 vesti-

1119 1863 1296 1903 mentum,
1327 1857 1429 1905 quod
1455 1855 1603 1905 Caflan,
1623 1868 1649 1892 s.
1675 1856 1785 1893 Calat

1119 1917 1276 1958 vocant,
1308 1924 1329 1948 a
1363 1925 1450 1961 rege
1488 1913 1639 1950 concedi
1679 1913 1783 1950 solet.

1119 1969 1378 2007 Pertinuerunt
1409 1973 1529 2006 autem
1565 1969 1650 2005 talia
1686 1969 1785 2006 haud

1121 2026 1232 2062 dubie
1249 2025 1297 2061 ad
1317 2038 1466 2062 munera
1482 2025 1542 2061 ina
1553 2026 1708 2063 maxime
1719 2025 1786 2062 ho-

1120 2086 1271 2128 norata,
1306 2081 1353 2118 de
1380 2081 1512 2130 quibus
1538 2081 1602 2128 III,
1638 2083 1715 2122 160
1748 2085 1785 2119 et

1121 2139 1202 2184 VII,
1216 2140 1240 2178 8
1255 2137 1316 2174 fin.
1346 2137 1474 2175 Adhuc
1485 2139 1521 2175 in
1540 2139 1783 2175 monumentis

1121 2193 1405 2244 Persepolitanis
1440 2195 1710 2245 conspiciuntur
1748 2195 1786 2231 in

1121 2251 1243 2300 lapide
1265 2251 1367 2287 incisi
1385 2251 1448 2287 viri
1470 2252 1545 2287 sive
1569 2249 1685 2296 Medi,
1707 2251 1785 2288 sive

1122 2307 1280 2353 Persae,
1312 2306 1377 2344 hac
1403 2307 1495 2343 stolii
1519 2306 1635 2343 induti
1666 2306 1786 2357 ampl&

1123 2368 1161 2400 et
1193 2365 1348 2399 maxime
1376 2363 1531 2412 plicata,
1561 2363 1677 2411 ezique
1707 2363 1786 2413 ipsit

1123 2419 1273 2456 discreti
1296 2418 1342 2455 ab
1365 2419 1442 2455 aliis
1463 2419 1639 2455 inferioris
1658 2420 1786 2456 condi-

1122 2476 1232 2512 tionis
1256 2475 1475 2520 hominibus,
1506 2476 1568 2523 qui
1589 2474 1696 2511 aliam
1722 2488 1786 2513 ve-

1125 2538 1215 2568 stem
1230 2535 1389 2578 gestant.
1410 2531 1489 2567 vid.
1503 2531 1660 2568 Heeren.
1675 2531 1786 2569 Ideen

1125 2587 1154 2633 l,
1182 2590 1200 2626 1
1230 2599 1315 2636 pag.
1340 2586 1422 2626 214
1446 2599 1522 2635 seq.
1551 2592 1588 2624 et
1612 2587 1785 2637 Mongez.

1125 2642 1236 2679 Mem.
1257 2643 1302 2679 de
1323 2642 1463 2679 I’lustit.
1486 2643 1533 2679 lv
1552 2657 1586 2694 p.
1609 2645 1662 2685 89
1680 2657 1784 2694 seqq.

1127 2699 1198 2735 unii
1219 2712 1296 2735 cum
1319 2699 1441 2736 tabula
1456 2700 1608 2737 adiecta.

1183 2750 1424 2805 ἐβούλευσάν
1444 2755 1786 2795 οἱὸίδοσθαιταῦ-

1125 2809 1186 2860 τα]
1218 2812 1259 2849 In
1281 2812 1374 2849 binis
1405 2812 1501 2850 libris
1523 2808 1785 2864 ἐβουλεύσαν-

1906 710 1911 778 Ι
