1863 3256
252 527 317 572 18

46 592 90 620 Ad
124 591 322 626 Borysthenis

45 627 172 654 alterum
200 626 277 652 latus
304 634 321 653 a

43 659 241 727 3331121533
255 658 321 719 {¹2ss
379 677 406 720 ἅ

381 217 468 258 308

771 213 1244 254 HERODOTI

378 326 571 380 Νευρῶν
599 323 645 368 δὲ
674 323 723 368 τό
754 324 865 378 πρὸς
895 327 1034 380 βορῆν
1065 322 1248 379 ἄνεμον,
1279 322 1439 377 ἐρῆμος
1467 321 1637 377 ἀνθρώ-

375 410 497 445 πων,
528 394 636 438 ὅσον
663 393 786 451 ἡμεῖς
814 397 953 451 ἰ’ὁμεν.
996 399 1132 439 ταῦτα
1161 394 1239 449 μὲν
1267 392 1385 447 παρὰ
1414 392 1491 436 τὸν
1507 392 1639 437 ’Ὑπα-

376 482 448 509 νιν
476 465 676 521 ποταμόν
706 465 795 508 ἐστι
826 465 979 518 ἔθνεα,
1018 465 1131 520 πρὸς
1167 465 1348 520 ἑσπέρης
1384 467 1464 506 τοῦ
1494 467 1640 518 Βορυ-

376 537 569 587 σθένεος.

43 726 174 762 Scythae
192 726 319 761 Georgi,

320 809 480 847 Marcell.
498 810 617 858 XXII,
640 813 676 852 8.
696 809 815 849 Anon.
844 811 977 863 Peripl.

322 865 358 918 ᾗ.
379 868 405 906 3
426 865 494 913 (Τ.
517 866 566 903 ΙΙΙ
590 880 625 917 p.
647 870 728 909 209
748 868 886 918 Gail.),
917 868 979 917 qui

319 923 456 974 primos
477 923 524 959 ad
546 923 677 960 Istrum
698 924 864 962 habitare
888 926 980 961 Car-

320 979 426 1030 pidas
455 992 498 1015 ex
529 979 677 1030 Ephoro
721 981 854 1027 tradit,
895 981 980 1018 dein

322 1035 492 1073 Aroteres
511 1035 660 1073 ulterius
682 1036 904 1087 Neurosque
921 1050 980 1073 us-

322 1104 393 1140 que
420 1092 467 1128 ad
487 1093 675 1140 regionem
697 1094 828 1130 iterum
856 1094 982 1130 deser-

320 1152 394 1184 tam
419 1148 467 1185 ob
488 1148 649 1196 glaciem.
690 1150 816 1196 Iidem,
837 1151 981 1200 opinor,

307 1208 408 1247 ¹sunt
430 1202 575 1241 Naum-2·
598 1206 696 1254 apud
718 1205 979 1253 Ptolemaeum,

321 1260 359 1296 in
397 1261 574 1309 gubernio
603 1261 728 1298 Minsk
765 1262 980 1309 collocandi,

321 1316 390 1352 nisi
410 1315 524 1353 fallor.
564 1316 628 1354 Cr.
661 1318 707 1355 de
732 1317 866 1355 Neuris
893 1332 979 1356 con-

320 1372 404 1409 ferri
426 1372 503 1409 vult
525 1373 693 1422 Gotting.
716 1374 864 1423 gelehrt.
886 1373 978 1411 Anz.

326 1429 433 1469 1815
455 1442 508 1465 nr.
534 1431 612 1470 126
634 1444 719 1480 pag.
744 1431 849 1472 1244
861 1444 979 1480 seqq,

319 1484 443 1533 ibique
463 1485 687 1536 Orchowsky
714 1486 889 1524 Diseours
920 1500 980 1524 sur

319 1540 485 1589 l’origine
513 1542 560 1579 de
589 1542 624 1579 la
652 1542 816 1592 Pologne
849 1557 910 1580 sur
944 1543 979 1580 la

319 1595 453 1645 langue
484 1602 520 1634 et
551 1597 585 1635 la
606 1599 789 1636 literature
815 1600 861 1636 de
883 1604 978 1637 cette

319 1654 456 1689 nation.
503 1653 577 1697 Qui
605 1668 679 1691 non
703 1654 806 1693 aliter
826 1656 901 1693 fere
924 1659 980 1693 at-

319 1721 392 1758 que
409 1709 569 1747 Heeren.
589 1710 611 1747 l.
629 1710 651 1747 l.
692 1710 898 1749 Neurorum
921 1725 979 1749 se·-

318 1765 384 1803 des
416 1767 522 1815 ponit
557 1767 594 1803 in
625 1768 790 1804 interiori
828 1769 978 1805 Polonia

317 1822 605 1871 septentrionem
650 1837 775 1861 versus
823 1825 976 1862 multum

317 1882 488 1915 extensas
530 1883 566 1916 et
601 1881 793 1917 maximam
824 1881 977 1918 Lithua-

318 1934 400 1971 niae
459 1940 604 1984 partem
665 1936 974 1987 complectentes3

317 1990 488 2039 idemque
509 1990 714 2029 Neurorum
732 1993 885 2042 vestigia
909 1994 977 2030 sibi

318 2047 498 2096 reperisse
517 2048 661 2085 videtur
685 2049 721 2085 in
747 2051 854 2086 lluvio
884 2049 978 2086 Vilia

319 2100 385 2150 (ad
405 2115 513 2151 quem
534 2105 616 2141 urbs
630 2104 774 2154 Vilna),
804 2107 859 2142 cui
878 2107 977 2157 apud

318 2158 511 2207 indigenas
543 2173 676 2198 nomen
715 2160 822 2198 Neris
862 2167 899 2199 et
940 2163 976 2199 in

319 2216 501 2251 montibus
527 2216 681 2264 Ponari,
719 2219 848 2267 quibus
878 2219 975 2268 apud

318 2268 534 2310 Lithuaniae
563 2273 695 2309 incolas
727 2287 858 2311 nomen
893 2274 975 2311 Pa-

319 2323 426 2362 Neris
456 2328 507 2373 (i.
538 2342 569 2365 c.
603 2342 717 2378 usque
751 2332 798 2367 ad
830 2331 974 2379 Nerin)

315 2381 521 2431 quibusque
540 2391 773 2434 separentur,
812 2388 872 2435 qui
904 2388 975 2424 Po-

315 2436 433 2474 Ioniae
463 2444 500 2475 et
523 2443 583 2488 qui
599 2440 818 2478 Litlnianiae
849 2442 973 2491 lingua

316 2497 474 2530 utantur.
533 2496 580 2532 Et
621 2496 713 2533 hanc
754 2503 887 2534 terram
925 2499 971 2535 ob

315 2549 447 2586 multos
469 2551 619 2598 fluvios,
651 2552 768 2600 lacus,
805 2566 973 2603 campos-

314 2617 387 2654 que
435 2605 563 2656 planos
611 2609 711 2656 genti
759 2610 972 2658 pastoritiae

314 2661 463 2698 multum
485 2665 678 2701 convenire
702 2665 815 2701 addit.

373 2735 544 2784 Νευρῶν
576 2731 618 2771 ὁὲ
648 2731 692 2773 τό
719 2731 817 2784 πρὸς
841 2735 969 2786 βορῆν

312 2785 477 2840 ἄνεμον]
516 2791 573 2828 Ad
602 2795 815 2828 structuram
840 2793 968 2828 verbo-

310 2857 387 2882 rum
429 2849 525 2884 cons.
564 2847 694 2884 Matth.
731 2848 796 2885 Gr.
831 2848 895 2884 Gr.
930 2846 967 2897 §.

642 534 766 589 Ἀτάρ
815 535 1018 592 διαβάντι
1067 535 1146 579 τόν
1193 534 1491 589 Βορυσθένεα,

377 606 601 661 θαλάσσης
639 609 817 659 πρῶτον
858 607 937 662 μὲν
975 605 1001 664 ἡ
1040 606 1198 662 Ὑλαίη.

408 694 469 721 νω
532 675 726 720 οἰκέουσι
784 676 965 720 Σκύθαι
1020 677 1227 733 γεωργοὶ,
1287 674 1393 727 τούς
1437 674 1642 732 “Έλληνες

1551 532 1638 578 ἆπὸ
1652 540 1695 574 85

1273 604 1358 648 ἀπὸ
1398 606 1443 648 δὲ
1481 604 1642 661 ταύτης

1036 811 1118 853 437
1139 816 1216 849 not.
1239 810 1276 850 4.
1316 810 1537 859 lVesseling.
1556 811 1697 847 confert

1036 869 1170 905 similes
1199 869 1296 905 locos
1316 868 1386 912 IV,
1415 870 1479 908 20.
1512 869 1573 906 19.
1605 866 1694 907 185.

1039 926 1131 964 191.
1190 924 1279 960 Mox
1308 936 1386 960 cum
1414 923 1619 971 Schweigh.
1656 935 1697 959 ac

1037 981 1155 1017 Gaisf.
1189 985 1225 1017 et
1261 980 1328 1016 hoc
1366 980 1446 1015 loco
1476 983 1512 1015 et
1543 991 1646 1028 seqq.
1675 991 1697 1015 e

1036 1036 1250 1074 Florentino
1271 1036 1422 1084 aliisque
1440 1035 1527 1072 dedi
1547 1034 1694 1084 ἐρῆμος

1035 1106 1102 1143 pro
1118 1093 1213 1142 vulg.
1238 1091 1401 1142 ἔρημος,
1432 1091 1534 1140 quod
1555 1092 1694 1128 retinu-

1035 1150 1107 1186 isse
1127 1150 1232 1186 video
1250 1148 1439 1185 Matthiae.
1470 1146 1519 1183 At
1541 1148 1695 1185 alterum

1036 1205 1184 1242 Ionibus
1217 1206 1334 1253 magis
1362 1204 1555 1241 convenire
1583 1208 1696 1240 testa-

1035 1266 1093 1298 tur
1115 1261 1499 1298 Buttmann.Gramm.
1521 1260 1604 1296 mai.
1623 1260 1635 1296 l
1657 1272 1694 1310 p.

1037 1317 1101 1358 55.
1148 1318 1205 1355 De
1234 1317 1390 1367 Hypani
1422 1317 1494 1353 vid.
1523 1320 1613 1352 nott.
1645 1317 1694 1352 ad

1038 1374 1098 1420 lV,
1118 1373 1194 1419 523
1226 1375 1272 1412 de
1291 1373 1509 1423 Borysthene
1528 1376 1621 1409 nott.
1647 1373 1695 1408 ad

1035 1430 1106 1477 lv,
1137 1430 1202 1470 53.

1222 1487 1337 1536 Cap.
1372 1484 1502 1521 XYlll.

1090 1538 1202 1594 Ἀτοέρ
1247 1537 1430 1592 διαβάντι
1464 1537 1535 1580 τόν
1569 1541 1695 1590 Βορυ-

1037 1597 1184 1637 σθένεα
1209 1614 1242 1636 κ.
1260 1614 1291 1636 τ.
1315 1598 1361 1647 t]
1405 1597 1500 1634 Hinc
1520 1608 1586 1633 sua
1606 1596 1696 1633 hau-

1036 1656 1127 1693 sisse
1146 1656 1288 1693 videtur
1306 1655 1424 1691 Anon.
1449 1652 1581 1703 Ptripl.
1610 1649 1647 1702 §.
1667 1653 1695 1693 3

1034 1711 1100 1757 (Τ.
1127 1712 1175 1748 ΙΙΙ
1205 1725 1240 1762 p.
1261 1713 1342 1752 209
1368 1710 1426 1748 ed.
1458 1710 1586 1757 Gail.).
1635 1708 1694 1747 De

1034 1768 1180 1818 Hylaea
1199 1769 1351 1804 diximus
1370 1766 1417 1803 ad
1440 1766 1502 1812 IV,
1524 1767 1560 1805 9.

1092 1822 1177 1862 ἅνω
1201 1823 1376 1863 οἰκέουσι
1388 1818 1551 1860 Σκύθαι
1570 1835 1692 1873 γεωρ-

1033 1880 1120 1933 γοί]
1181 1880 1394 1918 Palmariam
1441 1878 1691 1915 Valckenaerii

1034 1937 1329 1975 emendationem
1379 1931 1463 1973 ἅνω
1505 1947 1572 1984 pro
1623 1930 1691 1971 ἅν-

1034 1997 1195 2043 θρωποι
1217 1993 1335 2044 (quod
1356 2003 1482 2028 omnes
1503 1990 1583 2027 libri
1603 1990 1692 2026 scri-

1033 2051 1085 2101 pti
1105 2049 1137 2087 h.
1161 2049 1182 2086 l.
1213 2050 1391 2099 praebent
1423 2047 1599 2097 quodque
1626 2058 1693 2095 per

1032 2121 1287 2171 compendium
1303 2119 1411 2169 vulgo
1432 2119 1539 2158 scribi
1562 2116 1688 2170 [ὀῖνοι]

1033 2189 1141 2214 nemo
1182 2178 1322 2225 nescit)
1362 2177 1438 2214 iure
1476 2180 1690 2226 receperunt

1033 2233 1070 2269 in
1100 2238 1233 2270 textum
1258 2233 1394 2283 posteri
1424 2233 1581 2271 editores
1603 2244 1688 2281 pro-

1033 2289 1206 2338 bavitque
1234 2290 1333 2326 Bast.
1363 2289 1398 2325 in
1424 2289 1521 2325 Gail.
1547 2288 1685 2335 Geogr.

1032 2347 1142 2382 minn.
1167 2345 1213 2382 T.
1237 2346 1286 2382 lll
1313 2357 1399 2394 pag.
1421 2343 1503 2384 245
1535 2343 1687 2393 ipseque

1031 2401 1128 2437 Gail.
1151 2401 1197 2438 T.
1220 2401 1249 2437 ll
1267 2414 1302 2450 p.
1324 2402 1416 2441 399.
1459 2400 1555 2443 Quin
1576 2400 1687 2450 ipsius

1030 2457 1178 2506 Scymni
1198 2457 1299 2502 Chii,
1339 2456 1570 2493 Herodotum
1601 2468 1686 2505 pro-

1030 2512 1197 2549 babiliter
1225 2512 1459 2549 exscribentis
1485 2512 1682 2549 auctorita-

1029 2572 1064 2604 te
1102 2567 1170 2604 hoc
1215 2568 1360 2618 probari
1404 2568 1565 2614 videtur3
1611 2568 1684 2605 vid.

1027 2623 1208 2671 Fragmm.
1245 2637 1294 2660 vs.
1331 2626 1418 2664 107.
1478 2625 1576 2661 Hinc
1615 2623 1683 2661 loci

1027 2681 1209 2715 sententia
1244 2680 1377 2717 exsistit
1410 2680 1518 2718 haec:
1567 2681 1681 2727 „him

1026 2736 1165 2782 lougius
1194 2750 1216 2772 (ι
1252 2739 1344 2772 muri
1377 2739 1498 2773 remoti
1526 2736 1684 2786 Scythae

1025 2792 1188 2828 habitant
1226 2795 1419 2840 Georgi,·“
1476 2806 1557 2830 cum
1596 2789 1681 2831 ἅνω

1025 2847 1148 2886 οἰκεῖν
1174 2854 1285 2897 atque
1318 2849 1360 2888 οἷ
1387 2846 1472 2888 ἅνω
1503 2850 1681 2897 dicantur,

1702 397 1783 438 289
