1863 3256
419 202 502 241 530

390 315 411 347 3
424 306 608 363 Σπάρτῃ
655 311 899 363 βασιληΐην.

817 197 1285 238 HERODOTI

969 307 1249 363 αὐξηθέντων
1293 308 1337 350 δὲ
1381 310 1470 351 τῶν
1515 305 1684 363 ἀδελφι-

421 378 550 427 δέων,
592 380 665 421 καὶ
699 376 1046 433 παραλαβόντων
1084 377 1165 434 τήν
1206 376 1363 434 ἀρχὴν,
1407 377 1522 420 οὕτω
1563 376 1616 432 δή
1659 377 1740 421 645

425 448 571 504 Θήρας
601 450 747 492 δεινόν
775 447 1032 503 ποιεύμενος
1062 447 1272 504 ἄρχεσθαι
1299 445 1378 490 ὑπ’
1404 447 1566 497 ἄλλων,
1595 447 1686 491 ἐπεί

420 536 465 562 τε
495 519 700 574 ἐγεύσατο
731 516 884 573 ἀρχῆς,
914 517 998 561 οὐκ
1028 517 1111 574 ἔφη
1142 519 1288 574 μένειν
1321 519 1367 562 ἐν
1396 522 1449 574 τῇ
1478 519 1686 561 Λακεδαί-

388 599 541 645 4μονι,
572 587 664 630 ἀλλ’
697 588 1050 632 ἀποπλεύσεσθαι
1079 588 1122 640 ές
1149 588 1253 641 τοὺς
1281 589 1529 645 συγγενέας.
1573 584 1686 644 ἦσαν

421 660 466 703 ὁὲ
497 660 542 702 ἐν
571 661 625 714 τῇ
657 662 743 702 νῦν
777 658 899 717 Θήρῃ
929 659 1168 715 καλεομένῃ
1198 659 1339 718 νήσῳ,
1382 659 1600 715 πρότερον
1639 658 1684 701 δὲ

422 850 465 890 ἐν
485 852 535 905 τῇ
554 852 630 889 νῦν
654 845 769 904 Θήρῃ
806 850 1025 905 καλεομένῃ

366 902 492 960 νήσῳ,
504 903 700 959 πρότερον
713 906 756 946 δὲ
769 909 965 962 Καλλίστῃ
978 910 1028 962 τῇ

366 960 468 1017 αὐτῇ
487 960 627 1017 ταύτῃ]
658 964 715 1001 Τυ
738 964 783 1001 cf.
807 978 886 1002 cum
908 965 1028 1002 Hero-

366 1021 484 1057 doteis
506 1020 679 1057 Strabon.
701 1020 787 1056 VIII
809 1034 844 1070 p.
868 1022 949 1061 374
968 1021 1027 1067 B„

366 1090 394 1113 s.
414 1075 495 1116 534
515 1075 557 1113 A.
598 1076 701 1113 XVII
727 1090 765 1126 p.
785 1078 865 1118 837
890 1078 932 1116 B.
948 1104 959 1123 ‚
999 1090 1026 1113 s.

369 1132 476 1173 1194
503 1133 547 1170 B.
599 1132 767 1184 Apollon.
802 1133 924 1171 Rhod.
952 1133 976 1170 l.
1004 1134 1026 1170 1.

365 1189 522 1226 Pausan.
545 1188 633 1235 Vll,
656 1193 682 1231 2
704 1187 741 1239 ἓ.
762 1191 799 1229 2.
841 1189 1026 1228 Manncrt.

367 1246 508 1293 Geogr.
552 1245 639 1282 VIII
675 1258 763 1296 pag.
800 1248 882 1287 730
921 1259 1025 1296 seqq.

371 1302 489 1339 Thera
525 1301 663 1349 insula,
705 1303 914 1352 Sporadum
939 1315 1024 1350 una,

367 1359 609 1395 ducentorum
663 1359 776 1396 ferme
824 1360 1024 1396 stadiorum

365 1414 527 1461 ambitu,
569 1427 664 1451 nunc
695 1416 844 1464 cognita
879 1416 1025 1452 nomine

367 1470 553 1516 Santerin‚
567 1483 596 1507 s.
610 1470 668 1508 St.
684 1470 787 1508 Irene
808 1476 844 1509 et
863 1472 1028 1521 eruptio-

366 1539 413 1564 ne
445 1526 619 1564 Vulcania
655 1526 803 1578 Olymp.
839 1527 1027 1573 CXXXV,

366 1582 391 1621 4
415 1584 450 1618 ἰυ
475 1583 567 1619 duas
595 1583 713 1619 divisa
743 1588 891 1633 partes,
935 1583 1026 1620 The-

341 1660 343 1663 ·
363 1651 441 1675 ram
461 1643 499 1676 et
515 1638 727 1676 Therasiam
744 1640 833 1686 sive,
863 1644 906 1676 ut
929 1653 1026 1678 nunc

364 1702 518 1742 vocant,
560 1695 733 1733 Santerin
763 1700 802 1734 et
826 1697 1024 1746 Aspronisi.

365 1752 472 1796 Quae
490 1751 574 1788 olim
593 1752 833 1803 pulcherrima
846 1754 1026 1790 omnium-

365 1821 437 1858 que
456 1821 574 1845 rerum
596 1814 774 1859 proventu
796 1810 951 1848 maxime
971 1811 1026 1847 in-

363 1864 479 1912 signis
499 1865 610 1902 fuisse
640 1866 755 1902 fertur
778 1878 952 1914 aquarum
976 1867 1024 1903 ob

363 1921 506 1971 copiam
524 1926 559 1958 et
577 1922 741 1959 eximiam
761 1922 828 1959 soli
841 1923 1024 1972 virtutem,

363 1989 407 2014 ea
433 1989 529 2014 nunc
556 1977 716 2015 sontibus
747 1991 895 2028 prorsus
923 1984 1024 2017 caret

362 2045 572 2082 magnaque
605 2047 648 2071 ex
667 2039 773 2085 parte
797 2035 890 2073 iacet
910 2036 1026 2073 exsic-

361 2093 464 2134 cata,
506 2102 727 2139 quamquam
752 2091 951 2129 etiamnum
975 2092 1021 2129 ob

360 2144 556 2183 incolarum
581 2147 776 2185 sollertiam
796 2148 940 2185 Sericas
959 2161 1022 2186 ve-

361 2206 436 2240 stes
465 2203 733 2241 conficientium
763 2204 945 2254 simulque
973 2206 1023 2242 ob

361 2259 434 2294 vini
456 2260 709 2297 commercium
737 2259 832 2298 inter
859 2261 1021 2310 potiores

360 2312 473 2350 Maris
512 2313 650 2365 Aegaei
685 2316 818 2355 insulas
857 2317 1022 2355 habetur.

360 2369 440 2407 Nec
459 2371 597 2408 mireris
611 2400 621 2419 ,
652 2385 732 2409 eam
757 2373 842 2411 inde
862 2374 1022 2423 antiqui-

358 2428 417 2462 tus
464 2431 631 2464 vocatam
680 2429 790 2466 fuisse
833 2429 1020 2477 Callis-ten,

356 2494 437 2519 cum
457 2481 689 2520 laetissimam
710 2485 882 2534 speciem,
908 2498 1017 2535 quam

356 2550 404 2575 ne
434 2550 531 2576 nunc
568 2540 715 2588 quidem
747 2554 895 2590 prorsus
932 2555 1020 2579 cva-

354 2593 477 2632 nuisse
495 2600 665 2642 narrant,
698 2597 892 2646 praeberet
912 2599 1015 2646 regio

353 2650 484 2698 sylvis,
534 2652 715 2698 fontibus,
758 2653 880 2690 rivulis
920 2654 1013 2691 bene

351 2706 543 2754 distincta;
594 2720 816 2758 quamquam
853 2709 1013 2747 Punicae

348 2761 513 2801 coioniae
546 2764 722 2802 Punicum
761 2778 910 2814 quoque
944 2779 1012 2803 no-

346 2831 429 2856 men
453 2822 736 2871 exspectandum
757 2822 870 2860 fuisse
885 2827 1011 2860 censet

1084 854 1131 890 C.
1151 853 1198 890 O.
1229 852 1371 891 Miiiler.
1402 849 1623 890 Orchomen.
1653 865 1737 903 pag.

1084 910 1167 949 325
1185 909 1263 945 coll.
1285 912 1366 948 322
1384 922 1486 958 seqq.
1500 938 1512 954 ,
1542 910 1602 946 ubi
1622 910 1668 946 de
1687 911 1742 946 in-

1085 964 1185 1002 sulae
1206 966 1278 1002 situ
1301 966 1459 1014 satisque
1483 966 1652 1011 disserit3
1693 966 1742 1002 de

1085 1034 1158 1070 quo
1195 1022 1324 1058 eodem
1362 1025 1578 1070 argumento
1615 1023 1741 1059 conse-

1085 1082 1211 1114 rantur
1231 1079 1471 1115 recentiorum
1491 1078 1744 1128 peregrinato-

1083 1147 1160 1170 rum
1208 1135 1414 1172 tcstimonia
1461 1135 1561 1184 apud
1603 1134 1637 1171 T
1641 1133 1744 1183 hrige

1082 1190 1180 1226 Hist.
1203 1191 1336 1239 Cyren.
1367 1203 1452 1241 pag.
1482 1192 1549 1231 36.
1601 1190 1742 1235 Quibus

1086 1246 1150 1283 Cr.
1171 1246 1260 1284 haec
1279 1248 1492 1297 adscripsit:
1553 1246 1743 1294 „Kanizta

1082 1302 1323 1340 Phoenicibus
1360 1304 1457 1341 idem
1493 1304 1594 1352 quod
1628 1299 1741 1354 θήρα

1082 1362 1238 1396 venatus.
1289 1359 1388 1397 Iliam
1417 1364 1540 1397 autem
1572 1372 1697 1398 vocem
1717 1372 1740 1397 a

1084 1415 1235 1453 Graecis
1254 1416 1292 1452 in
1313 1416 1511 1465 Καλλίστη
1532 1421 1738 1467 corruptam

1083 1485 1164 1509 esse
1184 1473 1320 1509 iudicat
1337 1473 1524 1510 Hamaker
1555 1474 1590 1509 in
1612 1472 1741 1511 Lettre

1081 1529 1104 1564 a
1124 1528 1194 1564 Ms.
1221 1528 1557 1566 RaouI-Rochette
1585 1541 1644 1565 sur
1670 1542 1741 1566 une

1082 1585 1252 1634 Inscript.
1285 1598 1330 1621 en
1360 1585 1516 1621 charact.
1535 1585 1683 1623 Phenic.
1705 1589 1743 1622 et

1083 1640 1223 1690 Grecq.
1243 1640 1349 1678 Leid.
1377 1642 1525 1682 1825ss
1542 1662 1598 1670 -
1637 1642 1742 1685 Quae

1083 1710 1166 1734 mox
1214 1698 1401 1734 subiicitur
1448 1698 1498 1735 ab>
1546 1698 1742 1735 Herodoto

1083 1758 1287 1804 temporum
1304 1755 1532 1805 supputatio,
1550 1767 1630 1797 eam
1642 1754 1741 1792 omni

1081 1823 1204 1847 carere
1244 1811 1340 1847 iusto
1378 1811 1617 1849 fundamento
1654 1823 1741 1861 pro-

1080 1867 1225 1903 nuntiat
1246 1867 1345 1904 idem
1357 1867 1498 1905 Miiller.
1522 1867 1544 1904 I.
1561 1867 1598 1913 1.‚
1622 1879 1740 1916 quon-

1080 1923 1152 1960 iam
1179 1924 1275 1961 sacta
1293 1924 1341 1961 sit
1366 1924 1564 1962 secundum
1587 1923 1738 1961 Theba-

1079 1992 1208 2016 norum
1255 1992 1382 2029 regum
1423 1980 1578 2018 indicem
1621 1993 1739 2030 eoque

1078 2036 1173 2073 falso
1185 2036 1360 2074 innitatur
1373 2037 1626 2086 fundamento,
1639 2036 1739 2086 quod

1079 2092 1261 2130 Theraica
1289 2093 1431 2130 colonia
1469 2106 1585 2143 aeque
1625 2098 1739 2142 atque

1078 2148 1171 2187 aliae
1203 2149 1421 2187 Phoenicum
1453 2162 1521 2200 per
1544 2150 1738 2188 Graeciam

1077 2205 1241 2243 coloniae
1267 2207 1315 2242 ad
1335 2206 1519 2243 Cadmum
1544 2217 1737 2257 perperam

1078 2262 1256 2300 reseratur
1285 2267 1489 2309 auctorem,
1521 2275 1602 2299 cum
1619 2261 1737 2298 omnis

1078 2317 1136 2355 illa
1169 2319 1216 2356 de
1246 2319 1389 2356 Cadmo
1422 2318 1581 2355 narratio
1607 2318 1657 2354 ad
1681 2317 1737 2354 hi-

1078 2375 1225 2412 storiam
1260 2375 1406 2412 minime
1436 2374 1641 2425 pertineat,
1681 2374 1737 2410 id·

1076 2443 1148 2479 que
1169 2444 1278 2467 unum
1298 2436 1434 2467 certum
1455 2431 1568 2467 videri
1589 2430 1736 2476 debeat,

1074 2487 1269 2523 Homerica
1290 2487 1464 2536 imprimis
1484 2491 1606 2525 aetate
1616 2486 1737 2524 Phoe-

1073 2543 1170 2580 nices
1198 2543 1235 2579 in
1257 2543 1473 2591 quibusdam
1495 2542 1635 2592 Aegaei
1656 2554 1735 2580 ma-

1073 2598 1123 2635 ris
1172 2598 1298 2635 insulis
1343 2600 1578 2646 consedisse;
1614 2610 1734 2648 eoque

1072 2655 1183 2692 etiam
1220 2656 1450 2693 referendam
1489 2656 1604 2694 videri
1635 2654 1734 2692 colo-

1069 2712 1167 2747 niam
1188 2710 1393 2748 Membliari
1410 2740 1421 2758 ‚
1450 2724 1546 2762 quae
1564 2712 1632 2750 hoc
1652 2712 1731 2748 Ioco

1069 2773 1384 2805 commemoretur.
1417 2768 1525 2812 Quae
1541 2768 1622 2819 ipsa
1633 2768 1731 2805 omni

1069 2824 1333 2872 fundamento,
1371 2838 1445 2874 quo
1470 2825 1647 2862 destituta
1677 2824 1732 2861 vi-
