1863 3256
377 251 453 289 AD
503 247 842 288 HERODOT.
874 247 944 295 ΙΙΙ,
982 250 1058 289 119
1088 249 1397 299 c011.1x‘,129.
1567 257 1651 296 657

134 379 176 403 cx
196 366 312 403 altero
330 377 404 402 non
428 364 556 415 possit.
613 362 717 400 Bene
747 362 843 398 enim
868 360 1019 399 Wexius
1048 361 1085 397 in
1108 359 1314 410 Prolegom.
1337 364 1406 411 lv,
1438 369 1493 407 22
1522 371 1596 404 not,
1623 371 1649 408 2

132 432 235 483 (T.1
265 446 302 484 p.
325 434 422 481 73):
480 432 604 482 „quid
639 431 813 477 tandem,
851 430 990 479 inquit,
1028 432 1107 476 est,
1151 440 1216 464 cur
1246 429 1350 465 dicat·
1375 425 1447 469 ἀπ’
1492 430 1649 473 ἄλλον

134 497 293 550 φωτός,
327 512 458 549 quum,
489 501 518 537 si
538 500 631 536 filius
656 498 860 546 inter15set,
888 511 962 535 non
984 509 1136 534 necesse
1160 498 1265 542 erat,
1301 500 1343 532 ut
1372 503 1409 533 et
1433 500 1560 537 coniux
1587 502 1649 539 de-

134 573 297 606 mortuus
317 573 435 616 esset,
472 569 583 605 immo
604 570 751 618 poterat
775 578 819 603 ex
843 566 975 604 eodem
1001 564 1134 603 marito
1165 561 1256 600 alios
1282 561 1415 600 liberos
1439 567 1650 617 suscipere?

133 638 291 674 Causam
315 636 409 673 hanc
430 648 510 673 esse
528 636 774 685 suspicamur,
813 634 898 683 quia
918 633 1093 684 Sophocli
1118 630 1212 668 illius
1234 630 1391 669 feminae
1413 632 1651 674 Herodoteae

134 705 338 755 exemplum
368 704 603 741 obversatum
633 706 710 746 est,
751 702 809 739 cui
838 703 868 738 si
898 703 1048 739 fratrem
1080 699 1303 750 praeferret,
1347 711 1423 736 non
1456 699 1570 737 solum
1605 704 1652 741 de

131 770 348 819 liberorum,
391 771 457 807 sed
480 769 585 806 simul
604 770 652 808 de
679 769 844 818 coniugis
876 769 1016 806 iactura
1046 767 1322 818 periclitandum
1355 767 1483 804 erat.“
1541 767 1653 807 Prae-

132 844 233 876 terea
261 839 355 876 adeo
380 837 467 875 illud
491 842 618 886 argute
645 837 780 874 dictum
807 840 866 875 est
893 841 1043 886 tamque
1067 836 1178 884 longe
1206 847 1228 871 a
1256 834 1438 871 communi
1468 835 1652 873 hominum

131 918 240 945 sensu
267 907 441 944 recedere
465 905 635 952 videtur,
679 909 720 942 ut
747 906 839 942 duos
867 905 905 942 in
932 905 1028 942 idem
1053 917 1120 954 pro
1142 916 1181 940 se
1202 915 1385 951 quemque
1405 903 1576 941 incidisse
1596 905 1654 941 vix

132 962 285 1023 cogitari
303 975 430 1025 possit.
489 973 720 1011 Exstiterunt
741 985 849 1020 sane,
888 976 931 1009 ut
951 985 983 1009 v.
1003 986 1033 1009 c.
1056 970 1232 1020 Solgerus
1265 970 1327 1018 (cf.
1353 969 1655 1019 Nachgelassenc

132 1043 314 1081 Schriften
343 1043 419 1080 und
446 1040 723 1089 Briefwechsel‚
765 1041 984 1089 herausgeg.
1014 1053 1046 1076 v.
1066 1038 1111 1077 L.
1138 1038 1258 1076 Tieck
1287 1051 1323 1075 u.
1346 1038 1408 1074 Fr.
1426 1051 1459 1075 v.
1479 1039 1654 1088 Raumer,

135 1112 243 1152 1826
265 1111 311 1148 T.
330 1111 343 1147 l
365 1125 402 1162 p.
424 1112 569 1150 162-
585 1110 706 1157 166),
739 1109 801 1158 qui
824 1109 938 1146 multo
956 1109 1128 1145 maiorem
1146 1107 1245 1157 apud
1263 1110 1405 1144 veteres
1425 1107 1577 1144 fratrum
1594 1120 1654 1144 so-

132 1191 328 1228 rorumque
349 1191 457 1228 quam
479 1178 675 1226 coniugum
695 1177 864 1226 adeoque
881 1176 1076 1214 liberorum
1101 1175 1411 1212 necessitudinem
1431 1175 1544 1213 fuisse
1566 1189 1653 1213 con-

131 1247 346 1293 tenderent3
368 1247 508 1297 optime
519 1250 643 1283 tamen
663 1245 745 1283 mea
758 1245 904 1294 quidem
925 1243 1107 1282 sententia
1119 1242 1464 1280 God.Hermannus
1484 1243 1520 1280 in
1534 1243 1653 1281 Praef.

133 1315 223 1352 edit.
244 1318 330 1354 tert.
351 1313 499 1363 Antig.:
531 1327 652 1361 „nam
671 1318 708 1351 et
722 1312 949 1362 Antigonae,
978 1313 1118 1362 inquit,
1149 1310 1207 1347 illa
1225 1314 1262 1348 et
1280 1310 1511 1360 Intaphernis
1532 1311 1653 1349 uxoris

133 1383 336 1433 disputatio
359 1382 449 1431 quid
479 1382 578 1419 aliud
601 1393 710 1430 quam
732 1382 840 1419 etiam
857 1381 1038 1419 veteribus
1065 1380 1102 1416 id
1127 1378 1255 1415 mirum
1280 1390 1324 1414 ac
1357 1391 1476 1427 paene
1509 1379 1654 1417 inaudi-

131 1453 207 1487 tum
225 1450 341 1487 visum
362 1461 444 1486 csse
463 1449 650 1497 ostendit,
681 1449 710 1486 si
729 1448 859 1486 mulier
879 1449 1010 1486 marito
1033 1447 1190 1496 filiisque
1207 1446 1390 1496 potiorem
1410 1445 1562 1484 haberet
1580 1448 1654 1484 fra-

131 1515 288 1556 trem2“
344 1516 476 1565 Longe
500 1529 603 1554 secus
623 1520 682 1554 est
706 1516 744 1553 in
762 1517 906 1554 duobus
929 1517 1008 1554 aliis
1031 1516 1142 1563 locis,
1181 1514 1313 1564 quibus
1332 1513 1518 1551 Herodoti
1541 1513 1653 1550 libros

133 1584 327 1636 Sophoclis
357 1585 480 1622 animo
499 1585 716 1622 obversatos
737 1597 818 1623 esse
837 1584 947 1634 vulgo
968 1586 1183 1636 opinantur,
1223 1582 1357 1632 Oedip.
1382 1580 1467 1629 Tyr.
1489 1593 1523 1617 v.
1546 1581 1654 1624 1528

133 1673 181 1681 —
213 1653 343 1695 1530:

353 1723 447 1762 ὥστε
469 1726 615 1772 θνητὸν
639 1724 722 1762 ὅντ’
749 1725 889 1773 ἐκείνην
913 1726 983 1772 τὴν
1007 1727 1221 1762 τελευταίαν
1248 1726 1341 1760 ἰδεῖν

350 1782 495 1829 ἡμέραν
518 1783 814 1829 ἐπισκοποῦντα,
838 1784 974 1829 μηδέν’
1000 1782 1156 1830 ὀλβίζειν
1180 1783 1267 1828 πρὶν
1293 1778 1339 1816 ἂν

352 1840 468 1887 τέρμα
492 1844 559 1877 τοῦ
585 1843 671 1888 βίου
696 1842 839 1890 περάσῃ
862 1840 979 1888 μηδὲν
1004 1840 1176 1887 ἀλγεινὸν
1199 1839 1357 1876 παθώνε

136 1920 173 1953 et
187 1915 322 1967 Oedip.
342 1912 471 1953 Colon.
495 1929 529 1954 v.
553 1918 659 1957 337:

353 1984 385 2025 ὦ
407 1988 525 2025 πάντ’
550 1987 676 2026 ἐκείνω
700 1994 780 2032 τοῖς
803 1990 842 2027 ἐν
865 1990 1036 2038 Αἰγύπτῳ
1060 1989 1190 2035 νόμοις

356 2045 470 2092 φύσιν
494 2047 780 2085 κατεικασθέντε
803 2050 867 2085 καὶ
891 2051 977 2096 βίου
1000 2047 1146 2095 τροφάς
1170 2061 1202 2083 κ.
1226 2061 1258 2083 τ.
1284 2050 1334 2090 7..,

135 2143 289 2181 qnorum
308 2130 462 2169 alterum
490 2145 564 2169 non
592 2133 757 2183 intelligo
778 2148 842 2173 cur
867 2136 985 2173 minus
1013 2134 1161 2171 aliunde
1185 2144 1293 2182 quam
1323 2143 1367 2169 ex
1388 2129 1580 2169 Herodoto
1604 2133 1652 2181 Π,

137 2200 192 2241 35
223 2203 390 2250 repetere
419 2202 530 2250 poeta
559 2202 741 2252 potuerit,
782 2203 851 2240 nisi
879 2204 916 2240 in
948 2206 1052 2240 tanto
1087 2200 1302 2239 commercio
1335 2212 1402 2250 per
1423 2200 1653 2237 Herodotum

133 2267 289 2318 primum
304 2267 571 2318 Aegyptiorum
592 2282 714 2307 mores
732 2270 882 2309 Graecis
909 2270 1113 2308 innotuisse
1136 2273 1365 2313 statnamus3
1405 2266 1558 2305 alterum
1588 2280 1653 2305 au-

133 2338 209 2373 tem
227 2335 321 2373 adeo
342 2340 628 2375 consentaneum
649 2342 704 2375 est
724 2339 823 2377 vitae
843 2339 1022 2376 humanae
1042 2337 1268 2382 rationibus,
1296 2340 1336 2372 ut
1355 2336 1488 2373 multos
1508 2335 1595 2372 illud
1615 2339 1652 2373 et

135 2406 223 2441 ante
241 2403 417 2441 Solonem
437 2408 473 2442 et
491 2405 570 2443 sine
589 2419 634 2444 8ο
652 2406 874 2445 intellexisse
889 2407 1052 2444 arbitrer.
1112 2406 1341 2454 Quamquam
1367 2403 1515 2440 minime
1533 2416 1650 2452 nega-

136 2471 269 2517 verim,
299 2470 443 2509 Solonis
464 2473 691 2524 potissimum
714 2474 826 2525 opera
855 2476 988 2512 sactum
1018 2486 1120 2520 esse,
1160 2476 1203 2510 ut
1225 2471 1325 2509 velut
1353 2471 1390 2508 in
1418 2471 1650 2521 proverbium

137 2538 256 2575 abiret
282 2541 522 2591 certatimque
546 2541 681 2580 deinde
710 2555 733 2579 a
759 2542 878 2593 poiitis
906 2546 1164 2593 usurparetur3
1201 2545 1240 2578 at
1260 2539 1348 2576 illud
1366 2540 1482 2589 ipsum
1505 2538 1650 2575 Solonis

138 2619 219 2644 cum
238 2606 378 2645 Croeso
401 2608 619 2659 colloquium
632 2639 643 2658 ,
673 2610 773 2660 quod
794 2614 833 2647 ut
853 2623 875 2648 a
894 2610 1078 2648 Grauerto
1106 2609 1174 2658 (de
1192 2608 1341 2658 Aesopo
1367 2610 1404 2643 et
1428 2605 1557 2642 sabulis
1574 2604 1648 2642 Ae-

139 2674 252 2725 sopiis
272 2687 308 2724 p·
328 2672 383 2715 44
400 2677 524 2726 seqq.)
552 2690 671 2729 nuper
696 2679 734 2715 in
755 2678 1018 2716 dubitationem
1039 2680 1245 2715 revocatum
1266 2678 1343 2719 est,
1382 2673 1434 2708 ita
1455 2685 1476 2709 a
1498 2671 1652 2710 Voeme-

139 2741 187 2779 lio
205 2746 332 2779 nostro
358 2743 573 2793 propediem
601 2747 771 2784 victriciis
801 2747 1024 2795 argumentis
1057 2744 1294 2788 defendetur,
1333 2739 1402 2776 alia
1426 2751 1572 2788 quoqne
1593 2740 1652 2775 via

139 2813 287 2860 praeter
304 2804 485 2848 Herodoti
505 2814 749 2852 narrationem
768 2814 804 2862 Ι,
828 2816 882 2853 32
913 2814 962 2850 ad
981 2810 1173 2862 Sophoclis
1192 2809 1356 2845 notitiam
1373 2807 1565 2857 pervenire
1584 2818 1652 2856 po-

140 2877 220 2915 tuit.
278 2877 383 2916 Haec
409 2881 533 2915 tamen
562 2883 643 2917 utut
670 2881 764 2928 sint,
804 2880 852 2918 ad
882 2883 1043 2916 nostram
1074 2875 1325 2926 quaestionem
1353 2874 1472 2911 minus
1500 2873 1651 2921 faciunt,

226 2944 439 2982 Hnnono'r.
471 2944 517 2982 ΙΙ.
1335 2941 1413 2998 42μ
