1863 3256
123 559 310 586 Graecorum
326 558 399 584 Pnu—
492 577 508 584 ,.
609 571 620 585 r
768 576 784 583 ,
937 571 946 583 ,
1147 572 1155 585 ,
1357 571 1368 586 ‹-
1473 573 1482 586 Ι
1635 573 1645 586 3
1714 575 1727 589 e

122 593 400 631 unorum-namna
459 589 534 628 της
561 588 704 628 χωρης
732 588 808 628 της
837 576 1084 625 κατυπερθε
1111 576 1287 627 λεγουσι
1308 588 1318 599 ·
1363 577 1574 629 Ελληνων
1605 575 1651 616 δε
1683 590 1725 617 οι

122 627 176 687 {ilfa
180 626 262 686 afligi:
266 635 283 652 n
287 634 312 686 ξΙ
317 625 347 685 est
350 633 401 685 gii:

124 693 182 720 lem
211 695 240 720 in
269 701 305 720 ca
324 693 400 726 loca,

125 728 268 761 oenone
308 726 400 752 inter·
457 713 533 765 τὰς
555 712 792 768 Γηρυόνεω
822 715 952 768 βοῦς,
985 713 1219 758 ἀπικέσθαι
1249 715 1293 766 ἐς
1319 718 1405 771 γῆν
1433 714 1601 770 ταύτην
1628 715 1725 758 ἐοῦ-
1743 723 1783 755 10

454 181 538 221 286
852 180 1323 219 HERODOTI

454 288 617 344 μένων·
670 293 843 343 πτερῶν
882 289 967 344 γάρ
1018 290 1092 332 καὶ
1131 290 1209 346 τήν
1256 293 1340 345 γῆν
1378 289 1452 331 καὶ
1492 288 1570 333 τὸν
1609 287 1749 344 ἠέρα5

455 358 567 403 εἶναι
606 359 762 410 πλέον,
799 361 874 403 καὶ
914 364 1050 403 ταῦτα
1092 358 1206 404 εἶναι
1234 359 1286 403 τοὶ
1320 358 1616 416 ἅποκληΐοντα
1644 359 1724 416 τὴν

455 430 570 480 ὄψιν.

570 500 747 544 Σκύθαι
787 501 866 555 μὲν
906 496 989 544 ὦδε
1027 501 1135 555 ὑπὲρ
1177 502 1324 556 σφέων
1359 518 1404 545 τε
1445 499 1612 554 αὐτῶν,
1652 503 1727 545 καὶ

430 643 544 686 Ξτόν
574 641 749 685 Πόντον
780 642 1015 693 οἰκέοντες,
1055 637 1150 686 ὧδε.
1203 641 1442 697 Ἡρακλέα,
1484 642 1727 686 ἐλαύνοντα

404 900 469 939 31.
501 897 636 946 Attigit
656 911 805 948 quoque
824 897 946 934 wahl.
968 898 1064 934 Erd-

405 954 605 992 beschreib.
622 967 655 991 v.
668 956 818 992 Ostind.
840 968 875 1004 p.
892 954 973 996 495
987 959 1062 991 not.

613 1046 721 1095 Cap.
753 1045 849 1082 vlu.

461 1123 502 1163 οἱ
537 1120 607 1162 τόν
649 1119 810 1163 Πόντον
852 1123 1065 1174 οἰκέοντες]

407 1180 561 1218 Pontum
587 1179 775 1220 Euxinum
809 1182 866 1219 hic
901 1182 1066 1231 intelligi,

405 1238 544 1275 monitu
570 1239 629 1275 vix
664 1252 767 1288 opus.
826 1238 942 1276 Paulo
984 1244 1068 1276 ante

406 1290 539 1333 αὐτῶν
593 1295 719 1345 scripsi
771 1309 844 1347 pro,
899 1290 1066 1342 αὐτέων,

406 1351 658 1389 Gaisfordium
699 1364 741 1389 ac
781 1351 962 1390 Matthiae
1009 1365 1067 1389 se-

407 1412 525 1445 cutus.

462 1462 653 1515 Ἡρακλέα
673 1461 890 1503 ἐλαύνοντα
910 1460 981 1510 τὰς
993 1467 1069 1514 Γη-

409 1517 559 1571 ρυόνεω
589 1519 709 1571 βοῦς]
765 1523 873 1572 Apud
912 1521 1068 1571 Dionys.

373 1584 376 1588 “
408 1577 590 1626 Perieget.
612 1579 693 1618 561
722 1579 840 1615 forma
865 1582 983 1616 exstat
1005 1591 1071 1626 ge-

408 1634 512 1671 nitivi
543 1630 769 1684 Γηρυόνος,
809 1635 870 1672 ubi
905 1634 963 1671 alii
993 1636 1070 1684 Γη-

411 1686 558 1741 ρύονος
585 1690 707 1740 (quod
729 1692 863 1742 probat
882 1690 1072 1728 Elmsieius

410 1748 459 1784 ad
502 1745 691 1797 Aristoph.
733 1747 888 1785 Acharn.
931 1744 1072 1794 1082),

410 1803 469 1840 alii
493 1799 719 1853 Γηρυόνουε
751 1817 861 1853 quam
880 1804 1071 1841 formatio-

411 1873 495 1898 nem
516 1859 644 1898 Atticis
664 1874 744 1898 cum
766 1861 901 1898 labenti
919 1860 1072 1897 Graeci-

410 1922 490 1955 tate
509 1930 735 1955 communem
761 1918 873 1954 fuisse
902 1918 1073 1967 opinatur

411 1974 627 2023 Bernhardy
644 1975 691 2011 ad
712 1974 878 2022 Dionysii
902 1973 924 2010 l.
944 1973 966 2010 l.
985 1985 1071 2023 pag.

413 2032 508 2072 679.
564 2030 603 2067 ln
633 2031 849 2068 Herodoteo
879 2030 958 2067 loco
990 2030 1071 2066 libri

414 2087 537 2137 scripti
561 2099 635 2123 non
653 2088 840 2124 fluctuant.
872 2086 925 2124 Ac
940 2085 1073 2136 triplex

412 2143 569 2180 nominis
606 2144 789 2180 invenitur
819 2143 954 2180 forma:
995 2144 1072 2191 Γη-

414 2195 544 2250 ρυών,
597 2196 809 2250 Γηρυόνης
850 2204 889 2238 et
919 2201 1073 2249 Γηρυο-

413 2251 526 2302 νεύς,
566 2260 738 2294 monente
769 2256 990 2294 Tzschucke
1025 2255 1072 2292 ad

411 2311 499 2349 Mel.
532 2312 603 2358 111,
638 2315 662 2354 6
692 2318 785 2349 nott.
821 2326 950 2362 exegg.
985 2324 1071 2362 pag.

415 2370 508 2409 182.
523 2390 574 2395 —
587 2369 770 2406 Observat
780 2368 982 2407 Larcherus
1004 2365 1073 2413 τοὶς

414 2424 513 2475 βοῦς
533 2438 606 2461 non
626 2437 753 2461 vaccas
783 2426 852 2462 dici
877 2426 942 2462 sed
962 2424 1072 2469 boves,

417 2481 492 2518 sive
511 2482 609 2517 boum
624 2494 788 2529 gmgenu
819 2481 898 2518 coll.
918 2480 1075 2530 Etymol.

419 2550 540 2586 magn.
570 2550 653 2587 pag.
678 2539 759 2578 473
790 2537 850 2573 lin.
872 2536 938 2577 34.
998 2535 1078 2573 Nec

419 2593 524 2632 aliter
543 2594 672 2631 eadem
696 2594 732 2629 in
757 2607 794 2630 re
815 2593 973 2642 loquitur
992 2592 1079 2628 Phi-

419 2650 558 2688 lostrat.
599 2651 635 2686 in
670 2650 833 2687 Heroicc.
873 2661 957 2699 pag.
1000 2650 1078 2688 108

421 2707 600 2743 Boisson..
650 2706 712 2744 Tu
734 2707 806 2742 vid.
835 2706 995 2743 Fischer.
1029 2706 1078 2741 ad

423 2763 572 2801 Weller.
592 2763 606 2799 Ι
623 2775 709 2813 pag.
734 2764 826 2803 369.
846 2764 940 2803 370·
982 2762 1079 2799 infra

423 2820 579 2858 eundem
609 2819 646 2857 in
673 2819 820 2857 modum
844 2818 982 2857 Noster
1009 2815 1079 2865 τοὶς

1120 898 1281 944 ἵππους.
1312 899 1351 935 In
1371 912 1452 949 sqq.
1472 900 1592 937 verbis
1617 897 1669 948 ἤν
1694 915 1782 939 τινα

1122 957 1200 993 νῦν
1228 951 1387 994 Σκύθαι
1410 955 1616 1005 νέμονται,
1647 971 1784 1007 prono-

1122 1025 1206 1049 men
1229 1008 1336 1057 ὅστις
1357 1025 1424 1062 pro
1447 1012 1598 1063 simplici
1619 1009 1662 1060 ὅς
1682 1014 1784 1064 poni,

1122 1074 1163 1106 ut
1193 1069 1264 1116 lv,
1299 1070 1365 1109 41.
1400 1068 1476 1115 45,
1534 1069 1619 1106 alibi
1660 1075 1784 1107 monet

1127 1126 1261 1163 Struve
1300 1126 1409 1176 Spec.
1438 1125 1590 1168 Quaest.
1622 1127 1669 1164 de
1700 1125 1783 1163 dial.

1124 1182 1268 1219 Herod.
1300 1182 1314 1219 l
1344 1195 1380 1232 p.
1404 1183 1440 1221 6.
1483 1181 1542 1219 De
1561 1183 1642 1232 ipsa
1661 1181 1785 1220 fabula

1123 1238 1286 1288 pluribus
1334 1250 1519 1289 exponere
1562 1239 1719 1276 alienum
1762 1250 1785 1275 a

1123 1300 1249 1332 nostro
1272 1296 1449 1332 instituto.
1483 1295 1584 1332 Fecit
1604 1296 1686 1344 hoc,
1707 1307 1786 1332 mo-

1123 1356 1237 1389 nente
1250 1352 1280 1389 C
1290 1365 1331 1399 r.,
1363 1352 1495 1400 Heyne
1513 1352 1560 1388 ad
1571 1351 1784 1402 Apollodor.

1124 1409 1170 1454 Π,
1196 1408 1234 1455 5,
1266 1411 1316 1449 10
1345 1421 1431 1458 pag.
1464 1408 1563 1455 159,
1595 1409 1652 1445 cui
1676 1409 1782 1445 adiic.

1125 1465 1341 1503 Tzschucke
1360 1464 1381 1501 Ι.
1399 1464 1422 1501 Ι.
1456 1465 1650 1514 ipsumque
1670 1466 1786 1502 Creu-

1126 1535 1198 1559 zer.
1212 1523 1248 1558 in
1261 1521 1425 1570 symbol.
1438 1520 1469 1556 ll
1486 1534 1521 1571 p.
1535 1522 1616 1563 250
1635 1534 1689 1570 sq.
1703 1519 1786 1562 434

1126 1592 1181 1627 sq.
1207 1578 1269 1623 lv,
1296 1581 1364 1619 91.
1385 1579 1451 1618 93.
1485 1577 1715 1615 Add.Sturz.
1737 1577 1786 1614 ad

1129 1634 1325 1671 Heilanicc.
1345 1635 1511 1682 fragmm.
1529 1648 1563 1684 p.
1577 1637 1632 1674 20
1653 1647 1708 1684 sq.
1727 1634 1786 1671 ed.

1129 1703 1201 1728 sec.
1214 1713 1267 1718 —
1278 1691 1384 1734 Quae
1401 1692 1573 1728 continuo
1590 1691 1788 1728 subiiciun-

1128 1752 1187 1784 tur
1222 1748 1269 1784 de
1299 1748 1482 1796 Geryonis
1522 1748 1695 1793 sedibus,
1746 1746 1788 1783 iis

1129 1804 1310 1840 contraria
1338 1803 1422 1840 olim
1447 1804 1650 1842 tradiderat
1666 1803 1790 1840 Heca-

1129 1865 1254 1906 taeus,
1285 1865 1381 1897 teste
1391 1859 1543 1897 Arriano
1563 1862 1599 1897 in
1617 1860 1788 1910 Expedit.

1129 1917 1323 1953 Alexandr.
1356 1916 1400 1962 ΙΙ,
1433 1918 1484 1956 16
1517 1917 1581 1964 (cf.
1613 1915 1789 1954 Creuzeri

1128 1973 1325 2010 Historicc.
1346 1974 1537 2022 antiquiss.
1559 1974 1724 2022 sragmm.
1751 1984 1789 2022 p.

1130 2028 1183 2069 50
1204 2030 1322 2078 seq.),
1369 2029 1579 2078 Geryonem
1612 2040 1790 2078 regnasse

1130 2086 1290 2123 scribens
1302 2086 1396 2123 circa
1406 2085 1634 2123 Ambraciam
1651 2093 1690 2123 et
1701 2084 1789 2122 Am-

1130 2142 1364 2193 philochiam‚
1399 2143 1498 2180 unde
1521 2147 1688 2181 armenta
1705 2141 1792 2189 My-

1131 2211 1238 2236 cenas
1269 2199 1414 2236 duxerit
1436 2198 1626 2236 Hercules.
1669 2198 1788 2242 Quam

1130 2255 1338 2305 opinionem
1367 2255 1414 2293 de
1436 2255 1617 2303 Geryonis
1645 2264 1790 2291 armen-

1131 2312 1178 2348 tis
1206 2325 1251 2348 ex
1278 2312 1481 2348 Acarnania
1511 2311 1649 2348 abactis
1678 2309 1791 2346 stabi-

1131 2367 1195 2404 lire
1217 2366 1533 2404 studetAristotel.
1560 2366 1618 2404 De
1637 2365 1789 2403 mirabb.

1133 2424 1334 2460 auscultatt.
1356 2436 1437 2473 cap.
1461 2424 1539 2464 145
1569 2436 1604 2473 p.
1627 2423 1710 2464 295
1730 2421 1790 2459 ed·

1133 2480 1378 2525 Beckmann.,
1400 2479 1461 2516 ubi
1481 2480 1646 2516 diversae
1664 2490 1792 2515 recen-

1134 2537 1263 2572 tiorum
1284 2550 1327 2573 ea
1356 2536 1403 2573 de
1435 2548 1474 2572 re
1491 2536 1679 2585 opiniones
1702 2546 1791 2572 enu-

1135 2598 1331 2629 merantur.
1380 2591 1476 2628 Add.
1507 2592 1646 2641 Scylac.
1674 2589 1712 2642 ἓ.
1737 2592 1791 2631 26

1136 2649 1223 2697 ibiq.
1250 2649 1293 2685 ls.
1312 2648 1414 2685 Voss.
1443 2649 1543 2695 (vol.
1565 2649 1579 2686 1
1604 2661 1687 2699 pag.
1708 2649 1791 2689 367

1139 2705 1195 2742 ed.
1215 2706 1342 2749 Gaii).
1374 2706 1450 2743 Sed
1465 2706 1642 2743 Hecataei
1663 2705 1793 2742 adver-

1135 2762 1267 2798 sarium
1289 2761 1464 2799 Nostrum
1493 2762 1691 2808 exstitisse,
1730 2761 1792 2811 qui

1137 2819 1212 2855 eius
1232 2819 1381 2857 decreta
1399 2818 1499 2857 haud
1513 2831 1597 2857 raro
1612 2819 1723 2856 tacita
1734 2829 1793 2856 re-
