1863 3256
377 166 461 206 548

769 157 1238 201 HERODOTI

382 272 569 324 Βάττος,
600 270 657 323 ὠς
685 273 869 328 Θηραῖοί
896 285 940 312 τε
969 269 1042 311 καὶ
1070 271 1313 322 Κυρηναῖοι
1341 267 1537 322 λέγουσι·
1576 266 1634 317 ὦς

379 344 523 400 μέντοι
553 342 634 398 ἐγώ
668 341 824 387 δοκέω,
864 338 968 381 ἄλλο
998 352 1059 380 τι·
1115 337 1275 388 Βάττος
1305 337 1350 380 ὁὲ
1380 336 1635 392 μετωνομά-

382 421 468 470 σθη
507 415 598 458 ἐπεί
634 427 677 453 τε
719 411 761 460 ἐς
790 408 960 464 Λιβύην
990 407 1189 459 ἀπίκετο,
1229 406 1314 450 ἀπό
1343 424 1386 450 τε
1416 412 1493 451 τοῦ
1523 425 1633 463 χρη-
1648 414 1692 448 80

380 486 558 541 στηρίου
587 485 666 524 τοῦ
695 480 930 535 γενομένου
960 480 1007 523 ἐν
1035 483 1247 533 Δελφοῖσι
1279 477 1418 536 αὐτῷ,
1448 479 1522 522 καὶ
1550 478 1636 521 ἀπὸ

374 559 449 610 τῆς
497 556 620 608 τιμῆς
670 549 749 605 τὴν
799 550 910 606 ἔσχε,
958 550 1038 606 τὴν
1088 549 1336 605 ἐπωνυμίην
1372 550 1638 604 ποιεύμενος.

350 626 540 680 ΞΛίβυες
580 621 664 678 γάρ
702 623 879 677 βασιλέα
908 621 1076 665 Βάττον
1107 620 1331 673 καλέουσι,
1369 621 1443 663 καὶ
1477 620 1637 664 τούτου

325 821 400 856 cuit
420 818 572 855 Battum
594 816 805 866 obligatione
838 817 984 866 linguae

327 876 513 912 laborasse
566 874 719 923 primum
768 878 805 910 et
851 875 984 911 deinde

326 932 474 979 linguae
491 930 592 966 nodis
609 930 732 966 solutis
750 929 847 979 loqui
857 932 985 980 coepis—

328 1000 362 1024 se
382 1001 426 1024 ex
446 987 568 1024 lustin.
588 986 689 1032 Xlll,
706 988 744 1026 7.
774 986 909 1035 Neque
927 992 986 1023 ta-

326 1056 411 1081 men
434 1043 471 1079 in
493 1043 677 1080 Herodoti
693 1046 815 1090 textu,
854 1045 890 1080 in
915 1056 987 1091 quo

328 1100 436 1137 codd.
465 1099 550 1136 nihil
579 1099 740 1145 variant,
788 1100 987 1149 quidquam

328 1156 461 1194 mutari
490 1155 549 1193 ille
571 1155 702 1199 voluit3
742 1155 779 1191 in
806 1169 878 1204 qno
906 1169 988 1192 eum

331 1216 475 1250 secutus
534 1216 591 1248 est
640 1211 988 1261 Schweighaeuser.‚

328 1269 511 1320 probante
540 1267 671 1316 Thrig.
702 1267 724 1304 l.
753 1267 777 1304 l.
805 1281 890 1318 pag.
919 1267 987 1314 41,

330 1324 441 1362 modo
475 1319 727 1373 ἰσχνόφωνος
756 1335 799 1360 ea
831 1324 987 1373 accipias

331 1381 504 1427 notione,
573 1380 646 1429 qua
693 1379 781 1416 illud
837 1379 988 1417 alterum

333 1433 560 1487 ἰσχόφωνος
582 1436 697 1486 accipi
716 1436 853 1472 volunt.
909 1435 990 1472 Nec

288 1496 291 1500 ”
332 1493 432 1530 aliud
453 1493 541 1540 quid
560 1492 703 1529 videtur
731 1492 881 1541 exprimi
902 1504 991 1528 voce

332 1544 496 1599 τραυλός
519 1549 565 1585 aul
594 1547 783 1585 meliorem
808 1549 903 1585 vocis
927 1560 994 1584 an-

336 1605 537 1642 tecedentis
567 1603 868 1652 intelligentiam,
911 1604 993 1654 opi-

336 1674 427 1707 nor,
461 1660 612 1697 adieeta.
669 1660 722 1697 Ae
748 1673 838 1698 voce
868 1655 995 1710 ἰσχνό-

313 1730 473 1765 ’φωνος
517 1718 646 1754 eadem
687 1717 724 1753 in
765 1729 806 1754 re
846 1721 996 1753 utuntur

334 1773 551 1811 Heraclides
572 1773 743 1810 Ponticus
773 1785 860 1823 pag.
883 1775 909 1813 7
937 1773 994 1810 ed.

335 1830 502 1876 Koeler.,
533 1829 766 1867 Herodotum
784 1829 862 1875 ille,
885 1832 924 1865 ut
943 1830 996 1865 vi-

338 1887 466 1932 detur,
510 1889 675 1932 secutus,
713 1889 936 1936 quapropter
958 1889 997 1922 et

336 1943 416 1992 ipse
441 1942 578 1979 Koeler
605 1954 690 1992 pag.
712 1941 761 1981 41
792 1955 814 1978 a
841 1941 995 1978 lectione

338 1994 586 2049 ἰσχνόφωνος
630 1998 730 2047 apud
764 1998 996 2035 Herodotum

338 2056 509 2092 standum
531 2059 674 2100 censet,
704 2053 918 2091 Plutarchus
938 2053 996 2091 De

337 2111 444 2160 Pyth.
464 2112 571 2147 Orac.
592 2123 677 2160 pag.
699 2109 779 2150 405
800 2110 843 2147 Β.
875 2110 998 2147 Schol.

338 2168 386 2204 ad
418 2167 564 2204 Pindar.
595 2166 702 2215 Pyth.
732 2166 783 2203 lv
813 2167 891 2203 init.
919 2166 998 2203 He-

339 2224 437 2271 sycli.
457 2236 484 2259 s.
506 2236 538 2259 v.
564 2222 807 2273 βατταρίζων
830 2223 842 2259 l
865 2236 901 2272 p.
914 2224 996 2263 707

341 2284 377 2316 et
396 2281 490 2319 708.
533 2279 666 2315 Suidas
687 2293 714 2317 s,
738 2291 770 2315 v.
792 2274 943 2324 Βάττος
961 2282 998 2316 et

341 2335 583 2385 βατταρίζων
613 2334 660 2371 Τ.
683 2335 697 2371 Ι
718 2348 754 2385 p.
774 2335 869 2376 423.

398 2391 502 2434 Quae
521 2404 599 2427 enm
614 2391 665 2426 ita
678 2392 764 2436 sint,
784 2391 882 2427 nolui
896 2391 1000 2439 equi-

341 2446 425 2483 dem
450 2442 675 2496 ἰσχόφωνος
696 2450 877 2496 recipere,
916 2460 1000 2483 sua-

342 2502 453 2539 dente
499 2503 660 2550 quamvis
705 2502 915 2538 Schneider.
962 2503 999 2538 in

342 2557 431 2595 Lex.
463 2559 527 2594 Gr.
554 2571 581 2595 s.
610 2571 666 2603 V.,
715 2558 775 2593 nbi
812 2557 998 2594 Gallorum

342 2614 411 2650 huc
434 2616 544 2651 refert
563 2614 709 2651 verbum
729 2614 895 2662 be'gaycss
917 2627 999 2650 cnm

343 2671 559 2717 τραυλίζειν
575 2672 622 2706 sit
638 2683 834 2719 grasseyer.
867 2669 1000 2717 Neque

345 2728 452 2763 etiam
483 2727 519 2762 in
540 2727 721 2764 Herodoti
742 2726 821 2762 loco
848 2725 1000 2763 multum

346 2783 521 2821 interesse
551 2783 696 2821 credam
737 2783 832 2820 inter
869 2776 1001 2832 ἰσχνό-

1043 833 1179 868 φωνος
1218 822 1331 867 atque
1367 815 1556 869 τραυλός,
1596 818 1696 867 quod

1042 881 1233 923 utrumque
1253 876 1299 910 ad
1320 888 1427 911 unum
1442 877 1538 911 iden·
1552 875 1698 923 linguae

1043 932 1164 967 vitium
1198 935 1339 978 spectat
1349 960 1361 977 ,
1403 931 1590 967 balbutiem
1617 931 1698 966 dico

1044 1000 1086 1023 ac
1107 987 1346 1033 maes-itatem,
1385 1000 1414 1024 s.
1437 988 1699 1023 haesitationem

1044 1042 1198 1090 linguae.
1258 1043 1331 1086 Qui
1358 1043 1502 1079 liberius
1531 1043 1621 1080 haec
1650 1042 1702 1077 ita

1045 1099 1206 1136 reddidit
1235 1098 1278 1135 C.
1309 1100 1354 1134 Ο.
1386 1099 1529 1136 Miiller.
1561 1098 1703 1135 Orcho-

1045 1169 1139 1192 men.
1159 1168 1242 1206 pag.
1268 1156 1369 1194 343:
1419 1156 1577 1202 „Dteser
1606 1155 1702 1190 hatte

1046 1211 1119 1248 eine
1175 1211 1393 1248 lsrec'scloeude
1452 1212 1526 1248 und
1576 1211 1703 1247 ἠείδει-ο

1046 1268 1241 1314 Ste'nmte,“
1291 1281 1435 1305 omnem
1479 1270 1611 1304 samam
1655 1267 1704 1303 de

1046 1324 1227 1370 balbutie,
1258 1336 1365 1372 quam
1387 1324 1609 1373 migrationis
1629 1327 1705 1359 tra-

1046 1380 1138 1416 dunt
1157 1381 1267 1416 fuisse
1283 1392 1426 1416 cansam
1440 1408 1450 1425 ,
1492 1379 1704 1430 explicatio-

1046 1448 1130 1472 nem
1154 1436 1269 1472 videri
1299 1437 1510 1482 contendit,
1553 1449 1574 1473 e
1599 1434 1704 1472 simili

1048 1504 1137 1528 sono
1167 1504 1295 1528 vocum
1324 1488 1463 1541 βάττος
1493 1495 1529 1528 et
1566 1492 1704 1542 βαττα-

1051 1549 1170 1599 ρὶζειν
1191 1548 1398 1585 confictam.
1427 1547 1558 1595 Lange
1577 1560 1706 1584 verna·

1050 1604 1149 1641 culus
1168 1604 1348 1653 interpres
1363 1605 1415 1640 ita
1432 1605 1707 1653 interpretatur:

1050 1660 1128 1698 Der
1153 1664 1308 1696 stotterte
1327 1661 1402 1697 und
1425 1660 1625 1696 stammelte.

1110 1713 1203 1755 ἄλλο
1223 1715 1276 1766 τι]
1316 1717 1338 1753 i.
1356 1730 1385 1754 e.
1408 1717 1446 1752 ob
1466 1716 1575 1752 aliam
1594 1729 1708 1765 quan-

1052 1772 1134 1809 dam
1155 1785 1309 1810 causam.
1360 1773 1538 1811 Nimirum
1562 1772 1707 1809 aliunde

1051 1830 1218 1867 novimus
1238 1829 1348 1866 Batto
1373 1836 1483 1866 antea
1504 1830 1614 1866 fuisse
1640 1841 1708 1865 no-

1053 1899 1137 1923 men
1157 1886 1368 1922 Aristotelis.
1399 1886 1505 1922 Confi
1520 1885 1640 1922 Schol.
1659 1885 1709 1921 ad

1053 1941 1157 1979 Pind.
1176 1942 1280 1990 Pyth.
1298 1942 1367 1989 IV,
1404 1941 1494 1982 104.
1524 1941 1578 1987 V,
1614 1942 1709 1986 117,

1053 2000 1102 2034 ad
1135 1998 1344 2035 Callimach.
1382 1998 1418 2034 in
1451 1997 1606 2048 Apollin.
1641 1997 1710 2043 75,

1053 2055 1115 2091 ubi
1136 2054 1207 2090 vid.
1229 2054 1425 2104 Spanhem.
1445 2067 1479 2104 p.
1508 2055 1598 2094 128.
1631 2053 1712 2090 He-

1054 2110 1176 2147 raclid.
1198 2110 1338 2148 Pontic.
1359 2110 1381 2146 l.
1402 2110 1425 2147 l.
1474 2108 1570 2146 Add.
1595 2109 1638 2148 C.
1662 2109 1709 2146 Ο.

1053 2166 1196 2203 Miiller.
1216 2167 1432 2204 Orchomen.
1462 2179 1497 2215 p.
1521 2164 1600 2205 343
1631 2169 1710 2201 not.

1054 2225 1093 2262 2.
1141 2223 1176 2260 T
1180 2223 1282 2271 hrige
1319 2223 1417 2259 Hist.
1454 2223 1585 2271 Cyren.
1622 2233 1710 2271 pag.

1054 2277 1108 2320 44
1129 2292 1206 2327 seq.

1112 2335 1263 2385 Λίβυες
1281 2330 1355 2384 γᾶρ
1376 2330 1536 2383 βασιλέα
1556 2326 1710 2370 Βάττον

1057 2388 1254 2439 καλέουσι]
1296 2390 1457 2426 Pertinet
1475 2390 1565 2432 linc,
1597 2394 1637 2424 ut
1659 2388 1710 2424 vi-

1057 2448 1184 2493 detur,
1207 2445 1365 2494 Hesych.
1392 2446 1405 2481 l
1430 2459 1467 2495 p.
1490 2445 1582 2484 708.
1612 2439 1709 2482 Βάτ-

1056 2517 1122 2547 τος
1143 2513 1151 2521 ·
1232 2498 1415 2551 βασιλεῦς
1436 2529 1447 2547 ,
1517 2496 1711 2549 τύραννος

1056 2558 1228 2607 Λίβυες·
1259 2553 1551 2605 τραυλόφωνος,
1583 2552 1711 2607 ἰσχνό-

1057 2628 1204 2663 φωνος.
1249 2614 1384 2660 ‚‚Conf.
1416 2613 1576 2650 Lexicon
1612 2626 1710 2650 voce.

1056 2670 1263 2720 pcregrinn.
1302 2670 1337 2706 in
1372 2670 1605 2720 scriptoribus
1645 2670 1713 2706 ob-

1057 2727 1193 2762 viarum
1218 2724 1270 2776 (in
1284 2726 1463 2776 Stephani
1481 2725 1657 2762 Thesaur.
1674 2738 1711 2773 p.

1057 2782 1224 2820 CCCXC
1244 2777 1343 2834 seq.)
1365 2782 1402 2819 in
1422 2776 1612 2828 Boivtogf‘
1647 2780 1710 2819 Cr.
