<?xml version="1.0" encoding="UTF-8"?>
<!DOCTYPE html PUBLIC "-//W3C//DTD XHTML 1.0 Transitional//EN"
    "http://www.w3.org/TR/xhtml1/DTD/xhtml1-transitional.dtd">
<html xmlns="http://www.w3.org/1999/xhtml" xml:lang="en" lang="en">
 <head>
  <title>
</title>
<meta http-equiv="Content-Type" content="text/html;charset=utf-8" />
  <meta name='ocr-system' content='tesseract 3.04.00' />
  <meta name='ocr-capabilities' content='ocr_page ocr_carea ocr_par ocr_line ocrx_word'/>
</head>
<body>
  <div class='ocr_page' id='page_1' title='image "./musaeher02hero/musaeher02hero_0124.png"; bbox 0 0 1946 3272; ppageno 0'>
   <div class='ocr_carea' id='block_1_1' title="bbox 353 1522 420 1574">
    <p class='ocr_par' dir='ltr' id='par_1_1' title="bbox 353 1522 420 1574">
     <span class='ocr_line' id='line_1_1' title="bbox 353 1522 420 1574; baseline 0 0"><span class='ocrx_word' id='word_1_1' title='bbox 353 1522 420 1574; x_wconf 69' lang='lat'><strong><em>64</em></strong></span> 
     </span>
    </p>
   </div>
   <div class='ocr_carea' id='block_1_2' title="bbox 148 1589 424 1718">
    <p class='ocr_par' dir='ltr' id='par_1_2' title="bbox 148 1589 424 1718">
     <span class='ocr_line' id='line_1_2' title="bbox 148 1589 422 1618; baseline -0.018 0"><span class='ocrx_word' id='word_1_2' title='bbox 148 1591 303 1618; x_wconf 76' lang='lat' dir='ltr'>Somnium</span> <span class='ocrx_word' id='word_1_3' title='bbox 335 1589 422 1614; x_wconf 85' lang='lat' dir='ltr'>Cam-</span> 
     </span>
     <span class='ocr_line' id='line_1_3' title="bbox 149 1621 421 1660; baseline -0.015 -9"><span class='ocrx_word' id='word_1_4' title='bbox 149 1625 181 1659; x_wconf 67' lang='lat' dir='ltr'><strong><em>b,</em></strong></span> <span class='ocrx_word' id='word_1_5' title='bbox 189 1626 230 1651; x_wconf 76' lang='lat' dir='ltr'><strong><em>sie</em></strong></span> <span class='ocrx_word' id='word_1_6' title='bbox 241 1624 278 1651; x_wconf 80' lang='lat' dir='ltr'><strong><em>de</em></strong></span> <span class='ocrx_word' id='word_1_7' title='bbox 287 1621 421 1660; x_wconf 71' lang='lat' dir='ltr'>Smerdj;</span> 
     </span>
     <span class='ocr_line' id='line_1_4' title="bbox 150 1656 423 1684; baseline -0.011 0"><span class='ocrx_word' id='word_1_8' title='bbox 150 1659 258 1684; x_wconf 74' lang='lat' dir='ltr'>vulnus</span> <span class='ocrx_word' id='word_1_9' title='bbox 284 1656 374 1683; x_wconf 82' lang='lat' dir='ltr'><strong>letale</strong></span> <span class='ocrx_word' id='word_1_10' title='bbox 392 1663 423 1681; x_wconf 84' lang='grc' dir='ltr'><strong><em>ιιι</em></strong></span> 
     </span>
     <span class='ocr_line' id='line_1_5' title="bbox 151 1692 424 1718; baseline -0.018 0"><span class='ocrx_word' id='word_1_11' title='bbox 151 1692 283 1718; x_wconf 62' lang='lat' dir='ltr'><strong>femore:</strong></span> <span class='ocrx_word' id='word_1_12' title='bbox 321 1696 424 1714; x_wconf 79' lang='lat' dir='ltr'>oracu-</span> 
     </span>
    </p>
   </div>
   <div class='ocr_carea' id='block_1_3' title="bbox 151 1722 427 1752">
    <p class='ocr_par' dir='ltr' id='par_1_3' title="bbox 151 1722 427 1752">
     <span class='ocr_line' id='line_1_6' title="bbox 151 1722 427 1752; baseline -0.018 0"><span class='ocrx_word' id='word_1_13' title='bbox 151 1726 212 1752; x_wconf 85' lang='lat' dir='ltr'><strong><em>lum</em></strong></span> <span class='ocrx_word' id='word_1_14' title='bbox 230 1733 264 1751; x_wconf 82' lang='lat' dir='ltr'><strong><em>ex</em></strong></span> <span class='ocrx_word' id='word_1_15' title='bbox 283 1723 354 1750; x_wconf 84' lang='lat' dir='ltr'>urbe</span> <span class='ocrx_word' id='word_1_16' title='bbox 367 1722 427 1748; x_wconf 85' lang='lat' dir='ltr'><strong><em>Bu-</em></strong></span> 
     </span>
    </p>
   </div>
   <div class='ocr_carea' id='block_1_4' title="bbox 152 1757 408 1827">
    <p class='ocr_par' dir='ltr' id='par_1_4' title="bbox 152 1757 408 1827">
     <span class='ocr_line' id='line_1_7' title="bbox 152 1757 408 1785; baseline -0.008 -1"><span class='ocrx_word' id='word_1_17' title='bbox 152 1764 181 1785; x_wconf 77' lang='grc' dir='ltr'><strong><em>ω</em></strong></span> <span class='ocrx_word' id='word_1_18' title='bbox 193 1768 199 1784; x_wconf 89' lang='lat'><strong>:</strong></span> <span class='ocrx_word' id='word_1_19' title='bbox 253 1757 408 1784; x_wconf 80' lang='lat' dir='ltr'>Ecbatana</span> 
     </span>
     <span class='ocr_line' id='line_1_8' title="bbox 154 1791 271 1827; baseline 0 -8"><span class='ocrx_word' id='word_1_20' title='bbox 154 1792 193 1827; x_wconf 65' lang='lat' dir='ltr'><strong><em>Sy</em></strong></span> <span class='ocrx_word' id='word_1_21' title='bbox 199 1791 271 1819; x_wconf 80' lang='lat' dir='ltr'>riae.</span> 
     </span>
    </p>
   </div>
   <div class='ocr_carea' id='block_1_5' title="bbox 471 225 555 265">
    <p class='ocr_par' dir='ltr' id='par_1_5' title="bbox 471 225 555 265">
     <span class='ocr_line' id='line_1_9' title="bbox 471 225 555 265; baseline 0 0"><span class='ocrx_word' id='word_1_22' title='bbox 471 225 555 265; x_wconf 67' lang='lat'><strong><em>114</em></strong></span> 
     </span>
    </p>
   </div>
   <div class='ocr_carea' id='block_1_6' title="bbox 868 218 1341 260">
    <p class='ocr_par' dir='ltr' id='par_1_6' title="bbox 868 218 1341 260">
     <span class='ocr_line' id='line_1_10' title="bbox 868 218 1341 260; baseline -0.008 0"><span class='ocrx_word' id='word_1_23' title='bbox 868 218 1341 260; x_wconf 89' lang='lat' dir='ltr'>HERODOTI</span> 
     </span>
    </p>
   </div>
   <div class='ocr_carea' id='block_1_7' title="bbox 441 321 1801 1023">
    <p class='ocr_par' dir='ltr' id='par_1_7' title="bbox 441 321 1801 1023">
     <span class='ocr_line' id='line_1_11' title="bbox 467 321 1736 390; baseline -0.004 -15"><span class='ocrx_word' id='word_1_24' title='bbox 467 332 591 390; x_wconf 80' lang='grc' dir='ltr'><strong><em>ἥκειν</em></strong></span> <span class='ocrx_word' id='word_1_25' title='bbox 619 329 738 384; x_wconf 76' lang='grc' dir='ltr'><strong><em>παρὰ</em></strong></span> <span class='ocrx_word' id='word_1_26' title='bbox 766 329 982 385; x_wconf 82' lang='grc' dir='ltr'><strong><em>Σμέρδιος</em></strong></span> <span class='ocrx_word' id='word_1_27' title='bbox 1015 333 1096 373; x_wconf 87' lang='grc' dir='ltr'><strong><em>τοῦ</em></strong></span> <span class='ocrx_word' id='word_1_28' title='bbox 1126 328 1281 384; x_wconf 82' lang='grc' dir='ltr'><em>Κύρου</em></span> <span class='ocrx_word' id='word_1_29' title='bbox 1310 327 1508 385; x_wconf 68' lang='grc' dir='ltr'><strong><em>ἄγγελος·</em></strong></span> <span class='ocrx_word' id='word_1_30' title='bbox 1546 330 1633 371; x_wconf 82' lang='grc' dir='ltr'><strong><em>νῦν</em></strong></span> <span class='ocrx_word' id='word_1_31' title='bbox 1660 321 1736 380; x_wconf 74' lang='grc' dir='ltr'><strong><em>ὦν,</em></strong></span> 
     </span>
     <span class='ocr_line' id='line_1_12' title="bbox 441 397 1739 458; baseline -0.002 -14"><span class='ocrx_word' id='word_1_32' title='bbox 441 407 597 454; x_wconf 78' lang='grc' dir='ltr'><strong><em>3εἴπας</em></strong></span> <span class='ocrx_word' id='word_1_33' title='bbox 626 401 705 457; x_wconf 82' lang='grc' dir='ltr'><strong><em>τὴν</em></strong></span> <span class='ocrx_word' id='word_1_34' title='bbox 734 400 970 458; x_wconf 77' lang='grc' dir='ltr'><strong><em>άληθηΐην,</em></strong></span> <span class='ocrx_word' id='word_1_35' title='bbox 1013 400 1139 444; x_wconf 76' lang='grc' dir='ltr'><strong><em>ἄπιθι</em></strong></span> <span class='ocrx_word' id='word_1_36' title='bbox 1177 403 1350 456; x_wconf 86' lang='grc' dir='ltr'><strong><em>χαίρων.</em></strong></span> <span class='ocrx_word' id='word_1_37' title='bbox 1410 398 1567 453; x_wconf 79' lang='grc' dir='ltr'><strong><em>κότερα</em></strong></span> <span class='ocrx_word' id='word_1_38' title='bbox 1606 397 1739 450; x_wconf 83' lang='grc' dir='ltr'><strong><em>αὐτός</em></strong></span> 
     </span>
     <span class='ocr_line' id='line_1_13' title="bbox 469 470 1739 529; baseline -0.002 -13"><span class='ocrx_word' id='word_1_39' title='bbox 469 491 538 517; x_wconf 84' lang='grc' dir='ltr'><strong><em>τοι</em></strong></span> <span class='ocrx_word' id='word_1_40' title='bbox 568 473 756 529; x_wconf 81' lang='grc' dir='ltr'><strong><em>Σμέρδις</em></strong></span> <span class='ocrx_word' id='word_1_41' title='bbox 795 472 1064 528; x_wconf 79' lang='grc' dir='ltr'><strong><em>φαινόμενος</em></strong></span> <span class='ocrx_word' id='word_1_42' title='bbox 1101 471 1144 521; x_wconf 83' lang='grc' dir='ltr'><strong><em>ἐς</em></strong></span> <span class='ocrx_word' id='word_1_43' title='bbox 1182 470 1286 522; x_wconf 76' lang='grc' dir='ltr'><strong><em>ὄψιν</em></strong></span> <span class='ocrx_word' id='word_1_44' title='bbox 1324 470 1556 513; x_wconf 82' lang='grc' dir='ltr'><strong><em>ἐνετέλλετο</em></strong></span> <span class='ocrx_word' id='word_1_45' title='bbox 1586 474 1739 520; x_wconf 78' lang='grc' dir='ltr'><strong><em>ταῦτα,</em></strong></span> 
     </span>
     <span class='ocr_line' id='line_1_14' title="bbox 442 539 1797 601; baseline -0.005 -14"><span class='ocrx_word' id='word_1_46' title='bbox 442 546 501 601; x_wconf 80' lang='grc' dir='ltr'><strong><em>4ἢ</em></strong></span> <span class='ocrx_word' id='word_1_47' title='bbox 530 549 620 587; x_wconf 81' lang='grc' dir='ltr'><strong><em>τῶν</em></strong></span> <span class='ocrx_word' id='word_1_48' title='bbox 642 560 706 594; x_wconf 89' lang='grc' dir='ltr'><strong><em>τις</em></strong></span> <span class='ocrx_word' id='word_1_49' title='bbox 735 543 905 586; x_wconf 80' lang='grc' dir='ltr'><strong><em>ἐκείνου</em></strong></span> <span class='ocrx_word' id='word_1_50' title='bbox 935 540 1243 596; x_wconf 47' lang='grc' dir='ltr'><strong><em>ὖπηρετέωνςί(</em></strong></span> <span class='ocrx_word' id='word_1_51' title='bbox 1297 541 1347 583; x_wconf 93' lang='grc' dir='ltr'>Ὁ</span> <span class='ocrx_word' id='word_1_52' title='bbox 1367 540 1412 584; x_wconf 83' lang='grc' dir='ltr'><strong><em>δὲ</em></strong></span> <span class='ocrx_word' id='word_1_53' title='bbox 1436 539 1545 584; x_wconf 84' lang='grc' dir='ltr'><strong><em>εἶπε·</em></strong></span> <span class='ocrx_word' id='word_1_54' title='bbox 1604 539 1740 595; x_wconf 78' lang='grc' dir='ltr'><em>,,Ἐγώ</em></span> <span class='ocrx_word' id='word_1_55' title='bbox 1753 546 1797 580; x_wconf 85' lang='lat'><strong><em>50</em></strong></span> 
     </span>
     <span class='ocr_line' id='line_1_15' title="bbox 472 610 1740 671; baseline -0.003 -13"><span class='ocrx_word' id='word_1_56' title='bbox 472 615 665 671; x_wconf 81' lang='grc' dir='ltr'><strong><em>Σμέρδιν</em></strong></span> <span class='ocrx_word' id='word_1_57' title='bbox 693 614 772 669; x_wconf 77' lang='grc' dir='ltr'><strong><em>μὲν</em></strong></span> <span class='ocrx_word' id='word_1_58' title='bbox 805 614 882 655; x_wconf 86' lang='grc' dir='ltr'><strong><em>τὸν</em></strong></span> <span class='ocrx_word' id='word_1_59' title='bbox 914 610 1092 664; x_wconf 81' lang='grc' dir='ltr'><em>Κύρου,</em></span> <span class='ocrx_word' id='word_1_60' title='bbox 1123 612 1165 663; x_wconf 83' lang='grc' dir='ltr'><strong><em>ἐξ</em></strong></span> <span class='ocrx_word' id='word_1_61' title='bbox 1195 611 1300 654; x_wconf 80' lang='grc' dir='ltr'><strong><em>ὅτου</em></strong></span> <span class='ocrx_word' id='word_1_62' title='bbox 1331 611 1532 667; x_wconf 79' lang='grc' dir='ltr'><strong><em>βασιλεύς</em></strong></span> <span class='ocrx_word' id='word_1_63' title='bbox 1563 610 1740 668; x_wconf 85' lang='grc' dir='ltr'><strong><em>Καμβύ-</em></strong></span> 
     </span>
     <span class='ocr_line' id='line_1_16' title="bbox 470 681 1740 742; baseline -0.002 -12"><span class='ocrx_word' id='word_1_64' title='bbox 470 698 548 742; x_wconf 89' lang='grc' dir='ltr'><strong><em>σης</em></strong></span> <span class='ocrx_word' id='word_1_65' title='bbox 583 686 714 742; x_wconf 82' lang='grc' dir='ltr'><strong><em>ἤλασε</em></strong></span> <span class='ocrx_word' id='word_1_66' title='bbox 756 684 799 733; x_wconf 80' lang='grc' dir='ltr'><strong><em>ἐς</em></strong></span> <span class='ocrx_word' id='word_1_67' title='bbox 831 684 1079 737; x_wconf 73' lang='grc' dir='ltr'><strong><em>Αἴγυπτον,</em></strong></span> <span class='ocrx_word' id='word_1_68' title='bbox 1124 681 1179 725; x_wconf 81' lang='grc' dir='ltr'><strong><em>οὔ</em></strong></span> <span class='ocrx_word' id='word_1_69' title='bbox 1209 698 1271 725; x_wconf 84' lang='grc' dir='ltr'><strong><em>κω</em></strong></span> <span class='ocrx_word' id='word_1_70' title='bbox 1302 681 1478 725; x_wconf 82' lang='grc' dir='ltr'><strong><em>ὄπωπα·</em></strong></span> <span class='ocrx_word' id='word_1_71' title='bbox 1527 682 1550 726; x_wconf 91' lang='grc' dir='ltr'>ὁ</span> <span class='ocrx_word' id='word_1_72' title='bbox 1590 683 1636 726; x_wconf 86' lang='grc' dir='ltr'><strong><em>δέ</em></strong></span> <span class='ocrx_word' id='word_1_73' title='bbox 1666 700 1740 738; x_wconf 89' lang='grc' dir='ltr'><strong><em>μοι</em></strong></span> 
     </span>
     <span class='ocr_line' id='line_1_17' title="bbox 470 751 1743 812; baseline -0.002 -12"><span class='ocrx_word' id='word_1_74' title='bbox 470 757 650 812; x_wconf 76' lang='grc' dir='ltr'><strong><em>Μάγος,</em></strong></span> <span class='ocrx_word' id='word_1_75' title='bbox 690 753 767 797; x_wconf 85' lang='grc' dir='ltr'><strong><em>τὸν</em></strong></span> <span class='ocrx_word' id='word_1_76' title='bbox 797 751 1041 808; x_wconf 79' lang='grc' dir='ltr'><em>Καμβύσης</em></span> <span class='ocrx_word' id='word_1_77' title='bbox 1077 752 1312 807; x_wconf 81' lang='grc' dir='ltr'><strong><em>ἐπίτροπον</em></strong></span> <span class='ocrx_word' id='word_1_78' title='bbox 1346 757 1435 796; x_wconf 77' lang='grc' dir='ltr'><strong><em>τῶν</em></strong></span> <span class='ocrx_word' id='word_1_79' title='bbox 1464 754 1616 796; x_wconf 84' lang='grc' dir='ltr'><strong><em>οἰκίων</em></strong></span> <span class='ocrx_word' id='word_1_80' title='bbox 1645 752 1743 797; x_wconf 83' lang='grc' dir='ltr'><strong><em>ἀπέ-</em></strong></span> 
     </span>
     <span class='ocr_line' id='line_1_18' title="bbox 475 820 1801 880; baseline -0.005 -9"><span class='ocrx_word' id='word_1_81' title='bbox 475 830 585 877; x_wconf 80' lang='grc' dir='ltr'><strong><em>δεξε,</em></strong></span> <span class='ocrx_word' id='word_1_82' title='bbox 617 820 746 874; x_wconf 82' lang='grc' dir='ltr'><strong><em>οὗτος</em></strong></span> <span class='ocrx_word' id='word_1_83' title='bbox 773 827 911 867; x_wconf 86' lang='grc' dir='ltr'><strong><em>ταῦτα</em></strong></span> <span class='ocrx_word' id='word_1_84' title='bbox 940 823 1194 875; x_wconf 80' lang='grc' dir='ltr'><strong><em>ἐνετείλατο,</em></strong></span> <span class='ocrx_word' id='word_1_85' title='bbox 1233 823 1320 880; x_wconf 82' lang='grc' dir='ltr'><strong><em>φὰς</em></strong></span> <span class='ocrx_word' id='word_1_86' title='bbox 1342 823 1536 879; x_wconf 79' lang='grc' dir='ltr'><strong><em>Σμέρδιν</em></strong></span> <span class='ocrx_word' id='word_1_87' title='bbox 1559 822 1638 867; x_wconf 85' lang='grc' dir='ltr'><strong><em>τὸν</em></strong></span> <span class='ocrx_word' id='word_1_88' title='bbox 1656 823 1743 867; x_wconf 85' lang='grc' dir='ltr'><strong><em>Κύ-</em></strong></span> <span class='ocrx_word' id='word_1_89' title='bbox 1758 830 1801 865; x_wconf 86' lang='grc'><strong><em>55</em></strong></span> 
     </span>
     <span class='ocr_line' id='line_1_19' title="bbox 476 892 1743 950; baseline -0.002 -11"><span class='ocrx_word' id='word_1_90' title='bbox 476 914 560 950; x_wconf 93' lang='grc' dir='ltr'><strong><em>ρου</em></strong></span> <span class='ocrx_word' id='word_1_91' title='bbox 590 893 704 939; x_wconf 82' lang='grc' dir='ltr'><strong><em>εἶναι</em></strong></span> <span class='ocrx_word' id='word_1_92' title='bbox 733 893 812 938; x_wconf 82' lang='grc' dir='ltr'><strong><em>τόν</em></strong></span> <span class='ocrx_word' id='word_1_93' title='bbox 842 897 979 937; x_wconf 85' lang='grc' dir='ltr'><strong><em>ταῦτα</em></strong></span> <span class='ocrx_word' id='word_1_94' title='bbox 1008 893 1266 949; x_wconf 80' lang='grc' dir='ltr'><strong><em>ἐπιθέμενον</em></strong></span> <span class='ocrx_word' id='word_1_95' title='bbox 1296 892 1412 937; x_wconf 85' lang='grc' dir='ltr'><strong><em>εἶπαι</em></strong></span> <span class='ocrx_word' id='word_1_96' title='bbox 1441 894 1550 949; x_wconf 81' lang='grc' dir='ltr'><strong><em>πρὸς</em></strong></span> <span class='ocrx_word' id='word_1_97' title='bbox 1571 893 1743 950; x_wconf 86' lang='grc' dir='ltr'><strong><em>ὑμέας.“</em></strong></span> 
     </span>
     <span class='ocr_line' id='line_1_20' title="bbox 445 963 1745 1023; baseline -0.002 -13"><span class='ocrx_word' id='word_1_98' title='bbox 445 967 523 1010; x_wconf 82' lang='grc' dir='ltr'><strong><em>5Ὃ</em></strong></span> <span class='ocrx_word' id='word_1_99' title='bbox 551 967 630 1023; x_wconf 81' lang='grc' dir='ltr'><strong><em>μὲν</em></strong></span> <span class='ocrx_word' id='word_1_100' title='bbox 651 965 704 1023; x_wconf 86' lang='grc' dir='ltr'><strong><em>δή</em></strong></span> <span class='ocrx_word' id='word_1_101' title='bbox 729 977 810 1022; x_wconf 91' lang='grc' dir='ltr'><strong><em>σφι</em></strong></span> <span class='ocrx_word' id='word_1_102' title='bbox 841 965 977 1021; x_wconf 76' lang='grc' dir='ltr'><strong><em>ἔλεγε,</em></strong></span> <span class='ocrx_word' id='word_1_103' title='bbox 1007 963 1139 1008; x_wconf 73' lang='grc' dir='ltr'><strong><em>οὐδὲν</em></strong></span> <span class='ocrx_word' id='word_1_104' title='bbox 1165 965 1593 1020; x_wconf 79' lang='grc' dir='ltr'><strong><em>ἐπικατεψευσμένος.</em></strong></span> <span class='ocrx_word' id='word_1_105' title='bbox 1625 969 1745 1021; x_wconf 86' lang='grc' dir='ltr'><strong><em>Καμ-</em></strong></span> 
     </span>
    </p>
   </div>
   <div class='ocr_carea' id='block_1_8' title="bbox 474 1036 850 1094">
    <p class='ocr_par' dir='ltr' id='par_1_8' title="bbox 474 1036 850 1094">
     <span class='ocr_line' id='line_1_21' title="bbox 474 1036 850 1094; baseline 0 -12"><span class='ocrx_word' id='word_1_106' title='bbox 474 1037 615 1094; x_wconf 85' lang='grc' dir='ltr'><strong><em>βύσης</em></strong></span> <span class='ocrx_word' id='word_1_107' title='bbox 655 1038 701 1082; x_wconf 73' lang='grc' dir='ltr'><strong><em>δὲ</em></strong></span> <span class='ocrx_word' id='word_1_108' title='bbox 739 1036 850 1082; x_wconf 82' lang='grc' dir='ltr'><strong><em>εἶπε·</em></strong></span> 
     </span>
    </p>
   </div>
   <div class='ocr_carea' id='block_1_9' title="bbox 910 1033 1746 1092">
    <p class='ocr_par' dir='ltr' id='par_1_9' title="bbox 910 1033 1746 1092">
     <span class='ocr_line' id='line_1_22' title="bbox 910 1033 1746 1092; baseline -0.018 -3"><span class='ocrx_word' id='word_1_109' title='bbox 910 1035 1223 1092; x_wconf 53' lang='grc' dir='ltr'><strong><em>’,Πρήξασπεὼ</em></strong></span> <span class='ocrx_word' id='word_1_110' title='bbox 1275 1034 1329 1078; x_wconf 80' lang='grc' dir='ltr'><strong><em>σὺ</em></strong></span> <span class='ocrx_word' id='word_1_111' title='bbox 1364 1035 1461 1089; x_wconf 79' lang='grc' dir='ltr'><strong><em>μὲν,</em></strong></span> <span class='ocrx_word' id='word_1_112' title='bbox 1517 1033 1589 1078; x_wconf 85' lang='grc' dir='ltr'><strong><em>οἷα</em></strong></span> <span class='ocrx_word' id='word_1_113' title='bbox 1632 1035 1746 1092; x_wconf 77' lang='grc' dir='ltr'><strong><em>ἀνὴρ</em></strong></span> 
     </span>
    </p>
   </div>
   <div class='ocr_carea' id='block_1_10' title="bbox 449 1105 1804 1521">
    <p class='ocr_par' dir='ltr' id='par_1_10' title="bbox 449 1105 1804 1521">
     <span class='ocr_line' id='line_1_23' title="bbox 475 1105 1746 1166; baseline -0.002 -15"><span class='ocrx_word' id='word_1_114' title='bbox 475 1108 643 1164; x_wconf 78' lang='grc' dir='ltr'><strong><em>ἀγαθός</em></strong></span> <span class='ocrx_word' id='word_1_115' title='bbox 671 1109 857 1166; x_wconf 82' lang='grc' dir='ltr'><strong><em>ποιήσας</em></strong></span> <span class='ocrx_word' id='word_1_116' title='bbox 885 1107 933 1153; x_wconf 84' lang='grc' dir='ltr'><strong><em>τὸ</em></strong></span> <span class='ocrx_word' id='word_1_117' title='bbox 965 1106 1265 1163; x_wconf 82' lang='grc' dir='ltr'><strong><em>κελευόμενον,</em></strong></span> <span class='ocrx_word' id='word_1_118' title='bbox 1301 1108 1444 1163; x_wconf 80' lang='grc' dir='ltr'><strong><em>αἰτίην</em></strong></span> <span class='ocrx_word' id='word_1_119' title='bbox 1465 1105 1746 1163; x_wconf 79' lang='grc' dir='ltr'><strong><em>ἐκπέφευγας·</em></strong></span> 
     </span>
     <span class='ocr_line' id='line_1_24' title="bbox 475 1177 1804 1235; baseline -0.002 -12"><span class='ocrx_word' id='word_1_120' title='bbox 475 1179 572 1235; x_wconf 78' lang='grc' dir='ltr'><strong><em>ἐμοὶ</em></strong></span> <span class='ocrx_word' id='word_1_121' title='bbox 609 1180 654 1223; x_wconf 77' lang='grc' dir='ltr'><strong><em>δὲ</em></strong></span> <span class='ocrx_word' id='word_1_122' title='bbox 693 1181 757 1230; x_wconf 87' lang='grc' dir='ltr'><strong><em>τίς</em></strong></span> <span class='ocrx_word' id='word_1_123' title='bbox 795 1179 849 1221; x_wconf 79' lang='grc' dir='ltr'><strong><em>ἂν</em></strong></span> <span class='ocrx_word' id='word_1_124' title='bbox 879 1180 944 1235; x_wconf 86' lang='grc' dir='ltr'><strong><em>ε’ίη</em></strong></span> <span class='ocrx_word' id='word_1_125' title='bbox 976 1178 1184 1232; x_wconf 91' lang='grc' dir='ltr'><strong><em>Περσέων</em></strong></span> <span class='ocrx_word' id='word_1_126' title='bbox 1213 1178 1237 1222; x_wconf 90' lang='grc' dir='ltr'>ὁ</span> <span class='ocrx_word' id='word_1_127' title='bbox 1269 1178 1556 1230; x_wconf 77' lang='grc' dir='ltr'><strong><em>ἐπανεστεώς,</em></strong></span> <span class='ocrx_word' id='word_1_128' title='bbox 1596 1177 1746 1234; x_wconf 84' lang='grc' dir='ltr'><strong><em>έπιβα-</em></strong></span> <span class='ocrx_word' id='word_1_129' title='bbox 1759 1187 1804 1221; x_wconf 89' lang='grc'><strong><em>60</em></strong></span> 
     </span>
     <span class='ocr_line' id='line_1_25' title="bbox 449 1246 1747 1306; baseline 0.001 -13"><span class='ocrx_word' id='word_1_130' title='bbox 449 1249 619 1294; x_wconf 88' lang='grc' dir='ltr'><strong><em>6τεύων</em></strong></span> <span class='ocrx_word' id='word_1_131' title='bbox 647 1255 728 1295; x_wconf 87' lang='grc' dir='ltr'><strong><em>τοῦ</em></strong></span> <span class='ocrx_word' id='word_1_132' title='bbox 754 1250 974 1306; x_wconf 83' lang='grc' dir='ltr'><strong><em>Σμέρδιος</em></strong></span> <span class='ocrx_word' id='word_1_133' title='bbox 997 1247 1303 1305; x_wconf 79' lang='grc' dir='ltr'><strong><em>οὐνόματος;“</em></strong></span> <span class='ocrx_word' id='word_1_134' title='bbox 1332 1248 1381 1293; x_wconf 87' lang='grc' dir='ltr'><strong><em>Ὁ</em></strong></span> <span class='ocrx_word' id='word_1_135' title='bbox 1405 1249 1450 1293; x_wconf 82' lang='grc' dir='ltr'><strong><em>δὲ</em></strong></span> <span class='ocrx_word' id='word_1_136' title='bbox 1471 1246 1582 1292; x_wconf 84' lang='grc' dir='ltr'><strong><em>εἶπε·</em></strong></span> <span class='ocrx_word' id='word_1_137' title='bbox 1613 1249 1747 1306; x_wconf 78' lang='grc' dir='ltr'><em>,,Ἐγώ</em></span> 
     </span>
     <span class='ocr_line' id='line_1_26' title="bbox 477 1314 1750 1379; baseline -0.001 -13"><span class='ocrx_word' id='word_1_138' title='bbox 477 1339 554 1379; x_wconf 90' lang='grc' dir='ltr'><strong><em>μοι</em></strong></span> <span class='ocrx_word' id='word_1_139' title='bbox 595 1322 732 1367; x_wconf 82' lang='grc' dir='ltr'><strong><em>δοκέω</em></strong></span> <span class='ocrx_word' id='word_1_140' title='bbox 774 1320 972 1365; x_wconf 83' lang='grc' dir='ltr'><strong><em>συνιέναι</em></strong></span> <span class='ocrx_word' id='word_1_141' title='bbox 999 1319 1048 1364; x_wconf 80' lang='grc' dir='ltr'><strong><em>τό</em></strong></span> <span class='ocrx_word' id='word_1_142' title='bbox 1079 1320 1256 1376; x_wconf 78' lang='grc' dir='ltr'><strong><em>γεγονὸς</em></strong></span> <span class='ocrx_word' id='word_1_143' title='bbox 1284 1325 1439 1373; x_wconf 86' lang='grc' dir='ltr'><strong><em>τοῦτο,</em></strong></span> <span class='ocrx_word' id='word_1_144' title='bbox 1485 1314 1521 1365; x_wconf 73' lang='grc'><strong><em>(3</em></strong></span> <span class='ocrx_word' id='word_1_145' title='bbox 1557 1324 1750 1377; x_wconf 82' lang='grc' dir='ltr'><strong><em>βασιλεῦ.</em></strong></span> 
     </span>
     <span class='ocr_line' id='line_1_27' title="bbox 481 1391 1751 1449; baseline -0.001 -12"><span class='ocrx_word' id='word_1_146' title='bbox 481 1395 525 1437; x_wconf 79' lang='grc' dir='ltr'><strong><em>οἱ</em></strong></span> <span class='ocrx_word' id='word_1_147' title='bbox 554 1392 708 1449; x_wconf 83' lang='grc' dir='ltr'><strong><em>Μάγοι</em></strong></span> <span class='ocrx_word' id='word_1_148' title='bbox 749 1394 831 1437; x_wconf 88' lang='grc' dir='ltr'><strong><em>εἰσί</em></strong></span> <span class='ocrx_word' id='word_1_149' title='bbox 869 1409 937 1436; x_wconf 89' lang='grc' dir='ltr'><strong><em>τοι</em></strong></span> <span class='ocrx_word' id='word_1_150' title='bbox 974 1393 1018 1435; x_wconf 83' lang='grc' dir='ltr'><strong><em>οἱ</em></strong></span> <span class='ocrx_word' id='word_1_151' title='bbox 1054 1391 1384 1442; x_wconf 75' lang='grc' dir='ltr'><strong><em>ἐπανεστεῶτες,</em></strong></span> <span class='ocrx_word' id='word_1_152' title='bbox 1423 1391 1503 1435; x_wconf 89' lang='grc' dir='ltr'><strong><em>τόν</em></strong></span> <span class='ocrx_word' id='word_1_153' title='bbox 1531 1408 1576 1435; x_wconf 87' lang='grc' dir='ltr'><strong><em>τε</em></strong></span> <span class='ocrx_word' id='word_1_154' title='bbox 1609 1393 1751 1444; x_wconf 73' lang='grc' dir='ltr'><strong><em>ἔλιπες</em></strong></span> 
     </span>
     <span class='ocr_line' id='line_1_28' title="bbox 478 1462 1751 1521; baseline -0.001 -13"><span class='ocrx_word' id='word_1_155' title='bbox 478 1463 725 1521; x_wconf 84' lang='grc' dir='ltr'><strong><em>μελεδωνὸν</em></strong></span> <span class='ocrx_word' id='word_1_156' title='bbox 764 1468 851 1507; x_wconf 84' lang='grc' dir='ltr'><strong><em>τῶν</em></strong></span> <span class='ocrx_word' id='word_1_157' title='bbox 891 1464 1062 1513; x_wconf 84' lang='grc' dir='ltr'><strong><em>οἰκίων,</em></strong></span> <span class='ocrx_word' id='word_1_158' title='bbox 1103 1463 1382 1518; x_wconf 79' lang='grc' dir='ltr'><strong><em>Πατιζείθης,</em></strong></span> <span class='ocrx_word' id='word_1_159' title='bbox 1422 1462 1496 1505; x_wconf 82' lang='grc' dir='ltr'><strong><em>καὶ</em></strong></span> <span class='ocrx_word' id='word_1_160' title='bbox 1536 1462 1560 1506; x_wconf 91' lang='grc' dir='ltr'>ὁ</span> <span class='ocrx_word' id='word_1_161' title='bbox 1589 1462 1751 1507; x_wconf 89' lang='grc' dir='ltr'><strong><em>τούτου</em></strong></span> 
     </span>
    </p>
   </div>
   <div class='ocr_carea' id='block_1_11' title="bbox 480 1533 957 1591">
    <p class='ocr_par' dir='ltr' id='par_1_11' title="bbox 480 1533 957 1591">
     <span class='ocr_line' id='line_1_29' title="bbox 480 1533 957 1591; baseline -0.008 -12"><span class='ocrx_word' id='word_1_162' title='bbox 480 1533 690 1591; x_wconf 79' lang='grc' dir='ltr'><strong><em>ἀδελφεός</em></strong></span> <span class='ocrx_word' id='word_1_163' title='bbox 720 1535 920 1590; x_wconf 84' lang='grc' dir='ltr'><strong><em>Σμέρδις.</em></strong></span> <span class='ocrx_word' id='word_1_164' title='bbox 933 1540 957 1558; x_wconf 86' lang='grc'>“</span> 
     </span>
    </p>
   </div>
   <div class='ocr_carea' id='block_1_12' title="bbox 482 1531 1809 1661">
    <p class='ocr_par' dir='ltr' id='par_1_12' title="bbox 482 1531 1809 1661">
     <span class='ocr_line' id='line_1_30' title="bbox 1025 1531 1809 1590; baseline 0.001 -14"><span class='ocrx_word' id='word_1_165' title='bbox 1025 1533 1240 1577; x_wconf 79' lang='grc' dir='ltr'><strong><em>Ἐνθαῦτα</em></strong></span> <span class='ocrx_word' id='word_1_166' title='bbox 1277 1531 1529 1576; x_wconf 76' lang='grc' dir='ltr'><strong><em>ἀκούσαντα</em></strong></span> <span class='ocrx_word' id='word_1_167' title='bbox 1566 1533 1809 1590; x_wconf 83' lang='grc' dir='ltr'><strong><em>Καμβύ-65</em></strong></span> 
     </span>
     <span class='ocr_line' id='line_1_31' title="bbox 482 1603 1107 1661; baseline -0.005 -11"><span class='ocrx_word' id='word_1_168' title='bbox 482 1618 557 1650; x_wconf 87' lang='grc' dir='ltr'><strong><em>σεα</em></strong></span> <span class='ocrx_word' id='word_1_169' title='bbox 585 1606 635 1649; x_wconf 83' lang='grc' dir='ltr'><strong><em>τὰ</em></strong></span> <span class='ocrx_word' id='word_1_170' title='bbox 666 1606 883 1661; x_wconf 86' lang='grc' dir='ltr'><strong><em>Σμέρδιος</em></strong></span> <span class='ocrx_word' id='word_1_171' title='bbox 915 1603 1107 1660; x_wconf 84' lang='grc' dir='ltr'><strong><em>οὕνομα,</em></strong></span> 
     </span>
    </p>
   </div>
   <div class='ocr_carea' id='block_1_13' title="bbox 1156 1603 1754 1661">
    <p class='ocr_par' dir='ltr' id='par_1_13' title="bbox 1156 1603 1754 1661">
     <span class='ocr_line' id='line_1_32' title="bbox 1156 1603 1754 1661; baseline 0.002 -14"><span class='ocrx_word' id='word_1_172' title='bbox 1156 1605 1285 1654; x_wconf 77' lang='grc' dir='ltr'><strong><em>ἔτυψε</em></strong></span> <span class='ocrx_word' id='word_1_173' title='bbox 1315 1603 1342 1660; x_wconf 82' lang='grc' dir='ltr'><em>ἡ</em></span> <span class='ocrx_word' id='word_1_174' title='bbox 1373 1603 1564 1661; x_wconf 83' lang='grc' dir='ltr'><strong><em>άληθηΐη</em></strong></span> <span class='ocrx_word' id='word_1_175' title='bbox 1593 1608 1682 1648; x_wconf 78' lang='grc' dir='ltr'><strong><em>τῶν</em></strong></span> <span class='ocrx_word' id='word_1_176' title='bbox 1709 1621 1754 1649; x_wconf 88' lang='grc' dir='ltr'><strong><em>τε</em></strong></span> 
     </span>
    </p>
   </div>
   <div class='ocr_carea' id='block_1_14' title="bbox 455 1674 1813 2089">
    <p class='ocr_par' dir='ltr' id='par_1_14' title="bbox 455 1674 1813 2089">
     <span class='ocr_line' id='line_1_33' title="bbox 483 1674 1754 1734; baseline -0.001 -14"><span class='ocrx_word' id='word_1_177' title='bbox 483 1677 628 1734; x_wconf 77' lang='grc' dir='ltr'><strong><em>λόγων</em></strong></span> <span class='ocrx_word' id='word_1_178' title='bbox 665 1677 739 1720; x_wconf 79' lang='grc' dir='ltr'><strong><em>καὶ</em></strong></span> <span class='ocrx_word' id='word_1_179' title='bbox 775 1680 855 1720; x_wconf 85' lang='grc' dir='ltr'><strong><em>τοῦ</em></strong></span> <span class='ocrx_word' id='word_1_180' title='bbox 887 1677 1118 1719; x_wconf 79' lang='grc' dir='ltr'><strong><em>ἐνυπνίου·</em></strong></span> <span class='ocrx_word' id='word_1_181' title='bbox 1170 1674 1220 1726; x_wconf 82' lang='grc' dir='ltr'><strong><em>ὃς</em></strong></span> <span class='ocrx_word' id='word_1_182' title='bbox 1259 1674 1402 1718; x_wconf 82' lang='grc' dir='ltr'><strong><em>ἐδόκεε</em></strong></span> <span class='ocrx_word' id='word_1_183' title='bbox 1439 1675 1486 1718; x_wconf 77' lang='grc' dir='ltr'><strong><em>ἐν</em></strong></span> <span class='ocrx_word' id='word_1_184' title='bbox 1525 1679 1586 1734; x_wconf 77' lang='grc' dir='ltr'><strong><em>τῷ</em></strong></span> <span class='ocrx_word' id='word_1_185' title='bbox 1625 1674 1754 1734; x_wconf 79' lang='grc' dir='ltr'><strong><em>ὕπνῳ</em></strong></span> 
     </span>
     <span class='ocr_line' id='line_1_34' title="bbox 486 1745 1755 1803; baseline -0.001 -12"><span class='ocrx_word' id='word_1_186' title='bbox 486 1747 745 1803; x_wconf 75' lang='grc' dir='ltr'><strong><em>ἀπαγγεῖλαί</em></strong></span> <span class='ocrx_word' id='word_1_187' title='bbox 786 1747 885 1790; x_wconf 86' lang='grc' dir='ltr'><strong><em>τινά</em></strong></span> <span class='ocrx_word' id='word_1_188' title='bbox 927 1749 990 1800; x_wconf 82' lang='grc' dir='ltr'><strong><em>οἱ,</em></strong></span> <span class='ocrx_word' id='word_1_189' title='bbox 1039 1746 1095 1798; x_wconf 84' lang='grc' dir='ltr'><strong><em>ὡς</em></strong></span> <span class='ocrx_word' id='word_1_190' title='bbox 1133 1747 1319 1801; x_wconf 82' lang='grc' dir='ltr'><strong><em>Σμέρδις</em></strong></span> <span class='ocrx_word' id='word_1_191' title='bbox 1361 1745 1555 1801; x_wconf 80' lang='grc' dir='ltr'><strong><em>ἱζόμενος</em></strong></span> <span class='ocrx_word' id='word_1_192' title='bbox 1594 1745 1637 1796; x_wconf 77' lang='grc' dir='ltr'><strong><em>ές</em></strong></span> <span class='ocrx_word' id='word_1_193' title='bbox 1675 1745 1755 1790; x_wconf 84' lang='grc' dir='ltr'><strong><em>τόν</em></strong></span> 
     </span>
     <span class='ocr_line' id='line_1_35' title="bbox 486 1815 1755 1875; baseline 0.001 -15"><span class='ocrx_word' id='word_1_194' title='bbox 486 1817 717 1874; x_wconf 75' lang='grc' dir='ltr'><strong><em>βασιλήϊον</em></strong></span> <span class='ocrx_word' id='word_1_195' title='bbox 744 1817 914 1873; x_wconf 80' lang='grc' dir='ltr'><strong><em>θρόνον</em></strong></span> <span class='ocrx_word' id='word_1_196' title='bbox 944 1817 1124 1870; x_wconf 83' lang='grc' dir='ltr'><strong><em>ψαύσειε</em></strong></span> <span class='ocrx_word' id='word_1_197' title='bbox 1151 1822 1204 1875; x_wconf 76' lang='grc' dir='ltr'><strong><em>τῇ</em></strong></span> <span class='ocrx_word' id='word_1_198' title='bbox 1233 1821 1402 1873; x_wconf 81' lang='grc' dir='ltr'><strong><em>κεφαλῇ</em></strong></span> <span class='ocrx_word' id='word_1_199' title='bbox 1432 1821 1512 1860; x_wconf 88' lang='grc' dir='ltr'><strong><em>τοῦ</em></strong></span> <span class='ocrx_word' id='word_1_200' title='bbox 1543 1815 1755 1871; x_wconf 82' lang='grc' dir='ltr'><strong><em>ούρανοῦ.</em></strong></span> 
     </span>
     <span class='ocr_line' id='line_1_36' title="bbox 455 1886 1813 1945; baseline 0 -15"><span class='ocrx_word' id='word_1_201' title='bbox 455 1888 648 1944; x_wconf 68' lang='grc' dir='ltr'><strong><em>ἓμαθών</em></strong></span> <span class='ocrx_word' id='word_1_202' title='bbox 679 1888 723 1932; x_wconf 72' lang='grc' dir='ltr'><strong><em>δὲ</em></strong></span> <span class='ocrx_word' id='word_1_203' title='bbox 757 1887 814 1939; x_wconf 78' lang='grc' dir='ltr'><strong><em>ὦς</em></strong></span> <span class='ocrx_word' id='word_1_204' title='bbox 842 1888 981 1945; x_wconf 83' lang='grc' dir='ltr'><strong><em>μάτην</em></strong></span> <span class='ocrx_word' id='word_1_205' title='bbox 1012 1887 1298 1938; x_wconf 78' lang='grc' dir='ltr'><strong><em>ἀπολωλεκώς</em></strong></span> <span class='ocrx_word' id='word_1_206' title='bbox 1328 1889 1392 1943; x_wconf 75' lang='grc' dir='ltr'><strong><em>εἴη</em></strong></span> <span class='ocrx_word' id='word_1_207' title='bbox 1420 1886 1499 1932; x_wconf 85' lang='grc' dir='ltr'><strong><em>τὸν</em></strong></span> <span class='ocrx_word' id='word_1_208' title='bbox 1529 1886 1813 1944; x_wconf 80' lang='grc' dir='ltr'><strong><em>α’δελφεὸν,”ιό</em></strong></span> 
     </span>
     <span class='ocr_line' id='line_1_37' title="bbox 484 1957 1757 2015; baseline -0.002 -12"><span class='ocrx_word' id='word_1_209' title='bbox 484 1958 686 2003; x_wconf 82' lang='grc' dir='ltr'><strong><em>άπέκλαιε</em></strong></span> <span class='ocrx_word' id='word_1_210' title='bbox 707 1960 914 2015; x_wconf 89' lang='grc' dir='ltr'><strong><em>Σμέρδιν.</em></strong></span> <span class='ocrx_word' id='word_1_211' title='bbox 964 1958 1243 2009; x_wconf 72' lang='grc' dir='ltr'><strong><em>ἀποκλαύσας</em></strong></span> <span class='ocrx_word' id='word_1_212' title='bbox 1274 1957 1343 2011; x_wconf 78' lang='grc' dir='ltr'><strong><em>δὲ,</em></strong></span> <span class='ocrx_word' id='word_1_213' title='bbox 1376 1958 1450 2001; x_wconf 84' lang='grc' dir='ltr'><strong><em>καὶ</em></strong></span> <span class='ocrx_word' id='word_1_214' title='bbox 1479 1958 1757 2015; x_wconf 84' lang='grc' dir='ltr'><strong><em>περιημεκτή-</em></strong></span> 
     </span>
     <span class='ocr_line' id='line_1_38' title="bbox 485 2028 1756 2089; baseline 0.001 -16"><span class='ocrx_word' id='word_1_215' title='bbox 485 2041 564 2081; x_wconf 90' lang='grc' dir='ltr'><strong><em>σας</em></strong></span> <span class='ocrx_word' id='word_1_216' title='bbox 591 2034 646 2089; x_wconf 87' lang='grc' dir='ltr'><strong><em>τῇ</em></strong></span> <span class='ocrx_word' id='word_1_217' title='bbox 672 2029 817 2088; x_wconf 79' lang='grc' dir='ltr'><strong><em>ἁπάσῃ</em></strong></span> <span class='ocrx_word' id='word_1_218' title='bbox 841 2034 1076 2088; x_wconf 84' lang='grc' dir='ltr'><strong><em>συμφορῇ,</em></strong></span> <span class='ocrx_word' id='word_1_219' title='bbox 1108 2028 1385 2083; x_wconf 79' lang='grc' dir='ltr'><strong><em>ἀναθρώσκει</em></strong></span> <span class='ocrx_word' id='word_1_220' title='bbox 1413 2029 1481 2073; x_wconf 81' lang='grc' dir='ltr'><strong><em>ἐπὶ</em></strong></span> <span class='ocrx_word' id='word_1_221' title='bbox 1509 2029 1588 2072; x_wconf 89' lang='grc' dir='ltr'><strong><em>τὸν</em></strong></span> <span class='ocrx_word' id='word_1_222' title='bbox 1610 2031 1756 2081; x_wconf 80' lang='grc' dir='ltr'><strong><em>ἵππον,</em></strong></span> 
     </span>
    </p>
   </div>
   <div class='ocr_carea' id='block_1_15' title="bbox 433 2123 707 2128">
    <p class='ocr_par' dir='ltr' id='par_1_15' title="bbox 433 2123 707 2128">
     <span class='ocr_line' id='line_1_39' title="bbox 433 2123 707 2128; baseline 0 0"><span class='ocrx_word' id='word_1_223' title='bbox 433 2123 707 2128; x_wconf 95' lang='lat' dir='ltr'><strong><em> </em></strong></span> 
     </span>
    </p>
   </div>
   <div class='ocr_carea' id='block_1_16' title="bbox 436 2163 1106 2888">
    <p class='ocr_par' dir='ltr' id='par_1_16' title="bbox 629 2163 899 2214">
     <span class='ocr_line' id='line_1_40' title="bbox 629 2163 899 2214; baseline 0 -13"><span class='ocrx_word' id='word_1_224' title='bbox 629 2163 740 2214; x_wconf 79' lang='lat' dir='ltr'>Cap.</span> <span class='ocrx_word' id='word_1_225' title='bbox 764 2163 899 2201; x_wconf 79' lang='lat' dir='ltr'><strong>Lxm.</strong></span> 
     </span>
    </p>

    <p class='ocr_par' dir='ltr' id='par_1_17' title="bbox 436 2215 1103 2772">
     <span class='ocr_line' id='line_1_41' title="bbox 492 2215 1096 2271; baseline -0.003 -13"><span class='ocrx_word' id='word_1_226' title='bbox 492 2216 576 2269; x_wconf 74' lang='grc' dir='ltr'><strong><em>φής</em></strong></span> <span class='ocrx_word' id='word_1_227' title='bbox 594 2215 668 2271; x_wconf 78' lang='grc' dir='ltr'><strong><em>γάρ</em></strong></span> <span class='ocrx_word' id='word_1_228' title='bbox 685 2217 813 2271; x_wconf 75' lang='grc' dir='ltr'><strong><em>ἥκειν]</em></strong></span> <span class='ocrx_word' id='word_1_229' title='bbox 844 2221 902 2258; x_wconf 81' lang='lat' dir='ltr'><strong><em>De</em></strong></span> <span class='ocrx_word' id='word_1_230' title='bbox 922 2233 990 2257; x_wconf 88' lang='lat' dir='ltr'><strong><em>usu</em></strong></span> <span class='ocrx_word' id='word_1_231' title='bbox 1009 2232 1096 2271; x_wconf 84' lang='lat' dir='ltr'>par-</span> 
     </span>
     <span class='ocr_line' id='line_1_42' title="bbox 436 2273 1096 2327; baseline 0.002 -15"><span class='ocrx_word' id='word_1_232' title='bbox 436 2276 565 2313; x_wconf 83' lang='lat' dir='ltr'>ticulae</span> <span class='ocrx_word' id='word_1_233' title='bbox 584 2273 656 2327; x_wconf 75' lang='grc' dir='ltr'><strong><em>γάρ</em></strong></span> <span class='ocrx_word' id='word_1_234' title='bbox 678 2278 830 2314; x_wconf 81' lang='lat' dir='ltr'>diximus</span> <span class='ocrx_word' id='word_1_235' title='bbox 852 2278 900 2314; x_wconf 84' lang='lat' dir='ltr'><strong><em>ad</em></strong></span> <span class='ocrx_word' id='word_1_236' title='bbox 920 2278 949 2323; x_wconf 85' lang='lat' dir='ltr'><strong><em>I,</em></strong></span> <span class='ocrx_word' id='word_1_237' title='bbox 971 2279 1007 2318; x_wconf 90' lang='grc'><strong><em>8.</em></strong></span> <span class='ocrx_word' id='word_1_238' title='bbox 1031 2275 1096 2317; x_wconf 81' lang='lat'><strong><em>24.</em></strong></span> 
     </span>
     <span class='ocr_line' id='line_1_43' title="bbox 436 2330 1096 2384; baseline 0 -16"><span class='ocrx_word' id='word_1_239' title='bbox 436 2332 495 2368; x_wconf 75' lang='lat' dir='ltr'><strong><em>Ad</em></strong></span> <span class='ocrx_word' id='word_1_240' title='bbox 523 2334 634 2368; x_wconf 71' lang='lat' dir='ltr'>verba</span> <span class='ocrx_word' id='word_1_241' title='bbox 662 2330 784 2372; x_wconf 71' lang='grc' dir='ltr'><strong><em>ἄπιθι</em></strong></span> <span class='ocrx_word' id='word_1_242' title='bbox 824 2334 974 2384; x_wconf 82' lang='grc' dir='ltr'><strong><em>χαίρων</em></strong></span> <span class='ocrx_word' id='word_1_243' title='bbox 1002 2334 1096 2369; x_wconf 80' lang='lat' dir='ltr'>conf.</span> 
     </span>
     <span class='ocr_line' id='line_1_44' title="bbox 438 2385 1097 2439; baseline 0.005 -16"><span class='ocrx_word' id='word_1_244' title='bbox 438 2388 576 2432; x_wconf 75' lang='lat'>111,29.</span> <span class='ocrx_word' id='word_1_245' title='bbox 592 2390 656 2428; x_wconf 85' lang='lat'><strong><em>36.</em></strong></span> <span class='ocrx_word' id='word_1_246' title='bbox 673 2411 727 2418; x_wconf 79' lang='lat'><strong><em>—-</em></strong></span> <span class='ocrx_word' id='word_1_247' title='bbox 741 2390 839 2426; x_wconf 77' lang='lat' dir='ltr'>Infra</span> <span class='ocrx_word' id='word_1_248' title='bbox 859 2403 925 2439; x_wconf 85' lang='lat' dir='ltr'><strong><em>pro</em></strong></span> <span class='ocrx_word' id='word_1_249' title='bbox 938 2389 977 2437; x_wconf 77' lang='grc' dir='ltr'><strong><em>ἐξ</em></strong></span> <span class='ocrx_word' id='word_1_250' title='bbox 990 2385 1097 2435; x_wconf 73' lang='grc' dir='ltr'><strong><em>ὅτου,</em></strong></span> 
     </span>
     <span class='ocr_line' id='line_1_45' title="bbox 440 2444 1099 2492; baseline 0.002 -13"><span class='ocrx_word' id='word_1_251' title='bbox 440 2444 539 2492; x_wconf 82' lang='lat' dir='ltr'>quod</span> <span class='ocrx_word' id='word_1_252' title='bbox 560 2457 685 2482; x_wconf 86' lang='lat' dir='ltr'><strong>omnes</strong></span> <span class='ocrx_word' id='word_1_253' title='bbox 708 2445 788 2482; x_wconf 83' lang='lat' dir='ltr'>libri</span> <span class='ocrx_word' id='word_1_254' title='bbox 811 2446 1001 2492; x_wconf 64' lang='lat' dir='ltr'>exhibent,</span> <span class='ocrx_word' id='word_1_255' title='bbox 1032 2445 1099 2482; x_wconf 80' lang='lat' dir='ltr'>nisi</span> 
     </span>
     <span class='ocr_line' id='line_1_46' title="bbox 440 2499 1098 2552; baseline 0.009 -18"><span class='ocrx_word' id='word_1_256' title='bbox 440 2499 540 2547; x_wconf 82' lang='lat' dir='ltr'>quod</span> <span class='ocrx_word' id='word_1_257' title='bbox 562 2501 745 2538; x_wconf 78' lang='lat' dir='ltr'>Sanerosti</span> <span class='ocrx_word' id='word_1_258' title='bbox 771 2502 860 2538; x_wconf 83' lang='lat' dir='ltr'>liber</span> <span class='ocrx_word' id='word_1_259' title='bbox 884 2503 1036 2552; x_wconf 74' lang='lat' dir='ltr'>praebet</span> <span class='ocrx_word' id='word_1_260' title='bbox 1060 2500 1098 2548; x_wconf 75' lang='grc' dir='ltr'><strong><em>ἐξ</em></strong></span> 
     </span>
     <span class='ocr_line' id='line_1_47' title="bbox 443 2552 1096 2607; baseline 0.002 -14"><span class='ocrx_word' id='word_1_261' title='bbox 443 2552 562 2602; x_wconf 77' lang='grc' dir='ltr'><strong><em>ὅσου,</em></strong></span> <span class='ocrx_word' id='word_1_262' title='bbox 592 2558 724 2594; x_wconf 80' lang='lat' dir='ltr'>Struve</span> <span class='ocrx_word' id='word_1_263' title='bbox 756 2559 863 2607; x_wconf 83' lang='lat' dir='ltr'><strong>Spec.</strong></span> <span class='ocrx_word' id='word_1_264' title='bbox 897 2559 908 2594; x_wconf 90' lang='lat'>1</span> <span class='ocrx_word' id='word_1_265' title='bbox 943 2561 1096 2602; x_wconf 80' lang='lat' dir='ltr'>Quaest.</span> 
     </span>
     <span class='ocr_line' id='line_1_48' title="bbox 443 2612 1102 2661; baseline -0.002 -10"><span class='ocrx_word' id='word_1_266' title='bbox 443 2623 526 2661; x_wconf 77' lang='lat' dir='ltr'><strong>pag·</strong></span> <span class='ocrx_word' id='word_1_267' title='bbox 556 2612 609 2652; x_wconf 76' lang='lat'><strong><em>48</em></strong></span> <span class='ocrx_word' id='word_1_268' title='bbox 636 2625 679 2649; x_wconf 85' lang='lat' dir='ltr'><strong><em>ex</em></strong></span> <span class='ocrx_word' id='word_1_269' title='bbox 709 2614 892 2650; x_wconf 80' lang='lat' dir='ltr'>constanti</span> <span class='ocrx_word' id='word_1_270' title='bbox 923 2614 1102 2651; x_wconf 79' lang='lat' dir='ltr'>Herodoti</span> 
     </span>
     <span class='ocr_line' id='line_1_49' title="bbox 443 2666 1103 2716; baseline 0.003 -12"><span class='ocrx_word' id='word_1_271' title='bbox 443 2680 510 2704; x_wconf 81' lang='lat' dir='ltr'><strong><em>usu</em></strong></span> <span class='ocrx_word' id='word_1_272' title='bbox 538 2669 685 2705; x_wconf 82' lang='lat' dir='ltr'>rescribi</span> <span class='ocrx_word' id='word_1_273' title='bbox 709 2669 786 2706; x_wconf 83' lang='lat' dir='ltr'>vult</span> <span class='ocrx_word' id='word_1_274' title='bbox 804 2668 842 2716; x_wconf 81' lang='grc' dir='ltr'><strong><em>ἐξ</em></strong></span> <span class='ocrx_word' id='word_1_275' title='bbox 867 2666 986 2708; x_wconf 78' lang='grc' dir='ltr'><strong><em>ὅτευ.</em></strong></span> <span class='ocrx_word' id='word_1_276' title='bbox 1046 2670 1103 2707; x_wconf 83' lang='lat' dir='ltr'><strong><em>Ad</em></strong></span> 
     </span>
     <span class='ocr_line' id='line_1_50' title="bbox 445 2721 1037 2772; baseline 0.007 -13"><span class='ocrx_word' id='word_1_277' title='bbox 445 2724 595 2760; x_wconf 83' lang='lat' dir='ltr'>sormam</span> <span class='ocrx_word' id='word_1_278' title='bbox 615 2721 756 2763; x_wconf 70' lang='grc' dir='ltr'><strong><em>ὄπωπα</em></strong></span> <span class='ocrx_word' id='word_1_279' title='bbox 776 2726 868 2762; x_wconf 87' lang='lat' dir='ltr'><strong>cons.</strong></span> <span class='ocrx_word' id='word_1_280' title='bbox 889 2727 950 2772; x_wconf 88' lang='grc' dir='ltr'>ΙΙΙ,</span> <span class='ocrx_word' id='word_1_281' title='bbox 972 2728 1037 2765; x_wconf 82' lang='lat'><strong><em>37.</em></strong></span> 
     </span>
    </p>

    <p class='ocr_par' dir='ltr' id='par_1_18' title="bbox 447 2776 1106 2888">
     <span class='ocr_line' id='line_1_51' title="bbox 504 2776 1105 2833; baseline 0.005 -15"><span class='ocrx_word' id='word_1_282' title='bbox 504 2776 750 2830; x_wconf 80' lang='grc' dir='ltr'><strong><em>ἐπιβατεύων</em></strong></span> <span class='ocrx_word' id='word_1_283' title='bbox 801 2783 871 2819; x_wconf 84' lang='grc' dir='ltr'><strong><em>τοῦ</em></strong></span> <span class='ocrx_word' id='word_1_284' title='bbox 912 2781 1105 2833; x_wconf 78' lang='grc' dir='ltr'><strong><em>Σμέρδιος</em></strong></span> 
     </span>
     <span class='ocr_line' id='line_1_52' title="bbox 447 2831 1106 2888; baseline 0.003 -14"><span class='ocrx_word' id='word_1_285' title='bbox 447 2831 684 2888; x_wconf 81' lang='grc' dir='ltr'><strong><em>ου’νόματος]</em></strong></span> <span class='ocrx_word' id='word_1_286' title='bbox 711 2838 732 2874; x_wconf 87' lang='grc' dir='ltr'><strong><em>ἰ.</em></strong></span> <span class='ocrx_word' id='word_1_287' title='bbox 752 2850 783 2875; x_wconf 87' lang='lat' dir='ltr'><strong><em>e.</em></strong></span> <span class='ocrx_word' id='word_1_288' title='bbox 809 2838 966 2874; x_wconf 73' lang='lat' dir='ltr'><em>Smmlis</em></span> <span class='ocrx_word' id='word_1_289' title='bbox 987 2851 1106 2876; x_wconf 69' lang='lat' dir='ltr'><em>nomen</em></span> 
     </span>
    </p>
   </div>
   <div class='ocr_carea' id='block_1_17' title="bbox 1152 2163 1816 2608">
    <p class='ocr_par' dir='ltr' id='par_1_19' title="bbox 1152 2163 1816 2608">
     <span class='ocr_line' id='line_1_53' title="bbox 1152 2163 1812 2212; baseline 0.005 -12"><span class='ocrx_word' id='word_1_290' title='bbox 1152 2176 1355 2212; x_wconf 79' lang='lat' dir='ltr'><strong><em>usurpans,</em></strong></span> <span class='ocrx_word' id='word_1_291' title='bbox 1386 2164 1521 2199; x_wconf 73' lang='lat' dir='ltr'><em>iniuria</em></span> <span class='ocrx_word' id='word_1_292' title='bbox 1540 2163 1609 2200; x_wconf 76' lang='lat' dir='ltr'><em>sihi</em></span> <span class='ocrx_word' id='word_1_293' title='bbox 1623 2176 1812 2204; x_wconf 79' lang='lat' dir='ltr'><em>assumens.</em></span> 
     </span>
     <span class='ocr_line' id='line_1_54' title="bbox 1154 2219 1813 2266; baseline 0.006 -11"><span class='ocrx_word' id='word_1_294' title='bbox 1154 2221 1254 2256; x_wconf 80' lang='lat' dir='ltr'>citat</span> <span class='ocrx_word' id='word_1_295' title='bbox 1277 2220 1367 2257; x_wconf 87' lang='lat' dir='ltr'>haec</span> <span class='ocrx_word' id='word_1_296' title='bbox 1390 2219 1515 2256; x_wconf 80' lang='lat' dir='ltr'>Pollux</span> <span class='ocrx_word' id='word_1_297' title='bbox 1536 2220 1582 2266; x_wconf 89' lang='grc' dir='ltr'><strong><em>ΙΙ,</em></strong></span> <span class='ocrx_word' id='word_1_298' title='bbox 1609 2223 1701 2261; x_wconf 83' lang='grc'>200.</span> <span class='ocrx_word' id='word_1_299' title='bbox 1754 2222 1813 2259; x_wconf 90' lang='lat' dir='ltr'><strong><em>Ad</em></strong></span> 
     </span>
     <span class='ocr_line' id='line_1_55' title="bbox 1154 2276 1813 2327; baseline 0.005 -14"><span class='ocrx_word' id='word_1_300' title='bbox 1154 2276 1372 2313; x_wconf 81' lang='lat' dir='ltr'>locutionem</span> <span class='ocrx_word' id='word_1_301' title='bbox 1409 2276 1532 2312; x_wconf 83' lang='lat' dir='ltr'><strong>attulit</strong></span> <span class='ocrx_word' id='word_1_302' title='bbox 1570 2276 1813 2327; x_wconf 74' lang='lat' dir='ltr'><strong>wesseling.:</strong></span> 
     </span>
     <span class='ocr_line' id='line_1_56' title="bbox 1154 2331 1814 2386; baseline 0.006 -18"><span class='ocrx_word' id='word_1_303' title='bbox 1154 2332 1226 2379; x_wconf 86' lang='grc' dir='ltr'>ΙΙΙ,</span> <span class='ocrx_word' id='word_1_304' title='bbox 1249 2334 1312 2372; x_wconf 85' lang='grc'><strong><em>67.</em></strong></span> <span class='ocrx_word' id='word_1_305' title='bbox 1343 2331 1413 2378; x_wconf 87' lang='grc' dir='ltr'><strong><em>ΙΧ,</em></strong></span> <span class='ocrx_word' id='word_1_306' title='bbox 1440 2333 1507 2372; x_wconf 78' lang='grc'><strong><em>94.</em></strong></span> <span class='ocrx_word' id='word_1_307' title='bbox 1546 2332 1727 2371; x_wconf 87' lang='lat' dir='ltr'>Iamblich.</span> <span class='ocrx_word' id='word_1_308' title='bbox 1754 2348 1814 2386; x_wconf 81' lang='lat' dir='ltr'><strong><em>ap.</em></strong></span> 
     </span>
     <span class='ocr_line' id='line_1_57' title="bbox 1155 2387 1815 2440; baseline 0.005 -15"><span class='ocrx_word' id='word_1_309' title='bbox 1155 2388 1263 2425; x_wconf 85' lang='lat' dir='ltr'><strong>Phot.</strong></span> <span class='ocrx_word' id='word_1_310' title='bbox 1293 2401 1376 2438; x_wconf 88' lang='lat' dir='ltr'><strong>pag.</strong></span> <span class='ocrx_word' id='word_1_311' title='bbox 1399 2387 1494 2427; x_wconf 80' lang='lat'><strong>248.</strong></span> <span class='ocrx_word' id='word_1_312' title='bbox 1525 2387 1675 2440; x_wconf 74' lang='lat' dir='ltr'><strong>procop.</strong></span> <span class='ocrx_word' id='word_1_313' title='bbox 1704 2391 1815 2428; x_wconf 80' lang='lat' dir='ltr'><strong>Goth.</strong></span> 
     </span>
     <span class='ocr_line' id='line_1_58' title="bbox 1154 2444 1816 2493; baseline 0.005 -12"><span class='ocrx_word' id='word_1_314' title='bbox 1154 2445 1197 2481; x_wconf 89' lang='lat' dir='ltr'><strong><em>B.</em></strong></span> <span class='ocrx_word' id='word_1_315' title='bbox 1223 2445 1249 2491; x_wconf 93' lang='grc' dir='ltr'><strong><em>Ι,</em></strong></span> <span class='ocrx_word' id='word_1_316' title='bbox 1273 2448 1306 2485; x_wconf 94' lang='grc'><strong><em>1.</em></strong></span> <span class='ocrx_word' id='word_1_317' title='bbox 1337 2446 1436 2482; x_wconf 74' lang='lat' dir='ltr'><strong>Pers.</strong></span> <span class='ocrx_word' id='word_1_318' title='bbox 1460 2445 1487 2490; x_wconf 89' lang='grc' dir='ltr'><strong><em>Ι,</em></strong></span> <span class='ocrx_word' id='word_1_319' title='bbox 1511 2444 1574 2484; x_wconf 77' lang='lat'><strong><em>25.</em></strong></span> <span class='ocrx_word' id='word_1_320' title='bbox 1605 2447 1758 2484; x_wconf 77' lang='lat' dir='ltr'><strong>Vandal.</strong></span> <span class='ocrx_word' id='word_1_321' title='bbox 1786 2448 1816 2493; x_wconf 81' lang='grc' dir='ltr'><strong><em>Ι,</em></strong></span> 
     </span>
     <span class='ocr_line' id='line_1_59' title="bbox 1159 2500 1815 2555; baseline 0.005 -17"><span class='ocrx_word' id='word_1_322' title='bbox 1159 2504 1222 2541; x_wconf 85' lang='grc'><strong><em>11.</em></strong></span> <span class='ocrx_word' id='word_1_323' title='bbox 1252 2501 1345 2538; x_wconf 86' lang='lat' dir='ltr'>Add.</span> <span class='ocrx_word' id='word_1_324' title='bbox 1366 2500 1495 2538; x_wconf 78' lang='lat' dir='ltr'><strong>Matth.</strong></span> <span class='ocrx_word' id='word_1_325' title='bbox 1519 2500 1584 2537; x_wconf 89' lang='lat' dir='ltr'><strong><em>Gr.</em></strong></span> <span class='ocrx_word' id='word_1_326' title='bbox 1599 2503 1664 2540; x_wconf 88' lang='lat' dir='ltr'><strong><em>Gr.</em></strong></span> <span class='ocrx_word' id='word_1_327' title='bbox 1684 2502 1718 2555; x_wconf 60' lang='grc' dir='ltr'><strong><em>ἓ.</em></strong></span> <span class='ocrx_word' id='word_1_328' title='bbox 1732 2505 1815 2545; x_wconf 81' lang='grc'><strong><em>379</em></strong></span> 
     </span>
     <span class='ocr_line' id='line_1_60' title="bbox 1156 2559 1357 2608; baseline 0 -15"><span class='ocrx_word' id='word_1_329' title='bbox 1156 2570 1242 2608; x_wconf 83' lang='lat' dir='ltr'><strong>pag.</strong></span> <span class='ocrx_word' id='word_1_330' title='bbox 1267 2559 1357 2597; x_wconf 82' lang='lat'>697.</span> 
     </span>
    </p>
   </div>
   <div class='ocr_carea' id='block_1_18' title="bbox 1355 2644 1625 2697">
    <p class='ocr_par' dir='ltr' id='par_1_20' title="bbox 1355 2644 1625 2697">
     <span class='ocr_line' id='line_1_61' title="bbox 1355 2644 1625 2697; baseline -0.007 -14"><span class='ocrx_word' id='word_1_331' title='bbox 1355 2646 1386 2683; x_wconf 87' lang='lat' dir='ltr'>c</span> <span class='ocrx_word' id='word_1_332' title='bbox 1400 2659 1464 2697; x_wconf 83' lang='lat' dir='ltr'><strong><em>ap.</em></strong></span> <span class='ocrx_word' id='word_1_333' title='bbox 1495 2644 1625 2682; x_wconf 64' lang='lat' dir='ltr'><strong><em>anv.</em></strong></span> 
     </span>
    </p>
   </div>
   <div class='ocr_carea' id='block_1_19' title="bbox 1159 2721 1817 2885">
    <p class='ocr_par' dir='ltr' id='par_1_21' title="bbox 1159 2721 1817 2885">
     <span class='ocr_line' id='line_1_62' title="bbox 1216 2721 1817 2775; baseline -0.008 -11"><span class='ocrx_word' id='word_1_334' title='bbox 1216 2721 1261 2771; x_wconf 75' lang='grc' dir='ltr'><strong><em>ὃς</em></strong></span> <span class='ocrx_word' id='word_1_335' title='bbox 1297 2721 1449 2775; x_wconf 78' lang='grc' dir='ltr'><strong><em>ἐδόκεε]</em></strong></span> <span class='ocrx_word' id='word_1_336' title='bbox 1500 2725 1581 2761; x_wconf 69' lang='lat' dir='ltr'>vid.</span> <span class='ocrx_word' id='word_1_337' title='bbox 1614 2735 1724 2774; x_wconf 84' lang='lat' dir='ltr'>snpra</span> <span class='ocrx_word' id='word_1_338' title='bbox 1753 2723 1817 2769; x_wconf 85' lang='grc' dir='ltr'>ΙΙΙ,</span> 
     </span>
     <span class='ocr_line' id='line_1_63' title="bbox 1159 2776 1817 2879; baseline -0.009 -57"><span class='ocrx_word' id='word_1_339' title='bbox 1159 2783 1297 2879; x_wconf 58' lang='lat'>{3044—</span> <span class='ocrx_word' id='word_1_340' title='bbox 1307 2781 1366 2818; x_wconf 83' lang='lat' dir='ltr'><strong><em>Ad</em></strong></span> <span class='ocrx_word' id='word_1_341' title='bbox 1386 2776 1703 2832; x_wconf 79' lang='grc' dir='ltr'><strong><em>περιημεκτήσας</em></strong></span> <span class='ocrx_word' id='word_1_342' title='bbox 1723 2780 1817 2818; x_wconf 86' lang='lat' dir='ltr'>conf.</span> 
     </span>
     <span class='ocr_line' id='line_1_64' title="bbox 1179 2867 1273 2885; baseline -0.011 -10"><span class='ocrx_word' id='word_1_343' title='bbox 1179 2867 1190 2885; x_wconf 94' lang='lat'>,</span> <span class='ocrx_word' id='word_1_344' title='bbox 1265 2867 1273 2874; x_wconf 87' lang='lat'><em>.</em></span> 
     </span>
    </p>
   </div>
  </div>
 </body>
</html>
