<?xml version="1.0" encoding="UTF-8"?>
<!DOCTYPE html PUBLIC "-//W3C//DTD XHTML 1.0 Transitional//EN"
    "http://www.w3.org/TR/xhtml1/DTD/xhtml1-transitional.dtd">
<html xmlns="http://www.w3.org/1999/xhtml" xml:lang="en" lang="en">
 <head>
  <title>
</title>
<meta http-equiv="Content-Type" content="text/html;charset=utf-8" />
  <meta name='ocr-system' content='tesseract 3.04.00' />
  <meta name='ocr-capabilities' content='ocr_page ocr_carea ocr_par ocr_line ocrx_word'/>
</head>
<body>
  <div class='ocr_page' id='page_1' title='image "./musaeher02hero/musaeher02hero_0306.png"; bbox 0 0 1863 3256; ppageno 0'>
   <div class='ocr_carea' id='block_1_1' title="bbox 427 219 511 258">
    <p class='ocr_par' dir='ltr' id='par_1_1' title="bbox 427 219 511 258">
     <span class='ocr_line' id='line_1_1' title="bbox 427 219 511 258; baseline 0 0"><span class='ocrx_word' id='word_1_1' title='bbox 427 219 511 258; x_wconf 84' lang='lat'>292</span> 
     </span>
    </p>
   </div>
   <div class='ocr_carea' id='block_1_2' title="bbox 824 214 1300 255">
    <p class='ocr_par' dir='ltr' id='par_1_2' title="bbox 824 214 1300 255">
     <span class='ocr_line' id='line_1_2' title="bbox 824 214 1300 255; baseline -0.008 0"><span class='ocrx_word' id='word_1_2' title='bbox 824 214 1300 255; x_wconf 88' lang='lat' dir='ltr'>HERODOTI</span> 
     </span>
    </p>
   </div>
   <div class='ocr_carea' id='block_1_3' title="bbox 428 321 1755 450">
    <p class='ocr_par' dir='ltr' id='par_1_3' title="bbox 428 321 1755 450">
     <span class='ocr_line' id='line_1_3' title="bbox 428 321 1755 381; baseline -0.004 -13"><span class='ocrx_word' id='word_1_3' title='bbox 428 323 550 378; x_wconf 82' lang='grc' dir='ltr'><strong><em>κλέα,</em></strong></span> <span class='ocrx_word' id='word_1_4' title='bbox 586 324 660 368; x_wconf 83' lang='grc' dir='ltr'><strong><em>καὶ</em></strong></span> <span class='ocrx_word' id='word_1_5' title='bbox 688 323 766 367; x_wconf 86' lang='grc' dir='ltr'>τὸν</span> <span class='ocrx_word' id='word_1_6' title='bbox 799 327 995 381; x_wconf 78' lang='grc' dir='ltr'><strong><em>ζωστῆρα</em></strong></span> <span class='ocrx_word' id='word_1_7' title='bbox 1026 323 1319 378; x_wconf 81' lang='grc' dir='ltr'><strong><em>προδέξαντα,</em></strong></span> <span class='ocrx_word' id='word_1_8' title='bbox 1349 323 1631 376; x_wconf 83' lang='grc' dir='ltr'><strong><em>παραδοῦναι</em></strong></span> <span class='ocrx_word' id='word_1_9' title='bbox 1650 321 1699 365; x_wconf 85' lang='grc' dir='ltr'>τὸ</span> <span class='ocrx_word' id='word_1_10' title='bbox 1712 329 1755 362; x_wconf 83' lang='grc'>50</span> 
     </span>
     <span class='ocr_line' id='line_1_4' title="bbox 430 392 1700 450; baseline -0.005 -9"><span class='ocrx_word' id='word_1_11' title='bbox 430 396 561 450; x_wconf 83' lang='grc' dir='ltr'><strong><em>τόξον</em></strong></span> <span class='ocrx_word' id='word_1_12' title='bbox 599 412 644 440; x_wconf 87' lang='grc' dir='ltr'><strong><em>τε</em></strong></span> <span class='ocrx_word' id='word_1_13' title='bbox 683 395 756 438; x_wconf 88' lang='grc' dir='ltr'>καὶ</span> <span class='ocrx_word' id='word_1_14' title='bbox 795 394 872 438; x_wconf 84' lang='grc' dir='ltr'>τὸν</span> <span class='ocrx_word' id='word_1_15' title='bbox 912 397 1132 449; x_wconf 82' lang='grc' dir='ltr'><strong><em>ζωστῆρα,</em></strong></span> <span class='ocrx_word' id='word_1_16' title='bbox 1179 395 1331 450; x_wconf 72' lang='grc' dir='ltr'><strong><em>ἔχοντα</em></strong></span> <span class='ocrx_word' id='word_1_17' title='bbox 1362 393 1428 436; x_wconf 85' lang='grc' dir='ltr'>ἐπ’</span> <span class='ocrx_word' id='word_1_18' title='bbox 1462 392 1595 449; x_wconf 71' lang='grc' dir='ltr'><strong><em>ἄκρης</em></strong></span> <span class='ocrx_word' id='word_1_19' title='bbox 1625 397 1700 449; x_wconf 89' lang='grc' dir='ltr'>τῆς</span> 
     </span>
    </p>
   </div>
   <div class='ocr_carea' id='block_1_4' title="bbox 432 464 1100 523">
    <p class='ocr_par' dir='ltr' id='par_1_4' title="bbox 432 464 1100 523">
     <span class='ocr_line' id='line_1_5' title="bbox 432 464 1100 523; baseline -0.006 -13"><span class='ocrx_word' id='word_1_20' title='bbox 432 470 655 523; x_wconf 80' lang='grc' dir='ltr'><strong><em>συμβολῆς</em></strong></span> <span class='ocrx_word' id='word_1_21' title='bbox 686 466 847 521; x_wconf 82' lang='grc' dir='ltr'><em>φιάλην</em></span> <span class='ocrx_word' id='word_1_22' title='bbox 886 464 1100 520; x_wconf 80' lang='grc' dir='ltr'><em>χρυσέην·</em></span> 
     </span>
    </p>
   </div>
   <div class='ocr_carea' id='block_1_5' title="bbox 1149 462 1696 515">
    <p class='ocr_par' dir='ltr' id='par_1_5' title="bbox 1149 462 1696 515">
     <span class='ocr_line' id='line_1_6' title="bbox 1149 462 1696 515; baseline -0.004 -7"><span class='ocrx_word' id='word_1_23' title='bbox 1149 467 1328 509; x_wconf 81' lang='grc' dir='ltr'><em>διδόντα</em></span> <span class='ocrx_word' id='word_1_24' title='bbox 1368 465 1411 508; x_wconf 71' lang='grc' dir='ltr'>δὲ</span> <span class='ocrx_word' id='word_1_25' title='bbox 1423 499 1435 515; x_wconf 91' lang='lat'><em>‚</em></span> <span class='ocrx_word' id='word_1_26' title='bbox 1478 462 1696 507; x_wconf 72' lang='grc' dir='ltr'><strong><em>ἀπαλλάσ-</em></strong></span> 
     </span>
    </p>
   </div>
   <div class='ocr_carea' id='block_1_6' title="bbox 402 533 1758 1228">
    <p class='ocr_par' dir='ltr' id='par_1_6' title="bbox 402 533 1755 875">
     <span class='ocr_line' id='line_1_7' title="bbox 402 533 1699 591; baseline -0.001 -13"><span class='ocrx_word' id='word_1_27' title='bbox 402 543 607 582; x_wconf 69' lang='grc' dir='ltr'><strong><em>Ξσεσθαι.</em></strong></span> <span class='ocrx_word' id='word_1_28' title='bbox 666 535 747 591; x_wconf 80' lang='grc' dir='ltr'>τήν</span> <span class='ocrx_word' id='word_1_29' title='bbox 787 533 852 586; x_wconf 89' lang='grc' dir='ltr'>δ’,</span> <span class='ocrx_word' id='word_1_30' title='bbox 899 535 989 578; x_wconf 81' lang='grc' dir='ltr'><strong><em>ἐπεί</em></strong></span> <span class='ocrx_word' id='word_1_31' title='bbox 1032 536 1076 578; x_wconf 85' lang='grc' dir='ltr'>οἱ</span> <span class='ocrx_word' id='word_1_32' title='bbox 1110 536 1378 591; x_wconf 77' lang='grc' dir='ltr'><strong><em>γενομένους</em></strong></span> <span class='ocrx_word' id='word_1_33' title='bbox 1406 534 1511 586; x_wconf 75' lang='grc' dir='ltr'><strong><em>τούς</em></strong></span> <span class='ocrx_word' id='word_1_34' title='bbox 1540 536 1699 585; x_wconf 87' lang='grc' dir='ltr'><strong><em>παῖδας</em></strong></span> 
     </span>
     <span class='ocr_line' id='line_1_8' title="bbox 432 604 1755 663; baseline -0.004 -12"><span class='ocrx_word' id='word_1_35' title='bbox 432 607 742 663; x_wconf 75' lang='grc' dir='ltr'><em>ἀνδρωθῆναι,</em></span> <span class='ocrx_word' id='word_1_36' title='bbox 773 607 904 648; x_wconf 88' lang='grc' dir='ltr'><strong><em>τοῦτο</em></strong></span> <span class='ocrx_word' id='word_1_37' title='bbox 933 604 1013 660; x_wconf 89' lang='grc' dir='ltr'>μέν</span> <span class='ocrx_word' id='word_1_38' title='bbox 1045 617 1124 662; x_wconf 89' lang='grc' dir='ltr'>σφι</span> <span class='ocrx_word' id='word_1_39' title='bbox 1156 606 1381 662; x_wconf 82' lang='grc' dir='ltr'><strong><em>οὐνόματα</em></strong></span> <span class='ocrx_word' id='word_1_40' title='bbox 1410 606 1590 649; x_wconf 80' lang='grc' dir='ltr'>θέσθαι·</span> <span class='ocrx_word' id='word_1_41' title='bbox 1639 608 1700 663; x_wconf 78' lang='grc' dir='ltr'><strong><em>τῷ</em></strong></span> <span class='ocrx_word' id='word_1_42' title='bbox 1711 612 1755 646; x_wconf 87' lang='grc'>55</span> 
     </span>
     <span class='ocr_line' id='line_1_9' title="bbox 431 674 1699 737; baseline -0.002 -15"><span class='ocrx_word' id='word_1_43' title='bbox 431 679 534 734; x_wconf 77' lang='grc' dir='ltr'><strong><em>μέν,</em></strong></span> <span class='ocrx_word' id='word_1_44' title='bbox 572 675 871 732; x_wconf 78' lang='grc' dir='ltr'><strong><em>Ἀγάθυρσον,</em></strong></span> <span class='ocrx_word' id='word_1_45' title='bbox 912 674 1080 720; x_wconf 78' lang='grc' dir='ltr'><strong><em>αὐτῶν·</em></strong></span> <span class='ocrx_word' id='word_1_46' title='bbox 1128 682 1188 735; x_wconf 79' lang='grc' dir='ltr'><strong><em>τῷ</em></strong></span> <span class='ocrx_word' id='word_1_47' title='bbox 1218 677 1261 721; x_wconf 88' lang='grc' dir='ltr'>δ’</span> <span class='ocrx_word' id='word_1_48' title='bbox 1293 678 1509 737; x_wconf 78' lang='grc' dir='ltr'><strong><em>ἑπομένῳ,</em></strong></span> <span class='ocrx_word' id='word_1_49' title='bbox 1556 680 1699 720; x_wconf 79' lang='grc' dir='ltr'><strong><em>Γελω-</em></strong></span> 
     </span>
     <span class='ocr_line' id='line_1_10' title="bbox 432 745 1699 806; baseline -0.002 -14"><span class='ocrx_word' id='word_1_50' title='bbox 432 747 533 792; x_wconf 89' lang='grc' dir='ltr'><strong><em>νόν·</em></strong></span> <span class='ocrx_word' id='word_1_51' title='bbox 581 745 771 801; x_wconf 82' lang='grc' dir='ltr'><strong><em>Σκύθην</em></strong></span> <span class='ocrx_word' id='word_1_52' title='bbox 803 746 870 797; x_wconf 81' lang='grc' dir='ltr'>δὲ,</span> <span class='ocrx_word' id='word_1_53' title='bbox 901 751 963 803; x_wconf 80' lang='grc' dir='ltr'><strong><em>τῷ</em></strong></span> <span class='ocrx_word' id='word_1_54' title='bbox 993 747 1217 806; x_wconf 79' lang='grc' dir='ltr'><strong><em>νεωτάτῳ·</em></strong></span> <span class='ocrx_word' id='word_1_55' title='bbox 1249 753 1378 792; x_wconf 88' lang='grc' dir='ltr'><strong><em>τοῦτο</em></strong></span> <span class='ocrx_word' id='word_1_56' title='bbox 1411 749 1479 800; x_wconf 74' lang='grc' dir='ltr'>δὲ,</span> <span class='ocrx_word' id='word_1_57' title='bbox 1509 749 1583 802; x_wconf 84' lang='grc' dir='ltr'>τῆς</span> <span class='ocrx_word' id='word_1_58' title='bbox 1613 747 1699 790; x_wconf 86' lang='grc' dir='ltr'><strong><em>ἐπι-</em></strong></span> 
     </span>
     <span class='ocr_line' id='line_1_11' title="bbox 434 816 1699 875; baseline -0.003 -13"><span class='ocrx_word' id='word_1_59' title='bbox 434 821 591 874; x_wconf 85' lang='grc' dir='ltr'><strong><em>στολῆς</em></strong></span> <span class='ocrx_word' id='word_1_60' title='bbox 620 816 895 873; x_wconf 84' lang='grc' dir='ltr'><strong><em>μεμνημένην</em></strong></span> <span class='ocrx_word' id='word_1_61' title='bbox 926 816 1085 874; x_wconf 75' lang='grc' dir='ltr'><strong><em>αὐτὴν,</em></strong></span> <span class='ocrx_word' id='word_1_62' title='bbox 1116 823 1296 875; x_wconf 85' lang='grc' dir='ltr'><strong><em>ποιῆσαι</em></strong></span> <span class='ocrx_word' id='word_1_63' title='bbox 1324 818 1376 861; x_wconf 80' lang='grc' dir='ltr'><strong><em>τά</em></strong></span> <span class='ocrx_word' id='word_1_64' title='bbox 1408 817 1699 873; x_wconf 80' lang='grc' dir='ltr'><strong><em>ἐντεταλμένα.</em></strong></span> 
     </span>
    </p>

    <p class='ocr_par' dir='ltr' id='par_1_7' title="bbox 405 886 1758 1228">
     <span class='ocr_line' id='line_1_12' title="bbox 405 886 1702 944; baseline 0.001 -14"><span class='ocrx_word' id='word_1_65' title='bbox 405 889 510 933; x_wconf 80' lang='grc' dir='ltr'><strong><em>3καὶ</em></strong></span> <span class='ocrx_word' id='word_1_66' title='bbox 542 887 593 944; x_wconf 82' lang='grc' dir='ltr'>δή</span> <span class='ocrx_word' id='word_1_67' title='bbox 624 886 706 931; x_wconf 87' lang='grc' dir='ltr'>δύο</span> <span class='ocrx_word' id='word_1_68' title='bbox 737 887 817 943; x_wconf 86' lang='grc' dir='ltr'>μέν</span> <span class='ocrx_word' id='word_1_69' title='bbox 848 889 891 930; x_wconf 80' lang='grc' dir='ltr'>οἱ</span> <span class='ocrx_word' id='word_1_70' title='bbox 918 892 1006 931; x_wconf 76' lang='grc' dir='ltr'>τῶν</span> <span class='ocrx_word' id='word_1_71' title='bbox 1029 891 1218 940; x_wconf 84' lang='grc' dir='ltr'><strong><em>παίδων,</em></strong></span> <span class='ocrx_word' id='word_1_72' title='bbox 1249 888 1327 932; x_wconf 90' lang='grc' dir='ltr'>τόν</span> <span class='ocrx_word' id='word_1_73' title='bbox 1355 905 1399 932; x_wconf 92' lang='grc' dir='ltr'><strong><em>τε</em></strong></span> <span class='ocrx_word' id='word_1_74' title='bbox 1427 888 1702 944; x_wconf 77' lang='grc' dir='ltr'><strong><em>Ἀγάθυρσον</em></strong></span> 
     </span>
     <span class='ocr_line' id='line_1_13' title="bbox 433 957 1700 1015; baseline -0.001 -12"><span class='ocrx_word' id='word_1_75' title='bbox 433 960 507 1004; x_wconf 84' lang='grc' dir='ltr'>καὶ</span> <span class='ocrx_word' id='word_1_76' title='bbox 535 958 613 1002; x_wconf 82' lang='grc' dir='ltr'>τόν</span> <span class='ocrx_word' id='word_1_77' title='bbox 643 962 686 1001; x_wconf 93' lang='grc' dir='ltr'><em>Γ</em></span> <span class='ocrx_word' id='word_1_78' title='bbox 682 957 869 1009; x_wconf 80' lang='grc' dir='ltr'><strong><em>ελωνὸν,</em></strong></span> <span class='ocrx_word' id='word_1_79' title='bbox 919 957 1002 1002; x_wconf 80' lang='grc' dir='ltr'>οὐκ</span> <span class='ocrx_word' id='word_1_80' title='bbox 1034 961 1158 1010; x_wconf 85' lang='grc' dir='ltr'><strong><em>οἴους</em></strong></span> <span class='ocrx_word' id='word_1_81' title='bbox 1196 975 1240 1002; x_wconf 86' lang='grc' dir='ltr'><strong><em>τε</em></strong></span> <span class='ocrx_word' id='word_1_82' title='bbox 1277 958 1541 1015; x_wconf 78' lang='grc' dir='ltr'><strong><em>γενομένους</em></strong></span> <span class='ocrx_word' id='word_1_83' title='bbox 1570 959 1700 1011; x_wconf 84' lang='grc' dir='ltr'><strong><em>ἐξικέ-</em></strong></span> 
     </span>
     <span class='ocr_line' id='line_1_14' title="bbox 435 1028 1758 1086; baseline -0.002 -12"><span class='ocrx_word' id='word_1_84' title='bbox 435 1036 542 1074; x_wconf 82' lang='grc' dir='ltr'><strong><em>σθαι</em></strong></span> <span class='ocrx_word' id='word_1_85' title='bbox 584 1028 699 1083; x_wconf 86' lang='grc' dir='ltr'><strong><em>πρὸς</em></strong></span> <span class='ocrx_word' id='word_1_86' title='bbox 745 1028 823 1072; x_wconf 84' lang='grc' dir='ltr'>τὸν</span> <span class='ocrx_word' id='word_1_87' title='bbox 864 1031 1154 1086; x_wconf 86' lang='grc' dir='ltr'><strong><em>προκείμενον</em></strong></span> <span class='ocrx_word' id='word_1_88' title='bbox 1192 1028 1375 1080; x_wconf 79' lang='grc' dir='ltr'><strong><em>ἄεθλον,</em></strong></span> <span class='ocrx_word' id='word_1_89' title='bbox 1421 1031 1615 1085; x_wconf 75' lang='grc' dir='ltr'><strong><em>οἴχεσθαι</em></strong></span> <span class='ocrx_word' id='word_1_90' title='bbox 1655 1030 1758 1073; x_wconf 87' lang='grc' dir='ltr'><strong><em>ἐκ60</em></strong></span> 
     </span>
     <span class='ocr_line' id='line_1_15' title="bbox 435 1092 1733 1157; baseline 0.001 -14"><span class='ocrx_word' id='word_1_91' title='bbox 435 1104 510 1156; x_wconf 84' lang='grc' dir='ltr'>τῆς</span> <span class='ocrx_word' id='word_1_92' title='bbox 538 1097 703 1155; x_wconf 75' lang='grc' dir='ltr'><strong><em>χώρης,</em></strong></span> <span class='ocrx_word' id='word_1_93' title='bbox 743 1100 1029 1156; x_wconf 80' lang='grc' dir='ltr'><strong><em>ἐκβληθέντας</em></strong></span> <span class='ocrx_word' id='word_1_94' title='bbox 1066 1100 1153 1145; x_wconf 80' lang='grc' dir='ltr'>ὑπὸ</span> <span class='ocrx_word' id='word_1_95' title='bbox 1192 1104 1269 1157; x_wconf 84' lang='grc' dir='ltr'>τῆς</span> <span class='ocrx_word' id='word_1_96' title='bbox 1301 1100 1574 1157; x_wconf 79' lang='grc' dir='ltr'><strong><em>γειναμένης·</em></strong></span> <span class='ocrx_word' id='word_1_97' title='bbox 1625 1092 1733 1145; x_wconf 33' lang='grc' dir='ltr'>τόν’</span> 
     </span>
     <span class='ocr_line' id='line_1_16' title="bbox 437 1170 1702 1228; baseline 0.001 -13"><span class='ocrx_word' id='word_1_98' title='bbox 437 1171 484 1215; x_wconf 78' lang='grc' dir='ltr'>δὲ</span> <span class='ocrx_word' id='word_1_99' title='bbox 519 1170 736 1214; x_wconf 78' lang='grc' dir='ltr'><strong><em>νεώτατον</em></strong></span> <span class='ocrx_word' id='word_1_100' title='bbox 773 1170 923 1215; x_wconf 77' lang='grc' dir='ltr'><strong><em>αὐτῶν</em></strong></span> <span class='ocrx_word' id='word_1_101' title='bbox 959 1171 1168 1228; x_wconf 84' lang='grc' dir='ltr'><strong><em>Σκύθην,</em></strong></span> <span class='ocrx_word' id='word_1_102' title='bbox 1213 1172 1533 1223; x_wconf 84' lang='grc' dir='ltr'><strong><em>ἐπιτελέσαντα,</em></strong></span> <span class='ocrx_word' id='word_1_103' title='bbox 1575 1188 1702 1216; x_wconf 78' lang='grc' dir='ltr'><strong><em>κατα-</em></strong></span> 
     </span>
    </p>
   </div>
   <div class='ocr_carea' id='block_1_7' title="bbox 409 1241 961 1300">
    <p class='ocr_par' dir='ltr' id='par_1_8' title="bbox 409 1241 961 1300">
     <span class='ocr_line' id='line_1_17' title="bbox 409 1241 961 1300; baseline 0.004 -18"><span class='ocrx_word' id='word_1_104' title='bbox 409 1245 587 1298; x_wconf 84' lang='grc' dir='ltr'><strong><em>4μεῑναι</em></strong></span> <span class='ocrx_word' id='word_1_105' title='bbox 634 1241 682 1285; x_wconf 81' lang='grc' dir='ltr'><strong><em>ἐν</em></strong></span> <span class='ocrx_word' id='word_1_106' title='bbox 729 1246 782 1300; x_wconf 87' lang='grc' dir='ltr'><strong><em>τῇ</em></strong></span> <span class='ocrx_word' id='word_1_107' title='bbox 828 1241 961 1299; x_wconf 77' lang='grc' dir='ltr'><strong><em>χώρῃ.</em></strong></span> 
     </span>
    </p>
   </div>
   <div class='ocr_carea' id='block_1_8' title="bbox 383 1356 649 1361">
    <p class='ocr_par' dir='ltr' id='par_1_9' title="bbox 383 1356 649 1361">
     <span class='ocr_line' id='line_1_18' title="bbox 383 1356 649 1361; baseline 0 0"><span class='ocrx_word' id='word_1_108' title='bbox 383 1356 649 1361; x_wconf 95' lang='lat' dir='ltr'> </span> 
     </span>
    </p>
   </div>
   <div class='ocr_carea' id='block_1_9' title="bbox 373 1433 1046 2890">
    <p class='ocr_par' dir='ltr' id='par_1_10' title="bbox 373 1433 1046 1922">
     <span class='ocr_line' id='line_1_19' title="bbox 381 1433 1040 1483; baseline 0 -12"><span class='ocrx_word' id='word_1_109' title='bbox 381 1435 457 1483; x_wconf 81' lang='lat' dir='ltr'>se),</span> <span class='ocrx_word' id='word_1_110' title='bbox 487 1433 793 1483; x_wconf 82' lang='lat' dir='ltr'>quemadmodum</span> <span class='ocrx_word' id='word_1_111' title='bbox 821 1434 959 1472; x_wconf 87' lang='lat' dir='ltr'>dudum</span> <span class='ocrx_word' id='word_1_112' title='bbox 975 1447 1040 1471; x_wconf 90' lang='lat' dir='ltr'>vo-</span> 
     </span>
     <span class='ocr_line' id='line_1_20' title="bbox 380 1490 1042 1538; baseline -0.002 -10"><span class='ocrx_word' id='word_1_113' title='bbox 380 1491 497 1528; x_wconf 87' lang='lat' dir='ltr'>luerat</span> <span class='ocrx_word' id='word_1_114' title='bbox 525 1490 743 1538; x_wconf 88' lang='lat' dir='ltr'>Wesseling.</span> <span class='ocrx_word' id='word_1_115' title='bbox 781 1492 971 1529; x_wconf 82' lang='lat' dir='ltr'>conferens</span> <span class='ocrx_word' id='word_1_116' title='bbox 1013 1492 1042 1537; x_wconf 89' lang='grc' dir='ltr'><strong><em>Ι,</em></strong></span> 
     </span>
     <span class='ocr_line' id='line_1_21' title="bbox 373 1543 1043 1598; baseline -0.003 -14"><span class='ocrx_word' id='word_1_117' title='bbox 373 1549 449 1587; x_wconf 80' lang='grc'>60.</span> <span class='ocrx_word' id='word_1_118' title='bbox 477 1546 550 1583; x_wconf 90' lang='lat' dir='ltr'>Pro</span> <span class='ocrx_word' id='word_1_119' title='bbox 571 1543 642 1585; x_wconf 76' lang='grc' dir='ltr'>τόν</span> <span class='ocrx_word' id='word_1_120' title='bbox 663 1547 841 1598; x_wconf 83' lang='grc' dir='ltr'><strong><em>ζωστῆρα</em></strong></span> <span class='ocrx_word' id='word_1_121' title='bbox 859 1548 1043 1585; x_wconf 82' lang='lat' dir='ltr'>Sancrosti</span> 
     </span>
     <span class='ocr_line' id='line_1_22' title="bbox 381 1602 1044 1655; baseline -0.002 -15"><span class='ocrx_word' id='word_1_122' title='bbox 381 1603 475 1640; x_wconf 89' lang='lat' dir='ltr'>liber</span> <span class='ocrx_word' id='word_1_123' title='bbox 495 1602 612 1639; x_wconf 76' lang='lat' dir='ltr'>offert.</span> <span class='ocrx_word' id='word_1_124' title='bbox 634 1605 690 1655; x_wconf 80' lang='grc' dir='ltr'><strong><em>τῷ</em></strong></span> <span class='ocrx_word' id='word_1_125' title='bbox 712 1604 898 1655; x_wconf 80' lang='grc' dir='ltr'><strong><em>ζωστῆρι,</em></strong></span> <span class='ocrx_word' id='word_1_126' title='bbox 943 1604 1044 1652; x_wconf 91' lang='lat' dir='ltr'>quod</span> 
     </span>
     <span class='ocr_line' id='line_1_23' title="bbox 382 1657 1042 1709; baseline -0.003 -12"><span class='ocrx_word' id='word_1_127' title='bbox 382 1659 538 1697; x_wconf 89' lang='lat' dir='ltr'>Porson.</span> <span class='ocrx_word' id='word_1_128' title='bbox 558 1657 732 1696; x_wconf 88' lang='lat' dir='ltr'>Adverss.</span> <span class='ocrx_word' id='word_1_129' title='bbox 753 1671 838 1709; x_wconf 86' lang='lat' dir='ltr'>pag.</span> <span class='ocrx_word' id='word_1_130' title='bbox 859 1658 939 1701; x_wconf 88' lang='lat'>164</span> <span class='ocrx_word' id='word_1_131' title='bbox 960 1672 1042 1697; x_wconf 90' lang='lat' dir='ltr'>cum</span> 
     </span>
     <span class='ocr_line' id='line_1_24' title="bbox 382 1714 1045 1766; baseline 0.003 -15"><span class='ocrx_word' id='word_1_132' title='bbox 382 1714 554 1766; x_wconf 87' lang='lat' dir='ltr'>Sophocl.</span> <span class='ocrx_word' id='word_1_133' title='bbox 594 1715 691 1752; x_wconf 91' lang='lat' dir='ltr'>Oed.</span> <span class='ocrx_word' id='word_1_134' title='bbox 722 1714 771 1752; x_wconf 91' lang='lat' dir='ltr'>T.</span> <span class='ocrx_word' id='word_1_135' title='bbox 813 1716 896 1757; x_wconf 82' lang='lat'>456</span> <span class='ocrx_word' id='word_1_136' title='bbox 936 1716 1045 1763; x_wconf 75' lang='lat' dir='ltr'>(ubiz</span> 
     </span>
     <span class='ocr_line' id='line_1_25' title="bbox 383 1766 1046 1823; baseline -0.003 -12"><span class='ocrx_word' id='word_1_137' title='bbox 383 1766 573 1823; x_wconf 78' lang='grc' dir='ltr'><strong><em>σκήπτρῳ</em></strong></span> <span class='ocrx_word' id='word_1_138' title='bbox 603 1768 862 1823; x_wconf 78' lang='grc' dir='ltr'><strong><em>προδεικνύς)</em></strong></span> <span class='ocrx_word' id='word_1_139' title='bbox 898 1785 1046 1823; x_wconf 89' lang='lat' dir='ltr'>eompa-</span> 
     </span>
     <span class='ocr_line' id='line_1_26' title="bbox 379 1827 1044 1880; baseline 0.003 -16"><span class='ocrx_word' id='word_1_140' title='bbox 379 1832 447 1865; x_wconf 86' lang='lat' dir='ltr'>rat.</span> <span class='ocrx_word' id='word_1_141' title='bbox 506 1827 555 1864; x_wconf 84' lang='lat' dir='ltr'>At</span> <span class='ocrx_word' id='word_1_142' title='bbox 574 1827 677 1865; x_wconf 89' lang='lat' dir='ltr'>huius</span> <span class='ocrx_word' id='word_1_143' title='bbox 697 1828 767 1865; x_wconf 88' lang='lat' dir='ltr'>loci</span> <span class='ocrx_word' id='word_1_144' title='bbox 787 1828 878 1878; x_wconf 87' lang='lat' dir='ltr'>alia,</span> <span class='ocrx_word' id='word_1_145' title='bbox 901 1830 1044 1880; x_wconf 81' lang='lat' dir='ltr'>opinor,</span> 
     </span>
     <span class='ocr_line' id='line_1_27' title="bbox 380 1885 487 1922; baseline -0.009 0"><span class='ocrx_word' id='word_1_146' title='bbox 380 1885 487 1922; x_wconf 86' lang='lat' dir='ltr'>ratio.</span> 
     </span>
    </p>

    <p class='ocr_par' dir='ltr' id='par_1_11' title="bbox 383 1935 1046 2890">
     <span class='ocr_line' id='line_1_28' title="bbox 439 1935 1041 1992; baseline -0.002 -13"><span class='ocrx_word' id='word_1_147' title='bbox 439 1939 576 1991; x_wconf 75' lang='grc' dir='ltr'><strong><em>ἔχοντα</em></strong></span> <span class='ocrx_word' id='word_1_148' title='bbox 606 1935 672 1978; x_wconf 82' lang='grc' dir='ltr'>ἐπ’</span> <span class='ocrx_word' id='word_1_149' title='bbox 701 1936 827 1992; x_wconf 68' lang='grc' dir='ltr'><strong><em>ἄκρης</em></strong></span> <span class='ocrx_word' id='word_1_150' title='bbox 852 1942 924 1992; x_wconf 80' lang='grc' dir='ltr'>τῆς</span> <span class='ocrx_word' id='word_1_151' title='bbox 946 1952 1041 1991; x_wconf 88' lang='grc' dir='ltr'><strong><em>συμ-</em></strong></span> 
     </span>
     <span class='ocr_line' id='line_1_29' title="bbox 386 1992 1042 2048; baseline -0.003 -13"><span class='ocrx_word' id='word_1_152' title='bbox 386 1997 510 2047; x_wconf 79' lang='grc' dir='ltr'><strong><em>βολῆς</em></strong></span> <span class='ocrx_word' id='word_1_153' title='bbox 532 1992 683 2046; x_wconf 83' lang='grc' dir='ltr'><strong><em>φιάλην</em></strong></span> <span class='ocrx_word' id='word_1_154' title='bbox 705 1996 888 2048; x_wconf 81' lang='grc' dir='ltr'><strong><em>χρυσέην]</em></strong></span> <span class='ocrx_word' id='word_1_155' title='bbox 920 1997 1042 2046; x_wconf 84' lang='lat' dir='ltr'>Vulgo</span> 
     </span>
     <span class='ocr_line' id='line_1_30' title="bbox 385 2052 1045 2104; baseline 0.002 -15"><span class='ocrx_word' id='word_1_156' title='bbox 385 2053 436 2089; x_wconf 87' lang='lat' dir='ltr'>sic</span> <span class='ocrx_word' id='word_1_157' title='bbox 455 2054 764 2103; x_wconf 79' lang='lat' dir='ltr'>interpretantur:</span> <span class='ocrx_word' id='word_1_158' title='bbox 803 2082 828 2101; x_wconf 90' lang='lat'>‚‚</span> <span class='ocrx_word' id='word_1_159' title='bbox 839 2054 929 2104; x_wconf 85' lang='lat' dir='ltr'>quod</span> <span class='ocrx_word' id='word_1_160' title='bbox 949 2052 1045 2104; x_wconf 91' lang='lat' dir='ltr'>(cin-</span> 
     </span>
     <span class='ocr_line' id='line_1_31' title="bbox 386 2109 1045 2158; baseline 0.003 -13"><span class='ocrx_word' id='word_1_161' title='bbox 386 2109 540 2158; x_wconf 81' lang='lat' dir='ltr'>gulum)</span> <span class='ocrx_word' id='word_1_162' title='bbox 564 2111 603 2145; x_wconf 80' lang='lat' dir='ltr'>in</span> <span class='ocrx_word' id='word_1_163' title='bbox 630 2112 785 2146; x_wconf 77' lang='lat' dir='ltr'>extrema</span> <span class='ocrx_word' id='word_1_164' title='bbox 821 2112 1045 2147; x_wconf 79' lang='lat' dir='ltr'>commissura</span> 
     </span>
     <span class='ocr_line' id='line_1_32' title="bbox 388 2165 1046 2217; baseline 0.005 -16"><span class='ocrx_word' id='word_1_165' title='bbox 388 2177 531 2202; x_wconf 80' lang='lat' dir='ltr'>auream</span> <span class='ocrx_word' id='word_1_166' title='bbox 559 2165 685 2202; x_wconf 74' lang='lat' dir='ltr'>habuit</span> <span class='ocrx_word' id='word_1_167' title='bbox 706 2167 870 2217; x_wconf 77' lang='lat' dir='ltr'>phialam</span> <span class='ocrx_word' id='word_1_168' title='bbox 880 2182 893 2212; x_wconf 89' lang='lat'><em>;</em></span> <span class='ocrx_word' id='word_1_169' title='bbox 950 2180 1046 2217; x_wconf 87' lang='lat' dir='ltr'>quae</span> 
     </span>
     <span class='ocr_line' id='line_1_33' title="bbox 388 2221 1043 2273; baseline 0.005 -16"><span class='ocrx_word' id='word_1_170' title='bbox 388 2222 455 2258; x_wconf 85' lang='lat' dir='ltr'>sibi</span> <span class='ocrx_word' id='word_1_171' title='bbox 479 2222 576 2258; x_wconf 89' lang='lat' dir='ltr'>haud</span> <span class='ocrx_word' id='word_1_172' title='bbox 606 2221 744 2271; x_wconf 84' lang='lat' dir='ltr'>liquere</span> <span class='ocrx_word' id='word_1_173' title='bbox 770 2225 820 2261; x_wconf 89' lang='lat' dir='ltr'>ait</span> <span class='ocrx_word' id='word_1_174' title='bbox 839 2224 1043 2273; x_wconf 85' lang='lat' dir='ltr'>Schweigh.</span> 
     </span>
     <span class='ocr_line' id='line_1_34' title="bbox 386 2276 1046 2330; baseline 0.011 -18"><span class='ocrx_word' id='word_1_175' title='bbox 386 2277 423 2313; x_wconf 91' lang='lat' dir='ltr'>in</span> <span class='ocrx_word' id='word_1_176' title='bbox 452 2276 539 2314; x_wconf 86' lang='lat' dir='ltr'><strong>Lex.</strong></span> <span class='ocrx_word' id='word_1_177' title='bbox 563 2278 701 2315; x_wconf 88' lang='lat' dir='ltr'>Herod.</span> <span class='ocrx_word' id='word_1_178' title='bbox 740 2279 843 2317; x_wconf 86' lang='lat' dir='ltr'>Valla</span> <span class='ocrx_word' id='word_1_179' title='bbox 869 2282 1046 2330; x_wconf 83' lang='grc' dir='ltr'><strong><em>ζωστῆρα</em></strong></span> 
     </span>
     <span class='ocr_line' id='line_1_35' title="bbox 384 2333 1046 2385; baseline 0.006 -16"><span class='ocrx_word' id='word_1_180' title='bbox 384 2333 561 2370; x_wconf 75' lang='lat' dir='ltr'>intellexit</span> <span class='ocrx_word' id='word_1_181' title='bbox 593 2334 765 2379; x_wconf 79' lang='lat' dir='ltr'>balteum;</span> <span class='ocrx_word' id='word_1_182' title='bbox 807 2349 914 2385; x_wconf 86' lang='lat' dir='ltr'>quem</span> <span class='ocrx_word' id='word_1_183' title='bbox 942 2349 1046 2373; x_wconf 88' lang='lat' dir='ltr'>secu-</span> 
     </span>
     <span class='ocr_line' id='line_1_36' title="bbox 388 2387 1044 2430; baseline 0.005 -5"><span class='ocrx_word' id='word_1_184' title='bbox 388 2392 446 2425; x_wconf 90' lang='lat' dir='ltr'>tus</span> <span class='ocrx_word' id='word_1_185' title='bbox 476 2387 676 2428; x_wconf 84' lang='lat' dir='ltr'>Larcherus</span> <span class='ocrx_word' id='word_1_186' title='bbox 703 2391 844 2430; x_wconf 77' lang='lat' dir='ltr'>Gallice</span> <span class='ocrx_word' id='word_1_187' title='bbox 871 2393 960 2430; x_wconf 87' lang='lat' dir='ltr'>haec</span> <span class='ocrx_word' id='word_1_188' title='bbox 992 2393 1044 2429; x_wconf 82' lang='lat' dir='ltr'>ita</span> 
     </span>
     <span class='ocr_line' id='line_1_37' title="bbox 388 2446 1044 2495; baseline 0.005 -13"><span class='ocrx_word' id='word_1_189' title='bbox 388 2446 587 2495; x_wconf 86' lang='lat' dir='ltr'>expressit:</span> <span class='ocrx_word' id='word_1_190' title='bbox 629 2447 687 2492; x_wconf 66' lang='lat' dir='ltr'>„a</span> <span class='ocrx_word' id='word_1_191' title='bbox 711 2448 732 2483; x_wconf 91' lang='lat' dir='ltr'>l&#39;</span> <span class='ocrx_word' id='word_1_192' title='bbox 744 2449 911 2495; x_wconf 80' lang='lat' dir='ltr'>endroit,</span> <span class='ocrx_word' id='word_1_193' title='bbox 942 2449 990 2484; x_wconf 76' lang='lat' dir='ltr'>ou</span> <span class='ocrx_word' id='word_1_194' title='bbox 1010 2448 1044 2486; x_wconf 92' lang='lat' dir='ltr'>le</span> 
     </span>
     <span class='ocr_line' id='line_1_38' title="bbox 388 2500 1044 2554; baseline 0.008 -18"><span class='ocrx_word' id='word_1_195' title='bbox 388 2500 563 2538; x_wconf 89' lang='lat' dir='ltr'>baudrier</span> <span class='ocrx_word' id='word_1_196' title='bbox 606 2502 844 2550; x_wconf 88' lang='lat' dir='ltr'>s’attachoit,</span> <span class='ocrx_word' id='word_1_197' title='bbox 891 2505 1044 2554; x_wconf 88' lang='lat' dir='ltr'>pendoit</span> 
     </span>
     <span class='ocr_line' id='line_1_39' title="bbox 388 2559 1043 2608; baseline 0.006 -15"><span class='ocrx_word' id='word_1_198' title='bbox 388 2569 460 2594; x_wconf 90' lang='lat' dir='ltr'>une</span> <span class='ocrx_word' id='word_1_199' title='bbox 477 2569 592 2607; x_wconf 90' lang='lat' dir='ltr'>coupe</span> <span class='ocrx_word' id='word_1_200' title='bbox 613 2559 744 2596; x_wconf 88' lang='lat' dir='ltr'>d&#39;or.“</span> <span class='ocrx_word' id='word_1_201' title='bbox 774 2560 954 2608; x_wconf 87' lang='lat' dir='ltr'>Equidem</span> <span class='ocrx_word' id='word_1_202' title='bbox 966 2573 1043 2596; x_wconf 87' lang='lat' dir='ltr'>ma-</span> 
     </span>
     <span class='ocr_line' id='line_1_40' title="bbox 387 2611 1043 2666; baseline 0.006 -18"><span class='ocrx_word' id='word_1_203' title='bbox 387 2612 449 2650; x_wconf 88' lang='lat' dir='ltr'>lim</span> <span class='ocrx_word' id='word_1_204' title='bbox 472 2611 676 2664; x_wconf 70' lang='grc' dir='ltr'><strong><em>συμβολήν</em></strong></span> <span class='ocrx_word' id='word_1_205' title='bbox 705 2617 868 2666; x_wconf 86' lang='lat' dir='ltr'>accipere</span> <span class='ocrx_word' id='word_1_206' title='bbox 895 2617 942 2653; x_wconf 88' lang='lat' dir='ltr'>de</span> <span class='ocrx_word' id='word_1_207' title='bbox 968 2618 1043 2652; x_wconf 78' lang='lat' dir='ltr'>cin-</span> 
     </span>
     <span class='ocr_line' id='line_1_41' title="bbox 387 2669 1041 2719; baseline 0.008 -15"><span class='ocrx_word' id='word_1_208' title='bbox 387 2669 471 2717; x_wconf 81' lang='lat' dir='ltr'>guli</span> <span class='ocrx_word' id='word_1_209' title='bbox 508 2670 675 2707; x_wconf 71' lang='lat' dir='ltr'>claustris</span> <span class='ocrx_word' id='word_1_210' title='bbox 715 2671 841 2719; x_wconf 83' lang='lat' dir='ltr'>(Nos:</span> <span class='ocrx_word' id='word_1_211' title='bbox 888 2671 1041 2718; x_wconf 75' lang='lat' dir='ltr'>Sclaeloss,</span> 
     </span>
     <span class='ocr_line' id='line_1_42' title="bbox 387 2726 1041 2779; baseline 0.003 -16"><span class='ocrx_word' id='word_1_212' title='bbox 387 2726 664 2775; x_wconf 73' lang='lat' dir='ltr'>Gu‘rtelsclaeloss)</span> <span class='ocrx_word' id='word_1_213' title='bbox 678 2757 687 2774; x_wconf 89' lang='lat'>,</span> <span class='ocrx_word' id='word_1_214' title='bbox 714 2729 845 2777; x_wconf 88' lang='lat' dir='ltr'>quibus</span> <span class='ocrx_word' id='word_1_215' title='bbox 863 2741 1041 2779; x_wconf 79' lang='lat' dir='ltr'>suspensa</span> 
     </span>
     <span class='ocr_line' id='line_1_43' title="bbox 385 2783 1040 2834; baseline 0.005 -17"><span class='ocrx_word' id='word_1_216' title='bbox 385 2783 461 2819; x_wconf 90' lang='lat' dir='ltr'>sive</span> <span class='ocrx_word' id='word_1_217' title='bbox 482 2795 623 2821; x_wconf 84' lang='lat' dir='ltr'>annexa</span> <span class='ocrx_word' id='word_1_218' title='bbox 648 2785 753 2821; x_wconf 83' lang='lat' dir='ltr'>suerit</span> <span class='ocrx_word' id='word_1_219' title='bbox 773 2784 916 2834; x_wconf 86' lang='lat' dir='ltr'>phiala,</span> <span class='ocrx_word' id='word_1_220' title='bbox 958 2797 1040 2821; x_wconf 89' lang='lat' dir='ltr'>eum</span> 
     </span>
     <span class='ocr_line' id='line_1_44' title="bbox 383 2839 1040 2890; baseline 0.006 -16"><span class='ocrx_word' id='word_1_221' title='bbox 383 2839 459 2876; x_wconf 90' lang='lat' dir='ltr'>sere</span> <span class='ocrx_word' id='word_1_222' title='bbox 486 2839 523 2876; x_wconf 91' lang='lat' dir='ltr'>in</span> <span class='ocrx_word' id='word_1_223' title='bbox 551 2840 722 2887; x_wconf 89' lang='lat' dir='ltr'>modum,</span> <span class='ocrx_word' id='word_1_224' title='bbox 773 2853 846 2890; x_wconf 92' lang='lat' dir='ltr'>quo</span> <span class='ocrx_word' id='word_1_225' title='bbox 880 2841 1040 2878; x_wconf 83' lang='lat' dir='ltr'>reddidit</span> 
     </span>
    </p>
   </div>
   <div class='ocr_carea' id='block_1_10' title="bbox 1031 1240 1703 1298">
    <p class='ocr_par' dir='ltr' id='par_1_12' title="bbox 1031 1240 1703 1298">
     <span class='ocr_line' id='line_1_45' title="bbox 1031 1240 1703 1298; baseline -0.001 -11"><span class='ocrx_word' id='word_1_226' title='bbox 1031 1243 1103 1287; x_wconf 86' lang='grc' dir='ltr'>καὶ</span> <span class='ocrx_word' id='word_1_227' title='bbox 1144 1240 1229 1287; x_wconf 87' lang='grc' dir='ltr'>άπὸ</span> <span class='ocrx_word' id='word_1_228' title='bbox 1269 1241 1349 1298; x_wconf 75' lang='grc' dir='ltr'>μὲν</span> <span class='ocrx_word' id='word_1_229' title='bbox 1388 1241 1579 1286; x_wconf 86' lang='grc' dir='ltr'><strong><em>Σκύθεω</em></strong></span> <span class='ocrx_word' id='word_1_230' title='bbox 1620 1246 1703 1288; x_wconf 86' lang='grc' dir='ltr'><strong><em>τοῦ</em></strong></span> 
     </span>
    </p>
   </div>
   <div class='ocr_carea' id='block_1_11' title="bbox 1095 1433 1761 2893">
    <p class='ocr_par' dir='ltr' id='par_1_13' title="bbox 1098 1433 1761 2105">
     <span class='ocr_line' id='line_1_46' title="bbox 1098 1433 1760 1485; baseline 0.002 -14"><span class='ocrx_word' id='word_1_231' title='bbox 1098 1433 1217 1479; x_wconf 75' lang='lat' dir='ltr'>mint,</span> <span class='ocrx_word' id='word_1_232' title='bbox 1263 1433 1354 1472; x_wconf 83' lang='lat' dir='ltr'>alter</span> <span class='ocrx_word' id='word_1_233' title='bbox 1385 1434 1513 1472; x_wconf 86' lang='lat' dir='ltr'>Gallus</span> <span class='ocrx_word' id='word_1_234' title='bbox 1557 1436 1760 1485; x_wconf 83' lang='lat' dir='ltr'>interpres:</span> 
     </span>
     <span class='ocr_line' id='line_1_47' title="bbox 1099 1491 1760 1540; baseline 0 -14"><span class='ocrx_word' id='word_1_235' title='bbox 1099 1491 1173 1538; x_wconf 79' lang='lat' dir='ltr'>„la</span> <span class='ocrx_word' id='word_1_236' title='bbox 1195 1492 1348 1527; x_wconf 74' lang='lat' dir='ltr'>ceinture</span> <span class='ocrx_word' id='word_1_237' title='bbox 1364 1493 1500 1540; x_wconf 80' lang='lat' dir='ltr'>portaz&#39;t</span> <span class='ocrx_word' id='word_1_238' title='bbox 1525 1493 1548 1528; x_wconf 82' lang='grc' dir='ltr'><strong><em>ιὶ</em></strong></span> <span class='ocrx_word' id='word_1_239' title='bbox 1570 1491 1593 1528; x_wconf 82' lang='lat' dir='ltr'>l’</span> <span class='ocrx_word' id='word_1_240' title='bbox 1607 1491 1760 1537; x_wconf 83' lang='lat' dir='ltr'>endroit,</span> 
     </span>
     <span class='ocr_line' id='line_1_48' title="bbox 1100 1546 1761 1598; baseline 0.002 -15"><span class='ocrx_word' id='word_1_241' title='bbox 1100 1548 1143 1583; x_wconf 76' lang='grc' dir='ltr'><strong><em>οἰι</em></strong></span> <span class='ocrx_word' id='word_1_242' title='bbox 1192 1546 1255 1583; x_wconf 83' lang='lat' dir='ltr'>elle</span> <span class='ocrx_word' id='word_1_243' title='bbox 1300 1548 1512 1598; x_wconf 75' lang='lat' dir='ltr'>s&#39;agrafait</span> <span class='ocrx_word' id='word_1_244' title='bbox 1551 1561 1601 1584; x_wconf 83' lang='lat' dir='ltr'>un</span> <span class='ocrx_word' id='word_1_245' title='bbox 1634 1549 1761 1598; x_wconf 83' lang='lat' dir='ltr'>flacon</span> 
     </span>
     <span class='ocr_line' id='line_1_49' title="bbox 1103 1603 1761 1654; baseline 0 -14"><span class='ocrx_word' id='word_1_246' title='bbox 1103 1604 1237 1648; x_wconf 84' lang='lat' dir='ltr'>d&#39;or‚“</span> <span class='ocrx_word' id='word_1_247' title='bbox 1275 1610 1386 1652; x_wconf 84' lang='lat' dir='ltr'>atque</span> <span class='ocrx_word' id='word_1_248' title='bbox 1415 1603 1523 1641; x_wconf 84' lang='lat' dir='ltr'>Italus</span> <span class='ocrx_word' id='word_1_249' title='bbox 1556 1605 1761 1654; x_wconf 87' lang='lat' dir='ltr'>interpres:</span> 
     </span>
     <span class='ocr_line' id='line_1_50' title="bbox 1102 1659 1759 1709; baseline 0.002 -14"><span class='ocrx_word' id='word_1_250' title='bbox 1102 1659 1165 1707; x_wconf 76' lang='lat' dir='ltr'>„il</span> <span class='ocrx_word' id='word_1_251' title='bbox 1189 1660 1292 1709; x_wconf 75' lang='lat' dir='ltr'>quale</span> <span class='ocrx_word' id='word_1_252' title='bbox 1310 1659 1495 1709; x_wconf 86' lang='lat' dir='ltr'>(cingolo)</span> <span class='ocrx_word' id='word_1_253' title='bbox 1517 1660 1580 1697; x_wconf 80' lang='lat' dir='ltr'>all’</span> <span class='ocrx_word' id='word_1_254' title='bbox 1605 1660 1759 1698; x_wconf 79' lang='lat' dir='ltr'>estremi-</span> 
     </span>
     <span class='ocr_line' id='line_1_51' title="bbox 1102 1716 1761 1768; baseline 0 -16"><span class='ocrx_word' id='word_1_255' title='bbox 1102 1718 1143 1752; x_wconf 77' lang='grc' dir='ltr'>ΐιὶ</span> <span class='ocrx_word' id='word_1_256' title='bbox 1160 1716 1216 1752; x_wconf 78' lang='lat' dir='ltr'>del</span> <span class='ocrx_word' id='word_1_257' title='bbox 1229 1716 1429 1766; x_wconf 82' lang='lat' dir='ltr'>sormaglz‘o</span> <span class='ocrx_word' id='word_1_258' title='bbox 1452 1729 1562 1754; x_wconf 82' lang='lat' dir='ltr'>aveva</span> <span class='ocrx_word' id='word_1_259' title='bbox 1579 1730 1653 1754; x_wconf 86' lang='lat' dir='ltr'>una</span> <span class='ocrx_word' id='word_1_260' title='bbox 1661 1716 1761 1768; x_wconf 87' lang='lat' dir='ltr'>fiala</span> 
     </span>
     <span class='ocr_line' id='line_1_52' title="bbox 1103 1773 1761 1823; baseline 0.002 -14"><span class='ocrx_word' id='word_1_261' title='bbox 1103 1773 1249 1810; x_wconf 80' lang='lat' dir='ltr'>d’or0.“</span> <span class='ocrx_word' id='word_1_262' title='bbox 1295 1773 1343 1810; x_wconf 91' lang='lat' dir='ltr'>Et</span> <span class='ocrx_word' id='word_1_263' title='bbox 1364 1774 1456 1810; x_wconf 90' lang='lat' dir='ltr'>hanc</span> <span class='ocrx_word' id='word_1_264' title='bbox 1477 1774 1761 1823; x_wconf 85' lang='lat' dir='ltr'>interpretatio-</span> 
     </span>
     <span class='ocr_line' id='line_1_53' title="bbox 1101 1829 1759 1879; baseline 0 -13"><span class='ocrx_word' id='word_1_265' title='bbox 1101 1841 1206 1875; x_wconf 87' lang='lat' dir='ltr'>nem,</span> <span class='ocrx_word' id='word_1_266' title='bbox 1250 1829 1443 1866; x_wconf 89' lang='lat' dir='ltr'>vernaculo</span> <span class='ocrx_word' id='word_1_267' title='bbox 1469 1842 1616 1879; x_wconf 90' lang='lat' dir='ltr'>quoque</span> <span class='ocrx_word' id='word_1_268' title='bbox 1644 1830 1759 1868; x_wconf 83' lang='lat' dir='ltr'>inter-</span> 
     </span>
     <span class='ocr_line' id='line_1_54' title="bbox 1099 1885 1760 1936; baseline 0.002 -14"><span class='ocrx_word' id='word_1_269' title='bbox 1099 1886 1195 1936; x_wconf 87' lang='lat' dir='ltr'>preti</span> <span class='ocrx_word' id='word_1_270' title='bbox 1223 1885 1439 1936; x_wconf 87' lang='lat' dir='ltr'>probatam,</span> <span class='ocrx_word' id='word_1_271' title='bbox 1468 1886 1683 1923; x_wconf 82' lang='lat' dir='ltr'>confirmare</span> <span class='ocrx_word' id='word_1_272' title='bbox 1708 1886 1760 1922; x_wconf 87' lang='lat' dir='ltr'>vi-</span> 
     </span>
     <span class='ocr_line' id='line_1_55' title="bbox 1102 1942 1761 1992; baseline 0.003 -14"><span class='ocrx_word' id='word_1_273' title='bbox 1102 1942 1257 1988; x_wconf 90' lang='lat' dir='ltr'>dentur,</span> <span class='ocrx_word' id='word_1_274' title='bbox 1296 1955 1391 1991; x_wconf 87' lang='lat' dir='ltr'>quae</span> <span class='ocrx_word' id='word_1_275' title='bbox 1410 1943 1504 1979; x_wconf 79' lang='lat' dir='ltr'>infra</span> <span class='ocrx_word' id='word_1_276' title='bbox 1522 1942 1692 1992; x_wconf 82' lang='lat' dir='ltr'>leguntur</span> <span class='ocrx_word' id='word_1_277' title='bbox 1712 1942 1761 1980; x_wconf 87' lang='lat' dir='ltr'>de</span> 
     </span>
     <span class='ocr_line' id='line_1_56' title="bbox 1101 1998 1760 2049; baseline 0 -15"><span class='ocrx_word' id='word_1_278' title='bbox 1101 1998 1243 2047; x_wconf 77' lang='lat' dir='ltr'>Scythis</span> <span class='ocrx_word' id='word_1_279' title='bbox 1266 1999 1463 2036; x_wconf 85' lang='lat' dir='ltr'>etiamnum</span> <span class='ocrx_word' id='word_1_280' title='bbox 1484 1998 1622 2049; x_wconf 77' lang='lat' dir='ltr'>phialas</span> <span class='ocrx_word' id='word_1_281' title='bbox 1642 2012 1662 2036; x_wconf 90' lang='lat' dir='ltr'>e</span> <span class='ocrx_word' id='word_1_282' title='bbox 1685 1999 1760 2035; x_wconf 84' lang='lat' dir='ltr'>ein-</span> 
     </span>
     <span class='ocr_line' id='line_1_57' title="bbox 1102 2054 1673 2105; baseline 0.002 -15"><span class='ocrx_word' id='word_1_283' title='bbox 1102 2054 1188 2104; x_wconf 88' lang='lat' dir='ltr'>gulo</span> <span class='ocrx_word' id='word_1_284' title='bbox 1212 2067 1407 2105; x_wconf 85' lang='lat' dir='ltr'>suspensas</span> <span class='ocrx_word' id='word_1_285' title='bbox 1435 2055 1673 2104; x_wconf 89' lang='lat' dir='ltr'>gestantibus.</span> 
     </span>
    </p>

    <p class='ocr_par' dir='ltr' id='par_1_14' title="bbox 1100 2109 1759 2499">
     <span class='ocr_line' id='line_1_58' title="bbox 1159 2109 1756 2162; baseline 0.002 -13"><span class='ocrx_word' id='word_1_286' title='bbox 1159 2112 1230 2161; x_wconf 85' lang='grc' dir='ltr'>τῆς</span> <span class='ocrx_word' id='word_1_287' title='bbox 1252 2110 1463 2162; x_wconf 80' lang='grc' dir='ltr'><strong><em>ἐπιστολῆς</em></strong></span> <span class='ocrx_word' id='word_1_288' title='bbox 1485 2109 1756 2162; x_wconf 82' lang='grc' dir='ltr'><strong><em>μεμνημένην]</em></strong></span> 
     </span>
     <span class='ocr_line' id='line_1_59' title="bbox 1104 2164 1758 2216; baseline -0.002 -11"><span class='ocrx_word' id='word_1_289' title='bbox 1104 2164 1288 2216; x_wconf 73' lang='grc' dir='ltr'><strong><em>ἐπιστολὴ</em></strong></span> <span class='ocrx_word' id='word_1_290' title='bbox 1321 2169 1454 2205; x_wconf 89' lang='lat' dir='ltr'>dicitur</span> <span class='ocrx_word' id='word_1_291' title='bbox 1471 2168 1701 2214; x_wconf 72' lang='lat' dir='ltr'>mandatura,</span> <span class='ocrx_word' id='word_1_292' title='bbox 1729 2180 1758 2204; x_wconf 86' lang='lat' dir='ltr'>s.</span> 
     </span>
     <span class='ocr_line' id='line_1_60' title="bbox 1105 2222 1759 2273; baseline 0 -14"><span class='ocrx_word' id='word_1_293' title='bbox 1105 2224 1279 2273; x_wconf 74' lang='lat' dir='ltr'>quidquid</span> <span class='ocrx_word' id='word_1_294' title='bbox 1301 2226 1516 2273; x_wconf 76' lang='lat' dir='ltr'>iniungitur.</span> <span class='ocrx_word' id='word_1_295' title='bbox 1564 2225 1673 2261; x_wconf 80' lang='lat' dir='ltr'>Conf.</span> <span class='ocrx_word' id='word_1_296' title='bbox 1699 2222 1759 2269; x_wconf 88' lang='lat' dir='ltr'>Vl,</span> 
     </span>
     <span class='ocr_line' id='line_1_61' title="bbox 1103 2279 1757 2321; baseline -0.008 -1"><span class='ocrx_word' id='word_1_297' title='bbox 1103 2281 1158 2321; x_wconf 87' lang='grc'>50</span> <span class='ocrx_word' id='word_1_298' title='bbox 1181 2286 1219 2318; x_wconf 86' lang='lat' dir='ltr'>et</span> <span class='ocrx_word' id='word_1_299' title='bbox 1237 2281 1440 2318; x_wconf 83' lang='lat' dir='ltr'>Blornfield.</span> <span class='ocrx_word' id='word_1_300' title='bbox 1466 2282 1503 2317; x_wconf 86' lang='lat' dir='ltr'>in</span> <span class='ocrx_word' id='word_1_301' title='bbox 1525 2279 1688 2317; x_wconf 86' lang='lat' dir='ltr'>Glossar.</span> <span class='ocrx_word' id='word_1_302' title='bbox 1710 2279 1757 2315; x_wconf 88' lang='lat' dir='ltr'>ad</span> 
     </span>
     <span class='ocr_line' id='line_1_62' title="bbox 1102 2336 1757 2385; baseline -0.002 -13"><span class='ocrx_word' id='word_1_303' title='bbox 1102 2336 1265 2385; x_wconf 72' lang='lat' dir='ltr'>Aeschyl</span> <span class='ocrx_word' id='word_1_304' title='bbox 1300 2336 1485 2374; x_wconf 88' lang='lat' dir='ltr'>Prometh.</span> <span class='ocrx_word' id='word_1_305' title='bbox 1517 2338 1554 2376; x_wconf 85' lang='lat'>3.</span> <span class='ocrx_word' id='word_1_306' title='bbox 1605 2336 1757 2382; x_wconf 80' lang='lat' dir='ltr'>Moneo,</span> 
     </span>
     <span class='ocr_line' id='line_1_63' title="bbox 1102 2392 1757 2441; baseline -0.003 -11"><span class='ocrx_word' id='word_1_307' title='bbox 1102 2405 1149 2430; x_wconf 88' lang='lat' dir='ltr'>ne</span> <span class='ocrx_word' id='word_1_308' title='bbox 1194 2393 1275 2441; x_wconf 89' lang='lat' dir='ltr'>quis</span> <span class='ocrx_word' id='word_1_309' title='bbox 1312 2392 1504 2430; x_wconf 89' lang='lat' dir='ltr'>lectionem</span> <span class='ocrx_word' id='word_1_310' title='bbox 1547 2405 1642 2429; x_wconf 92' lang='lat' dir='ltr'>nunc</span> <span class='ocrx_word' id='word_1_311' title='bbox 1681 2393 1757 2429; x_wconf 89' lang='lat' dir='ltr'>iure</span> 
     </span>
     <span class='ocr_line' id='line_1_64' title="bbox 1100 2447 1758 2514; baseline -0.002 -29"><span class='ocrx_word' id='word_1_312' title='bbox 1100 2449 1338 2514; x_wconf 86' lang='lat' dir='ltr'>proscriptam</span> <span class='ocrx_word' id='word_1_313' title='bbox 1361 2447 1543 2499; x_wconf 77' lang='grc' dir='ltr'><strong><em>ἒπιτολης</em></strong></span> <span class='ocrx_word' id='word_1_314' title='bbox 1556 2449 1649 2485; x_wconf 78' lang='lat' dir='ltr'>tueri</span> <span class='ocrx_word' id='word_1_315' title='bbox 1660 2448 1758 2485; x_wconf 89' lang='lat' dir='ltr'>velit.</span> 
     </span>
    </p>

    <p class='ocr_par' dir='ltr' id='par_1_15' title="bbox 1095 2499 1759 2893">
     <span class='ocr_line' id='line_1_65' title="bbox 1159 2499 1759 2555; baseline 0.002 -13"><span class='ocrx_word' id='word_1_316' title='bbox 1159 2499 1234 2542; x_wconf 77' lang='grc' dir='ltr'>οὔκ</span> <span class='ocrx_word' id='word_1_317' title='bbox 1277 2504 1388 2550; x_wconf 87' lang='grc' dir='ltr'><strong><em>οιόυς</em></strong></span> <span class='ocrx_word' id='word_1_318' title='bbox 1436 2519 1476 2542; x_wconf 90' lang='grc' dir='ltr'><strong><em>τε</em></strong></span> <span class='ocrx_word' id='word_1_319' title='bbox 1521 2503 1759 2555; x_wconf 85' lang='grc' dir='ltr'><strong><em>γενομένους</em></strong></span> 
     </span>
     <span class='ocr_line' id='line_1_66' title="bbox 1101 2556 1759 2612; baseline 0 -13"><span class='ocrx_word' id='word_1_320' title='bbox 1101 2558 1302 2607; x_wconf 76' lang='grc' dir='ltr'><strong><em>ἐξικέσθαι</em></strong></span> <span class='ocrx_word' id='word_1_321' title='bbox 1332 2556 1431 2610; x_wconf 82' lang='grc' dir='ltr'><strong><em>πρὸς</em></strong></span> <span class='ocrx_word' id='word_1_322' title='bbox 1453 2557 1522 2599; x_wconf 85' lang='grc' dir='ltr'><strong><em>τὸν</em></strong></span> <span class='ocrx_word' id='word_1_323' title='bbox 1551 2561 1759 2612; x_wconf 83' lang='grc' dir='ltr'><strong><em>προκείμε-</em></strong></span> 
     </span>
     <span class='ocr_line' id='line_1_67' title="bbox 1102 2613 1758 2669; baseline -0.002 -15"><span class='ocrx_word' id='word_1_324' title='bbox 1102 2631 1174 2655; x_wconf 82' lang='grc' dir='ltr'>νον</span> <span class='ocrx_word' id='word_1_325' title='bbox 1197 2613 1362 2666; x_wconf 69' lang='grc' dir='ltr'><strong><em>ἄεθλον]</em></strong></span> <span class='ocrx_word' id='word_1_326' title='bbox 1395 2617 1415 2653; x_wconf 91' lang='lat' dir='ltr'>i.</span> <span class='ocrx_word' id='word_1_327' title='bbox 1436 2630 1467 2654; x_wconf 92' lang='lat' dir='ltr'>e.</span> <span class='ocrx_word' id='word_1_328' title='bbox 1487 2630 1563 2654; x_wconf 83' lang='lat' dir='ltr'>cum</span> <span class='ocrx_word' id='word_1_329' title='bbox 1577 2619 1758 2669; x_wconf 77' lang='lat' dir='ltr'>proposito</span> 
     </span>
     <span class='ocr_line' id='line_1_68' title="bbox 1100 2675 1754 2723; baseline 0.006 -15"><span class='ocrx_word' id='word_1_330' title='bbox 1100 2675 1282 2709; x_wconf 74' lang='lat' dir='ltr'>certamini</span> <span class='ocrx_word' id='word_1_331' title='bbox 1297 2676 1409 2709; x_wconf 78' lang='lat' dir='ltr'>essent</span> <span class='ocrx_word' id='word_1_332' title='bbox 1424 2675 1585 2723; x_wconf 79' lang='lat' dir='ltr'>impares.</span> <span class='ocrx_word' id='word_1_333' title='bbox 1618 2675 1659 2711; x_wconf 90' lang='lat' dir='ltr'>ln</span> <span class='ocrx_word' id='word_1_334' title='bbox 1673 2686 1754 2723; x_wconf 87' lang='lat' dir='ltr'>sqq.</span> 
     </span>
     <span class='ocr_line' id='line_1_69' title="bbox 1099 2730 1756 2780; baseline 0.002 -15"><span class='ocrx_word' id='word_1_335' title='bbox 1099 2743 1179 2765; x_wconf 81' lang='lat' dir='ltr'>cuin</span> <span class='ocrx_word' id='word_1_336' title='bbox 1213 2730 1328 2765; x_wconf 66' lang='lat' dir='ltr'>(laiss.</span> <span class='ocrx_word' id='word_1_337' title='bbox 1368 2734 1405 2766; x_wconf 89' lang='lat' dir='ltr'>et</span> <span class='ocrx_word' id='word_1_338' title='bbox 1447 2730 1582 2769; x_wconf 70' lang='lat' dir='ltr'>Matth.</span> <span class='ocrx_word' id='word_1_339' title='bbox 1631 2730 1756 2780; x_wconf 87' lang='lat' dir='ltr'>scripsi</span> 
     </span>
     <span class='ocr_line' id='line_1_70' title="bbox 1099 2780 1756 2839; baseline 0.005 -17"><span class='ocrx_word' id='word_1_340' title='bbox 1099 2780 1232 2823; x_wconf 72' lang='grc' dir='ltr'><strong><em>αὐτῶν</em></strong></span> <span class='ocrx_word' id='word_1_341' title='bbox 1251 2798 1316 2835; x_wconf 86' lang='lat' dir='ltr'>pro</span> <span class='ocrx_word' id='word_1_342' title='bbox 1341 2780 1492 2824; x_wconf 74' lang='grc' dir='ltr'><strong><em>αὐτέων</em></strong></span> <span class='ocrx_word' id='word_1_343' title='bbox 1513 2791 1550 2825; x_wconf 87' lang='lat' dir='ltr'>et</span> <span class='ocrx_word' id='word_1_344' title='bbox 1571 2785 1756 2839; x_wconf 80' lang='grc' dir='ltr'><strong><em>βασιλέας</em></strong></span> 
     </span>
     <span class='ocr_line' id='line_1_71' title="bbox 1095 2842 1394 2893; baseline 0.01 -16"><span class='ocrx_word' id='word_1_345' title='bbox 1095 2854 1162 2892; x_wconf 88' lang='lat' dir='ltr'>pro</span> <span class='ocrx_word' id='word_1_346' title='bbox 1190 2842 1394 2893; x_wconf 81' lang='grc' dir='ltr'><strong><em>βασιλῆας.</em></strong></span> 
     </span>
    </p>
   </div>
   <div class='ocr_carea' id='block_1_12' title="bbox 1762 470 1844 512">
    <p class='ocr_par' dir='ltr' id='par_1_16' title="bbox 1762 470 1844 512">
     <span class='ocr_line' id='line_1_72' title="bbox 1762 470 1844 512; baseline 0 0"><span class='ocrx_word' id='word_1_347' title='bbox 1762 470 1844 512; x_wconf 83' lang='grc'>285</span> 
     </span>
    </p>
   </div>
  </div>
 </body>
</html>
