1863 3256
433 170 518 211 568

827 181 1286 227 HERODOTI

433 277 645 334 ῥύσαντο,
694 286 767 329 καὶ
807 287 851 338 ἐς
895 289 1044 348 Θήρην
1092 293 1352 341 ἀπέστειλαν.
1417 301 1586 359 ἐτέρους
1631 310 1677 354 δέ

429 364 548 401 τινας
583 357 670 396 τῶν
707 359 990 412 Κυρηναίων,
1029 362 1072 413 ἐς
1109 365 1280 423 πύργον
1308 369 1442 426 μέγαν
1468 373 1677 433 Ἀγλωμά-

425 434 506 472 χου
555 426 885 479 καταφυγόντας
933 430 1172 487 ἰδιωτικὸν,
1221 438 1330 496 ὕλην
1374 445 1603 501 περινήσας
1650 448 1674 493 ὁ

398 485 694 543 4Ἀρκεσίλεως
739 494 954 553 ἐνέπρησε.
1016 506 1190 548 Μαθὼν
1241 509 1286 553 δὲ
1323 510 1391 554 ἐπ’
1430 513 1674 573 ἐξεργασμέ-

422 572 536 602 νοισι
564 561 612 604 τὸ
640 564 850 620 μαντήϊον
878 567 950 612 ἐὸν
977 576 1126 626 τοῦτο,
1155 576 1221 620 ὅτι
1249 596 1325 634 μιν
1353 580 1379 638 ἦ
1411 586 1561 643 Πυθίη
1590 588 1728 632 οὕκ50

423 629 473 671 ἔα
501 629 685 683 εὑρόντα
713 633 760 676 ἐν
785 640 839 692 τῇ
865 643 1030 701 καμίνῳ
1059 645 1162 698 τοὺς
1184 647 1406 705 α’μφορὲας
1429 654 1668 713 ἐξοπτῆσαι,

420 700 564 754 ἔργετο
594 699 706 745 ἑκών
733 709 808 761 τῆς
834 713 920 753 τῶν
949 716 1213 772 Κυρηναίων
1236 719 1408 774 πόλιος,
1439 727 1668 784 δειμαίνων

359 880 428 918 huc
457 883 550 920 inter
577 891 794 941 metropolin
816 900 928 946 atque
950 913 1010 937 co-

357 935 488 975 loniam
517 941 792 986 familiaritatem
827 956 1009 1000 quandam

357 993 538 1042 viguisse,
573 1004 611 1036 ut
641 1010 763 1042 monet
783 1007 921 1058 Thrige
940 1011 961 1048 l.
983 1016 1006 1051 l.

353 1061 439 1098 pag.
462 1054 555 1092 221.
607 1056 645 1093 ln
666 1059 746 1109 ipsa
769 1063 912 1112 Cyrene
931 1080 1007 1106 rem

351 1106 530 1154 publicam
565 1122 587 1147 a
619 1112 845 1157 Demonacte
889 1124 1004 1172 magis

351 1161 399 1197 ad
419 1164 628 1213 popularem
647 1171 799 1211 formam
817 1178 1001 1218 redactam

351 1216 472 1255 denuo
510 1228 684 1263 mutatam
725 1241 826 1279 esse,
875 1247 1000 1283 regum

347 1278 550 1325 potestate,
595 1282 711 1329 qualis
749 1291 833 1325 ante
862 1288 1001 1329 Demo-

347 1335 489 1369 nactem
537 1335 674 1384 fuerat,
736 1344 998 1395 redintegrata,

347 1397 564 1436 quamquam
602 1393 744 1433 disertis
782 1401 899 1438 verbis
947 1404 992 1440 ab

311 1440 536 1491 ¹Herodoto
576 1460 649 1486 non
690 1452 888 1504 indicatur,
938 1460 996 1496 vix

344 1500 466 1536 tamen
509 1501 596 1539 illud
637 1510 770 1555 poterit
816 1512 995 1561 dubitari3

341 1565 463 1602 neque
480 1569 565 1594 vero
586 1559 738 1611 Thrigio
759 1578 905 1614 possum
929 1571 995 1607 ad-

341 1611 489 1658 sentiri,
520 1616 604 1662 qui,
633 1630 676 1654 eo
699 1622 798 1668 quod
815 1636 883 1661 nec
902 1625 994 1675 βου-

340 1661 410 1714 λή,
447 1680 514 1706 nee
544 1673 668 1720 populi
699 1688 764 1724 per
794 1680 906 1717 tribus
930 1682 994 1720 de-

339 1722 484 1772 scriptio
523 1727 630 1765 suerit
660 1732 856 1781 abrogata,
898 1741 993 1777 teste

336 1777 533 1819 Aristotele
556 1783 632 1820 Pol.
653 1787 716 1833 w,
736 1792 760 1829 6
784 1789 862 1840 (Vl,
885 1796 910 1833 2
929 1795 991 1832 fin.

337 1834 395 1870 ed.
423 1835 628 1888 Schneid.)‚
665 1844 819 1883 civitatis
854 1854 989 1888 statum

335 1890 383 1926 ad
403 1892 557 1939 priscam
577 1897 727 1936 formam
743 1901 851 1950 plane
876 1906 988 1944 fuisse

334 1946 515 1986 redactam
552 1958 676 2001 negat.
745 1957 916 2009 Namque
958 1961 987 2014 ἦ

332 2001 472 2054 βουλὴ,
489 2007 561 2044 sive
570 2014 728 2059 senatus,
749 2016 827 2052 mea
840 2018 984 2065 quidem

332 2062 511 2098 sententia
547 2065 596 2100 ad
627 2068 802 2118 populare
840 2074 986 2113 minime

330 2117 504 2163 pertinuit
523 2119 727 2170 imperium,
755 2139 876 2176 neque
897 2142 985 2169 sane

329 2183 421 2219 opus
464 2179 541 2211 erat
575 2178 761 2228 abrogatis
805 2185 982 2235 tribubus,

328 2238 477 2274 quarum
499 2231 570 2268 vim
591 2238 730 2273 tantum
753 2250 794 2275 ac
819 2245 983 2290 potesta-

328 2287 399 2318 tem
430 2285 652 2327 ‹lt-minutam
684 2294 793 2332 fuisse
822 2298 979 2337 credam.

326 2337 375 2373 Et
390 2338 644 2382 Aristotelouin
670 2350 717 2385 ad
738 2349 857 2389 locum
879 2357 980 2403 quod

325 2394 474 2442 attinet,
516 2400 726 2441 Schneider.
757 2406 793 2442 in
814 2409 908 2446 Add.
930 2411 976 2448 T.

326 2448 357 2484 ll
377 2463 460 2499 pag.
482 2454 561 2493 502
582 2465 724 2506 monet,
762 2464 874 2501 videri
896 2480 976 2504 eum

323 2505 371 2541 ad
402 2510 602 2555 posteriora
647 2519 812 2566 tempora
851 2522 976 2558 referri

323 2561 470 2609 deberi,
529 2579 606 2603 cuin
659 2571 705 2607 de
752 2573 975 2614 democratia

320 2617 433 2666 priori
453 2622 607 2668 quadam
627 2624 795 2675 loquatur
807 2631 974 2669 Herodo-

321 2677 390 2709 tus.
408 2696 461 2702 —
501 2677 540 2713 ln
561 2691 664 2730 seqq.
687 2679 841 2735 πύργον
863 2687 971 2726 ἰδιω-

319 2727 429 2769 τικόν
451 2735 588 2780 privati
613 2737 759 2775 hominis
784 2742 870 2779 dicit
892 2748 971 2780 tur-

320 2787 391 2833 rin,
424 2789 476 2824 cui
500 2794 694 2841 opponitur
722 2799 820 2845 regia
846 2812 873 2836 s.
900 2814 970 2850 pu-

1067 904 1159 941 blica
1182 909 1303 944 turris.
1345 909 1467 961 Supra
1487 911 1516 960 Ῐ,
1539 917 1590 956 21
1615 920 1720 965 σῖτος

1068 960 1274 1010 ἰδιωτικός.
1305 963 1364 1001 Ad
1385 968 1532 1006 verbum
1555 971 1719 1026 περινή-

1065 1028 1136 1062 σας
1162 1021 1254 1058 conf.
1279 1025 1372 1057 nott.
1405 1024 1453 1059 ad
1480 1025 1517 1071 l,
1557 1028 1611 1068 50
1637 1030 1716 1068 coll.

1063 1072 1133 1120 Vl,
1163 1076 1215 1114 80
1244 1081 1280 1113 et
1307 1077 1354 1114 de
1383 1083 1563 1119 structura
1580 1083 1714 1125 Matth.

1062 1128 1127 1168 Gr.
1155 1130 1219 1167 Gr.
1249 1129 1285 1182 ἓ.
1309 1133 1386 1174 411
1410 1140 1484 1172 not.
1504 1137 1531 1178 4
1559 1152 1596 1190 p.
1621 1139 1714 1182 754.

1113 1209 1180 1251 ἐπ’
1206 1212 1535 1272 ἐξεργασμένοισι]
1571 1221 1630 1261 Ad
1659 1225 1712 1262 lo-

1057 1270 1238 1307 cutionem
1269 1274 1362 1310 conf.
1389 1274 1494 1322 Vlll,
1533 1278 1599 1319 95.
1646 1281 1712 1330 IX,

1055 1326 1109 1363 77
1144 1330 1179 1362 et
1209 1340 1301 1375 quae
1330 1328 1398 1366 alia
1432 1333 1550 1370 attulit
1574 1335 1708 1374 Matth.

1055 1380 1121 1416 Gr.
1160 1382 1224 1419 Gr.
1268 1383 1305 1435 ἓ.
1343 1386 1424 1427 565
1462 1402 1550 1438 pag·
1589 1395 1707 1434 1113-

1052 1435 1270 1486 wesseling.
1317 1441 1491 1480 citaverat
1537 1444 1707 1497 Aeschyl.

1050 1490 1151 1529 Pers.
1180 1493 1260 1534 526
1284 1491 1385 1547 (531
1411 1499 1562 1547 Blomf.‚
1600 1516 1706 1552 quem

1050 1547 1122 1583 vid.
1139 1549 1173 1584 in
1197 1549 1328 1601 gloss.)
1356 1552 1568 1601 Agamemn.
1599 1561 1706 1602 1388

1051 1601 1181 1648 (1350
1200 1606 1405 1645 Blomfield.
1420 1639 1431 1656 ‚
1463 1625 1568 1660 quem
1590 1617 1706 1665 conf.)

1050 1657 1176 1709 Eurip.
1206 1661 1336 1700 Bacch.
1373 1668 1492 1707 1037.
1556 1668 1704 1712 Etenim

1049 1714 1106 1751 hic
1135 1715 1200 1754 loci
1231 1731 1377 1757 sensus:
1432 1722 1617 1774 L'bivero,
1647 1729 1703 1766 his

1048 1772 1119 1807 iam
1138 1777 1368 1822 perpetratis,
1412 1782 1548 1818 oraculi
1566 1796 1702 1823 sensum

1047 1827 1097 1873 (s.
1117 1829 1205 1876 quid
1221 1831 1288 1867 sibi
1306 1832 1412 1870 vellet
1429 1838 1628 1888 oraculum)
1647 1844 1701 1879 in-

1046 1883 1191 1921 tellexit.
1208 1886 1305 1924 Hinc
1318 1889 1408 1926 infra
1425 1893 1555 1931 (licitur
1575 1894 1700 1949 εἱμαρ-

1045 1936 1126 1977 τών
1151 1944 1223 1980 τοῦ
1245 1948 1445 1994 χρησμοῦ,
1477 1951 1538 1998 qui
1562 1955 1697 1992 oraculi

1044 2008 1189 2034 sensum
1205 2011 1278 2035 non
1298 2010 1479 2041 assecutus
1492 2012 1582 2054 erat,
1596 2011 1696 2058 quod

1042 2053 1224 2101 amphoris
1254 2056 1290 2092 in
1319 2059 1456 2096 camino
1480 2062 1623 2102 inclusis
1645 2067 1695 2103 si-

1041 2109 1230 2156 gnificarat
1258 2112 1352 2149 viros
1371 2114 1578 2163 Cyrenaeos
1607 2124 1695 2160 turri

1040 2164 1194 2202 inclusos
1233 2172 1268 2204 et
1298 2172 1448 2208 materia
1475 2175 1694 2216 circumdata

1039 2226 1215 2258 crematos
1241 2225 1494 2274 amphorarum
1514 2233 1560 2267 ad
1581 2233 1693 2270 instar

1038 2276 1075 2312 in
1103 2277 1219 2314 surm).
1248 2302 1302 2306 ——
1341 2283 1398 2318 Ad
1431 2281 1503 2323 οὐκ
1527 2285 1570 2324 ἔα
1596 2291 1689 2327 conf.

1038 2332 1083 2379 ll,
1105 2334 1159 2373 30
1181 2334 1265 2384 ibiq.
1290 2342 1383 2374 nott.
1402 2339 1463 2387 lv,
1482 2343 1578 2382 203.

1092 2415 1220 2467 ἔργετο
1243 2416 1343 2456 ἑκών
1371 2436 1403 2458 κ.
1432 2437 1463 2460 τ.
1492 2424 1550 2475 λ.]
1599 2428 1622 2465 i.
1653 2442 1686 2467 e.

1034 2472 1125 2508 ultro
1143 2475 1313 2510 abstinuit
1335 2476 1484 2526 Cyrenes
1501 2484 1594 2521 urbe.
1625 2485 1685 2523 Cs-

1032 2526 1078 2572 ll,
1094 2530 1144 2568 18
1163 2530 1247 2577 ibiq.
1268 2537 1358 2568 nott.
1389 2535 1495 2572 Hanc
1508 2551 1592 2576 vero
1604 2540 1685 2578 reli-

1031 2586 1109 2619 ctai·
1124 2584 1284 2632 Cyrenes
1303 2602 1445 2627 causam
1464 2592 1573 2632 habet
1585 2609 1684 2634 com-

1030 2640 1230 2676 mentitiam
1254 2642 1394 2692 'shrige
1419 2660 1453 2697 p.
1479 2651 1577 2698 183,
1607 2654 1683 2701 qui,

1029 2693 1145 2741 idem,
1191 2702 1230 2732 ut
1267 2700 1417 2738 xiilimus
1434 2731 1444 2748 ,
1503 2708 1682 2747 oraculum

1028 2749 1143 2798 ipsum
1164 2757 1246 2801 post
1271 2757 1438 2795 Arcesilai
1463 2767 1615 2801 mortem
1632 2766 1679 2803 ad

1029 2807 1078 2842 rei
1113 2811 1319 2848 memoriam
1346 2818 1582 2866 compositum
1606 2829 1678 2858 sta-
