1863 3256
419 163 504 204 382

811 149 1312 217 nEnonon

415 269 557 327 χώρης
571 268 842 328 Ὀμβρίκων,
874 274 1046 328 Κάρπις
1062 272 1279 329 ποταμός,
1307 273 1381 315 καὶ
1399 272 1686 326 ἄλλος”Αλπις

418 342 641 397 ποταμὸς,
681 343 792 397 πρὸς
829 346 972 400 βορῆν
1013 345 1185 398 ῥέοντες
1214 343 1401 399 ἄνεμον,
1447 345 1521 388 καὶ
1563 340 1688 389 οὗτοι

389 412 647 456 5ἔκδιδοῦσι
682 413 724 463 ἐς
765 412 915 456 αὐτόν.
976 414 1064 469 ῥέει
1105 415 1189 470 γὰρ
1231 414 1283 471 δὴ
1323 414 1395 458 διά
1435 415 1575 471 πάσης
1611 420 1687 473 τῆς

418 482 638 538 Εὐρώπης
668 483 690 525 ὁ
710 483 902 538 Ἴστρος,
936 483 1177 541 ἀρξάμενος
1205 486 1251 528 ἐκ
1276 489 1471 536 Κελτῶν,
1504 489 1547 529 οἳ
1569 487 1686 542 ἔσχα-

416 571 484 596 τοι
514 553 625 608 πρός
653 552 783 609 ἡλίου
814 555 1013 611 δυσμέων
1032 557 1136 612 μετὰ
1156 556 1362 613 Κύνητας
1385 557 1578 601 οἰκέουσι
1598 561 1688 602 τῶν
1699 565 1744 598 30

419 626 467 668 ἐν
495 629 548 680 τῇ
579 623 799 681 Εὐρώπη·
845 626 960 681 ῥέων
990 628 1035 671 δὲ
1066 627 1137 671 διὰ
1167 627 1307 685 πάσης
1346 633 1421 684 τῆς
1450 627 1686 684 Εὐρώπης,

291 695 357 740 50
415 695 458 746 ἐς
496 695 549 737 τοὶ
584 695 747 751 πλάγια
784 700 860 752 τῆς
896 700 1095 754 Σκυθίης
1132 699 1342 755 ἐσβάλλει.

360 886 428 917 rat.
482 880 566 924 Quo
595 884 719 918 tamen
755 881 832 917 iure
863 880 1021 918 Umbros

359 938 406 974 ab
440 937 634 974 Herodoto
677 937 726 974 ad
754 938 902 974 Adriam
935 938 1022 987 poni

359 998 498 1031 asserat
520 993 686 1030 Bredow.
709 994 866 1043 Specim.
882 994 1021 1042 Geogr.

359 1055 398 1088 et
409 1049 610 1099 Uranolog.
624 1051 764 1087 Herod.
784 1063 871 1100 pag.
886 1050 1022 1097 XXlV,

359 1107 529 1156 equidem
550 1119 624 1143 non
643 1107 819 1156 intelligo.
858 1108 1024 1155 Rectius,

360 1164 516 1213 opinor,
537 1162 716 1200 Niebuhr.
730 1164 837 1201 Rom.
852 1164 986 1202 Gesch.
1008 1164 1024 1201 l

361 1232 446 1270 pag.
477 1220 531 1259 98
568 1218 681 1270 [pag.
713 1222 789 1261 149
817 1221 875 1258 ed.
905 1221 1022 1270 sec.]‚

362 1289 473 1326 quem
498 1275 565 1314 Cr.
587 1277 729 1323 citavit,
759 1281 910 1324 monet,
932 1278 1024 1315 Um·

362 1333 463 1370 briae
493 1345 628 1370 nomen
658 1334 756 1383 apud
783 1333 946 1372 Graecos
972 1334 1024 1371 la-

363 1390 436 1426 tius
463 1394 590 1439 patere
624 1389 710 1427 inde
744 1402 765 1426 a
799 1391 879 1427 sinu
916 1392 1025 1428 maris

362 1445 565 1483 Hadriatici
593 1447 878 1496 septentrionem
900 1451 937 1483 et
965 1461 1024 1484 oc-

361 1502 542 1539 cidentem
552 1515 677 1540 versus
691 1515 806 1552 usque
819 1504 866 1540 ad
878 1503 1024 1553 Alpium

361 1558 523 1605 radices,
561 1559 694 1595 finibus
725 1560 872 1597 minime
896 1560 1025 1596 defini-

330 1658 333 1662 *
361 1615 430 1660 tis,
478 1614 617 1664 quippe
659 1615 695 1651 in
735 1620 831 1653 terra
868 1616 1022 1653 Graecis

360 1683 508 1720 prorsus
554 1671 760 1720 incognita,
840 1672 1023 1710 Herodoti

360 1732 528 1778 tempora
568 1729 597 1764 si
630 1732 784 1778 spectes.
843 1729 904 1766 Tu
940 1730 1024 1767 vide

361 1784 411 1820 sis
432 1797 580 1833 quoque
597 1785 781 1822 Mannert.
801 1785 940 1835 Geogr.
958 1786 1023 1833 IX,

367 1842 386 1879 1
409 1854 495 1891 pag.
511 1843 594 1882 302
614 1854 692 1891 seq.
712 1840 795 1883 435
814 1855 890 1891 seq.
922 1842 1022 1879 C.O.

364 1896 507 1934 Miiller.
536 1897 700 1935 Etruscc.
725 1898 736 1934 l
758 1912 795 1948 p.
821 1902 900 1940 102
918 1912 1022 1948 seqq.

422 1949 644 2004 ἀρξάμενος
662 1953 703 1993 ἐκ
720 1956 893 2005 Κελτῶν]
914 1956 1024 1993 Cous.

364 2010 410 2058 ll,
428 2012 482 2052 33
501 2012 624 2060 ibique
645 2016 758 2058 nott„
787 2012 848 2049 ubi
872 2013 919 2050 de
939 2012 1025 2049 Cel—

363 2068 411 2104 tis
442 2080 537 2117 quae
566 2069 666 2105 dicta
695 2072 801 2115 sunt,
848 2069 891 2105 iis
927 2081 1025 2106 nunc

362 2124 463 2162 adde
492 2124 540 2161 sis
576 2124 717 2175 Ephori
753 2125 921 2173 fragmm.
965 2126 1023 2163 ed.

364 2180 472 2217 Marx
501 2194 589 2231 pag.
623 2179 701 2222 145
732 2194 833 2230 seq.,
874 2186 1024 2219 notante

365 2236 453 2283 Ciu,
482 2237 561 2274 coll.
581 2237 756 2275 Niebuhr.
769 2238 876 2275 Boin.
889 2238 1023 2277 Gesch.

363 2292 397 2329 11
419 2306 504 2343 pag.
525 2294 606 2335 575
639 2295 696 2331 ed.
721 2308 791 2332 sec.
841 2295 882 2331 ln
904 2308 1023 2344 seqq.‚

363 2362 459 2397 quae
492 2363 534 2387 ex
554 2351 731 2388 Hecataei
762 2351 892 2388 Milesii
922 2352 1025 2389 Peri-

362 2406 425 2455 plo
440 2406 634 2455 deperdito
649 2408 806 2456 repetita
822 2408 1023 2444 v11ltR1au-

363 2474 437 2499 sen.
459 2463 506 2498 ad
528 2462 656 2499 Hecat.
672 2464 838 2511 fragium.
863 2477 947 2513 pag.
969 2463 1017 2503 41

363 2530 461 2568 seq..
490 2518 601 2555 verba
624 2516 719 2567 μετοέ
747 2515 935 2569 Κύνητας
960 2533 1023 2555 va-

361 2573 457 2612 lent:
490 2578 634 2623 praeter
657 2574 826 2625 Cyneum,
869 2578 1021 2626 exceptis

362 2630 575 2681 Cyneffbus,
614 2645 705 2680 quos
744 2631 889 2668 ultimos
927 2633 1020 2669 oeci-

360 2688 510 2726 dentem
540 2700 663 2726 versus
692 2689 728 2724 in
748 2687 898 2739 Europa
919 2689 1020 2725 habi-

360 2748 441 2782 tare
465 2757 574 2795 supra
599 2744 647 2791 H,
681 2746 734 2784 33
764 2745 927 2791 dixerat,
960 2746 1020 2781 ubi

362 2802 423 2850 qui
440 2801 475 2838 h.
501 2801 523 2838 l.
548 2796 728 2851 Κύνητες
748 2801 807 2848 (et
822 2802 919 2851 apud
934 2802 1020 2839 Ste-

1406 698 1592 744 Τούτων
1622 693 1686 742 ὧν

1079 882 1188 933 phan.
1210 883 1299 931 Byz.
1317 894 1346 918 s.
1364 883 1440 930 v.),
1490 884 1513 919 ii
1545 887 1631 920 sunt
1659 885 1742 922 Κυ-

1079 934 1226 988 νήσιοι.
1273 938 1334 976 Sic
1356 939 1430 985 lv,
1457 938 1511 979 53
1543 939 1644 986 (coll.
1658 937 1742 988 ’59)

1080 991 1176 1045 μετοὲ
1196 992 1371 1045 Ἴστρον,
1408 999 1444 1032 et
1474 1007 1570 1044 quae
1591 995 1663 1032 alia
1683 996 1742 1032 of-

1079 1053 1152 1089 fert
1171 1051 1331 1088 Fischer.
1357 1051 1405 1088 ad
1426 1050 1576 1089 Weller.
1602 1050 1676 1099 111,
1705 1051 1741 1089 b.

1080 1121 1166 1159 pag.
1203 1110 1297 1149 200.
1368 1107 1487 1158 Ipsum
1524 1119 1661 1145 nomen
1683 1107 1742 1159 ‘ab

1080 1178 1169 1214 agro
1182 1165 1311 1202 Cuneo
1329 1164 1450 1213 (quod
1469 1170 1681 1215 corruptum
1699 1175 1742 1201 ex

1081 1222 1225 1257 Graeco
1247 1221 1396 1258 nomine
1417 1216 1573 1271 Κύνης)
1597 1233 1639 1258 ac
1656 1233 1744 1271 pro-

1080 1278 1262 1314 montorio
1301 1277 1429 1326 (quod
1460 1290 1556 1315 nunc
1584 1277 1744 1314 Sanctae

1082 1334 1224 1371 Mariae
1243 1333 1424 1383 perhiberi
1443 1335 1647 1382 testantur)
1677 1333 1745 1369 du-

1082 1395 1179 1427 ctum
1206 1395 1331 1427 censet
1358 1390 1406 1426 ls.
1434 1390 1540 1426 Voss.
1566 1390 1614 1426 ad
1635 1390 1745 1426 Pom-

1081 1460 1167 1497 pon.
1188 1445 1275 1483 Mel.
1298 1446 1360 1492 lli,
1387 1448 1424 1490 1,
1445 1447 1525 1493 56,
1565 1446 1613 1482 ad
1634 1458 1744 1494 quem

1082 1503 1200 1540 locum
1235 1515 1332 1539 nunc
1375 1502 1482 1539 etiam
1529 1503 1655 1539 confer
1693 1501 1742 1538 sis

1081 1559 1298 1597 Tzsch11‹:ke
1321 1560 1357 1595 in
1377 1563 1469 1595 nott.
1489 1562 1647 1608 exegett.
1661 1557 1742 1595 Vol.

1080 1616 1130 1652 lll
1152 1616 1192 1652 P.
1213 1615 1261 1651 111
1282 1627 1368 1665 pag.
1395 1618 1444 1656 19
1466 1628 1571 1664 seqq.
1624 1615 1741 1651 Sedes

1081 1673 1201 1721 gentis
1225 1672 1321 1707 intra
1345 1672 1497 1708 Sacrum
1523 1672 1742 1708 Promonto-

1079 1730 1171 1765 rium
1183 1729 1295 1778 (Cap.
1310 1728 1340 1764 V
1344 1729 1484 1777 incent)
1496 1732 1533 1765 et
1544 1728 1660 1764 Anam
1672 1727 1742 1764 ssu-

1079 1786 1174 1822 vium
1195 1785 1426 1831 (Guadiana)
1444 1785 1613 1834 adeoque
1633 1784 1741 1821 etiam

1081 1842 1174 1879 ultra
1204 1841 1299 1878 huuc
1318 1854 1460 1879 amnem
1490 1842 1529 1878 in
1549 1840 1741 1888 Algarbia,

1082 1911 1178 1947 quae
1189 1910 1284 1934 nunc
1293 1903 1455 1935 vocatur.
1470 1898 1551 1934 Vid.
1562 1896 1742 1934 Schlicht-

1080 1955 1194 1992 horst.
1216 1955 1252 1991 in
1276 1954 1373 1991 Diss.
1395 1954 1586 2004 peculiari:
1618 1953 1742 1991 Ueber

1081 2012 1118 2049 d.
1142 2011 1336 2048 W'ohnsitz
1362 2012 1427 2048 der
1445 2011 1623 2059 Cynesier
1652 2009 1742 2046 oder

1081 2069 1255 2117 Cyneter.
1279 2068 1449 2115 Gotting.
1474 2070 1521 2108 17
1530 2068 1593 2106 93.
1611 2067 1636 2105 8
1654 2077 1741 2116 pag.

1081 2128 1106 2165 7
1126 2138 1231 2174 seqq.
1261 2123 1342 2160 coll.
1371 2124 1531 2161 Heeren.
1564 2123 1676 2160 ldeen
1695 2122 1744 2170 11,

1085 2184 1102 2221 1
1129 2194 1214 2232 pag.
1238 2183 1331 2220 201.
1369 2180 1504 2229 Neque
1522 2180 1632 2226 enim,
1652 2178 1742 2216 alios

1080 2242 1122 2275 ut
1149 2243 1309 2283 taceam,
1353 2249 1506 2285 quorum
1539 2239 1743 2273 commenta

1080 2296 1194 2333 refert
1224 2293 1498 2330 Schlichthorst.
1524 2292 1544 2328 l.
1567 2291 1611 2338 l.‚
1649 2290 1740 2328 Nie-

1081 2352 1210 2388 buhrio
1241 2350 1415 2387 accedere
1449 2361 1599 2398 possum
1629 2347 1742 2394 (Veh

1079 2407 1229 2444 inischte
1239 2406 1386 2442 schrift.
1407 2405 1416 2441 l
1439 2418 1523 2455 pag.
1538 2403 1612 2444 141
1628 2407 1742 2452 seq.),

1079 2464 1140 2512 qui
1161 2465 1321 2511 Cynetes
1351 2462 1499 2498 minime
1521 2462 1556 2497 in
1579 2466 1740 2498 extremo

1080 2520 1282 2564 occidente,
1315 2519 1381 2556 sed
1399 2518 1520 2568 potius
1540 2518 1578 2554 in
1595 2522 1742 2567 septen-

1080 2577 1198 2612 trione
1237 2576 1478 2612 remotissimo
1513 2574 1740 2623 quaerendos

1078 2645 1160 2669 esse
1182 2633 1318 2668 statuit.
1368 2632 1425 2668 Cf.
1443 2632 1553 2668 etiam
1571 2629 1739 2667 Volcker.

1078 2688 1193 2737 Myth.
1215 2688 1354 2737 Geogr.
1378 2687 1392 2723 l
1416 2701 1451 2738 p.
1477 2686 1566 2728 154.

1141 2744 1179 2790 ἐς·
1213 2741 1261 2782 τοὶ
1287 2740 1434 2796 πλάγια
1458 2747 1532 2794 τῆς
1554 2741 1740 2791 Σκυθίης

1077 2798 1271 2852 ἐσβάλλει]
1320 2801 1545 2852 „Scythiam
1575 2814 1599 2838 a
1631 2801 1741 2837 latere
