1863 3256
438 256 1005 299 MELPOMENE.
1064 257 1127 296 IV.

1334 265 1417 304 543)

152 372 293 415 εἵνεκα
327 370 470 414 δοκέω
492 371 788 423 θεσπίζουσαν
815 368 896 425 τήν
928 368 1108 424 Πυθίην
1136 368 1315 411 καλέσαι
1345 388 1418 424 μιν
1430 380 1473 414 85

150 445 323 497 Λιβυκῇ
352 441 548 498 γλώσσῃ,
587 443 753 484 εἰδυῖαν
784 439 841 491 ὦς
872 438 1078 495 βασιλεὺς
1108 438 1226 481 ἔσται
1255 439 1303 482 ἐν
1333 445 1419 482 Λι-

119 513 251 569 3βὺῃ-
295 514 382 555 ἐπεί
412 530 455 556 τε
484 512 568 568 γάρ
598 510 807 569 ἠνδρώθη
838 507 990 562 οὗτος,
1020 505 1126 566 ἦλθε
1150 509 1193 559 ἐς
1215 511 1419 566 Δελφοὺς

151 585 250 637 περὶ
288 587 363 638 τῆς
400 588 569 640 φωνῆς·

150 657 228 710 θίη
258 653 382 697 τάδε·

115 745 137 779 4
185 740 314 786 Βάττ’,
345 740 403 777 ἐπὶ
429 741 559 788 φωνὴν
582 737 717 787 ἦλθες·
751 739 845 785 ἄναξ
870 742 913 777 δέ
939 754 976 777 σε
1001 745 1139 789 Φοῖβος
1160 741 1335 778 Ἀπόλλων

630 584 928 640 ἐπειρωτέοντι
965 582 1011 626 δέ
1049 583 1091 625 οἱ
1126 586 1208 638 χρᾷ
1247 580 1274 637 ἦ
1317 585 1418 624 Πυ-

1428 744 1474 778 90

228 801 266 842 ἐς
291 799 436 848 Λιβύην
458 799 592 844 πέμπει
613 801 849 848 μηλοτρόφον
873 804 1075 848 οἰκιστῆρα,

145 973 236 1026 περὶ
257 977 328 1025 τῆς
351 970 507 1024 φωνῆς]
556 971 652 1016 Quia
679 971 754 1009 scil.

92 1028 345 1083 ἰσχνόφωνος
376 1028 442 1068 καὶ
468 1025 637 1081 τραυλὸς
664 1033 754 1074 erat,

89 1089 274 1126 oraculum
298 1085 501 1132 consuluit,
542 1098 616 1134 quo
643 1090 754 1135 pacto

869 970 910 1020 ἒς
934 970 1100 1027 Λιβύην
1131 995 1187 1005 --
1216 969 1473 1026 μηλοτρόφον

813 1029 1034 1084 οἰκιστῆρα]
1077 1031 1197 1081 Libya
1227 1036 1377 1069 vocatur
1396 1047 1471 1082 μη-

811 1086 1026 1139 λοτρόφος,
1071 1090 1092 1126 i.
1119 1102 1151 1126 e.
1190 1101 1267 1125 oves
1296 1090 1470 1136 nutriens,

88 1147 135 1183 ab
153 1146 222 1182 hoc
240 1146 387 1193 linguae
409 1143 497 1180 vitio
525 1142 644 1192 possit
663 1141 755 1179 libe·
811 1147 929 1183 ombus
963 1147 1080 1189 ‹1500ae
1120 1159 1187 1183 nee
1213 1145 1316 1182 aliter
1348 1147 1472 1195 mylo-

87 1203 170 1239 rari.
184 1223 238 1230 —
257 1202 368 1245 Quod
391 1199 552 1248 sequitur
569 1198 752 1235 oraculum

87 1259 216 1296 iisdem
238 1259 409 1295 exhibent
430 1256 549 1292 verbis
568 1254 690 1291 Schol.
703 1255 752 1291 ad

86 1315 195 1352 Pind.
215 1315 322 1363 Pyth.
342 1314 405 1359 lV,
437 1314 500 1351 10.
523 1311 585 1351 15.
617 1311 750 1348 Tzetz.

87 1371 181 1408 Chil.
205 1371 268 1417 Vl,
287 1368 369 1411 345
389 1382 424 1419 p.
444 1369 538 1408 361.
566 1365 618 1403 At
638 1367 750 1404 multo

85 1429 266 1477 copiosius
279 1455 290 1473 ‚
325 1438 457 1463 novem
477 1424 640 1461 versibus
663 1436 750 1460 con-

86 1488 189 1521 stans
210 1485 307 1521 idem
330 1481 514 1519 oraculum
537 1493 633 1517 nunc
652 1480 753 1517 exhi-

84 1541 193 1578 betur
222 1542 261 1577 in
286 1539 441 1577 Diodori
469 1537 657 1586 Excerptt.
687 1536 751 1573 Li-

84 1597 142 1634 bri
171 1596 241 1634 Vll
288 1594 326 1646 ᾗ.
362 1595 413 1636 15
450 1594 551 1643 apud
581 1593 626 1630 A.
661 1592 750 1630 Mai.

86 1654 238 1703 Scriptt.
256 1653 357 1689 vett.
393 1650 502 1688 Nova
527 1650 678 1687 Collect.
700 1648 750 1686 T.

86 1710 120 1746 ll
140 1723 227 1760 pag.
252 1710 314 1750 13.
357 1708 539 1758 Spectant
567 1719 654 1744 vero
681 1705 751 1742 huc

85 1779 234 1815 quoque
254 1765 407 1801 Pindari
426 1764 537 1801 verba
558 1763 667 1812 Pyth.
698 1761 748 1800 IV

86 1824 160 1873 (59
181 1823 329 1872 seqq),
363 1821 461 1861 105:

109 1893 142 1932 ω’
160 1896 303 1953 μάκαρ
304 1894 360 1930 ὑιὲ
385 1894 676 1938 Πολυμνάστου,
709 1891 748 1928 σὲ

259 1941 267 1953 ’
288 1940 326 1976 ἐν
345 1940 465 1976 τούτω
486 1928 579 1987 λόγῳ

109 1989 269 2035 χρησμὸς
285 1986 437 2043 ὤρθωσε
441 2001 462 2020 ν
480 1989 650 2030 μελίσσας
660 1987 748 2019 Δελ-

226 2036 336 2079 φίὸος
360 2032 558 2090 αὐτομάτῳ
587 2031 748 2065 micion)-

113 2078 139 2115 α’
160 2093 198 2115 σε
215 2082 352 2124 χαίρειν
375 2078 409 2119 ἐς
428 2081 506 2123 τρὶς
536 2067 750 2113 mariacum

224 2125 467 2169 πεπρωμένον

109 2170 252 2218 βασιλέ’
275 2170 446 2215 ἄμφανεν
465 2168 635 2225 Κυράνᾳ

108 2217 300 2261 ὸυσθρόου
305 2230 444 2272 φωνας
458 2213 748 2259 ἀνακρινόμενον

198 2261 313 2298 ποινά
329 2264 384 2303 τίς
406 2262 507 2296 ἐσται
524 2260 617 2305 πρὸς
632 2262 746 2295 θεῶν.

143 2331 277 2383 Βάττ’,
315 2333 381 2374 ἐπὶ
416 2331 559 2385 φωνήν
592 2335 694 2383 nme
699 2332 743 2383 ς]

85 2393 217 2430 Battus
240 2394 285 2440 (ἰ.
305 2406 337 2432 e.
361 2405 443 2439 rests,
480 2404 526 2429 ex
555 2403 598 2428 eo
625 2403 747 2436 sensu,

86 2461 160 2497 quo
179 2462 306 2486 vocem
326 2445 474 2494 Βάττος
495 2461 515 2485 e
535 2451 657 2484 mente
669 2446 747 2483 He-

86 2505 209 2541 rodoti
226 2505 360 2553 Pythia
385 2504 525 2542 elocuta
551 2503 626 2553 est)
654 2504 747 2539 vocis

88 2574 197 2597 cansa
214 2563 363 2606 υθηίεΐίς
381 2562 564 2599 sciscitans
579 2561 653 2598 scil.
671 2573 745 2608 quo

86 2617 197 2654 modo
228 2630 249 2653 a
271 2617 416 2666 linguae
445 2618 531 2654 vitio
561 2617 678 2666 possis
704 2616 747 2652 li-

85 2673 218 2711 berari.
236 2693 288 2699 -—
320 2674 435 2719 „Inde
453 2674 489 2709 in
510 2673 692 2710 Plutarch.
714 2673 748 2710 11

85 2743 122 2780 p.
145 2729 225 2769 405
245 2729 289 2765 Β.
311 2742 348 2778 p.
368 2731 447 2769 660
459 2729 648 2778 wyttenb.
667 2743 747 2766 cor-

85 2786 216 2834 rigitur
237 2783 300 2823 ἐπὶ
321 2781 393 2832 τήν
416 2783 557 2835 φωνὴν
575 2801 746 2836 παραγε-

87 2839 270 2891 νόμενον.
301 2841 481 2877 Vid.·var.
494 2841 595 2878 Lect.
614 2848 651 2878 et
671 2847 745 2879 not.

85 2899 164 2937 crit.
188 2896 455 2947 ll'yttenbac'hii
477 2895 500 2933 l.
521 2897 577 2933 l.“
611 2897 640 2934 C
648 2910 676 2933 r.

808 1198 960 1251 τρόφος
985 1198 1096 1252 Ἀσίη
1136 1203 1236 1252 apud
1265 1201 1470 1238 Archiloch.

808 1260 975 1307 sragmm.
1006 1259 1059 1300 85
1092 1270 1179 1309 pag.
1209 1261 1302 1298 317.
1361 1258 1469 1301 Quae

808 1316 938 1352 eadem
958 1315 1080 1363 Libya
1102 1311 1364 1365 θηροτρόφος
1388 1327 1470 1352 cum

807 1371 1015 1421 appelletur
1034 1372 1134 1422 apud
1153 1371 1322 1421 Apollon.
1343 1370 1467 1408 Rhod.

809 1427 875 1474 IV,
898 1428 1027 1474 1561,
1067 1428 1104 1464 in
1123 1427 1278 1464 Scholiis
1298 1426 1470 1463 parisinis

809 1484 962 1521 affertur
994 1484 1094 1522 varia
1134 1483 1242 1521 lectio
1280 1478 1473 1534 μηλοτρό-

809 1556 909 1590 φος,
930 1554 1038 1590 quam
1060 1546 1183 1578 tamen
1205 1541 1471 1577 recentissimus

808 1599 931 1636 editor
953 1598 1080 1635 reiecit
1103 1597 1150 1634 ob
1173 1597 1328 1634 Varron.
1346 1596 1471 1633 Ataci-

807 1667 918 1700 num‚
976 1654 1037 1703 qui
1075 1653 1304 1703 Apollonium
1351 1652 1468 1702 respi-

808 1711 906 1748 ciens
925 1711 1128 1757 cecinerat,
1149 1715 1244 1747 teste
1262 1709 1466 1758 Philargyr.

804 1768 854 1804 ad
872 1767 998 1816 virgil.
1017 1768 1156 1815 Georg.
1174 1766 1235 1813 ΙΙΙ,
1263 1768 1359 1806 176;
1383 1765 1467 1815 feta

797 1823 891 1875 feris
908 1823 1034 1875 Libye.
1082 1823 1189 1867 Quae
1209 1823 1338 1860 eadem
1362 1822 1467 1871 regio

804 1881 924 1918 ovium
974 1893 1121 1930 quoque
1176 1882 1357 1930 proventu
1402 1892 1468 1929 pe-

804 1950 1001 1986 corumque
1044 1936 1272 1973 abundantia
1315 1935 1469 1984 insignis

804 1995 1052 2047 praedicatur,
1074 2006 1119 2030 ex
1134 2006 1205 2042 quo
1217 1993 1292 2029 fere
1305 1997 1470 2042 tempore

809 2051 962 2088 Graecis
980 2050 1150 2087 innotuit.
1181 2049 1241 2086 Tu
1255 2049 1338 2085 vide
1356 2049 1468 2085 modo

807 2108 961 2145 Homer.
1000 2107 1138 2156 Odyss.
1177 2105 1247 2152 lv,
1285 2107 1360 2151 85,
1406 2105 1470 2141 ubi

807 2163 974 2201 Nitzsch.
1005 2164 1097 2200 citat
1132 2163 1159 2199 I.
1190 2162 1240 2198 H.
1274 2161 1380 2199 Voss.
1417 2162 1467 2197 ad

806 2220 934 2269 Virgil.
957 2220 1096 2267 Georg.
1116 2219 1179 2265 Ill,
1202 2220 1283 2258 339
1306 2232 1342 2268 p·
1371 2220 1467 2258 609

806 2277 853 2322 ll,
877 2277 956 2317 149
984 2290 1021 2327 p.
1041 2278 1144 2319 3313
1185 2274 1332 2311 Pindar.
1357 2274 1467 2323 Pyth

804 2306 877 2380 lX,
913 2336 984 2377 10,
1034 2332 1096 2369 ubi
1138 2325 1368 2381 πολυμάλος
1399 2329 1468 2368 καὶ

803 2363 1139 2438 πολυκαρποτατη
1171 2384 1297 2439 χθων.
1358 2387 1469 2424 Plura

777 2447 907 2483 'dabit
946 2446 1087 2494 Thrige
1126 2445 1149 2482 l.
1190 2445 1214 2481 l.
1248 2457 1335 2494 pag.
1368 2444 1466 2490 228,

803 2502 865 2549 qui
894 2503 1021 2540 ovibus
1051 2503 1144 2539 hane
1177 2501 1365 2550 regionem
1394 2500 1466 2536 ho-

803 2560 937 2608 dieque
963 2559 1190 2596 nobilitatam
1227 2570 1307 2595 esse
1334 2557 1463 2600 addit3

803 2616 872 2652 nisi
891 2617 1010 2666 potius
1032 2616 1080 2653 de
1097 2615 1216 2665 capris
1237 2626 1385 2663 quoque
1401 2624 1464 2648 co-

803 2672 1017 2720 gitandum,
1067 2684 1157 2721 quas
1196 2669 1463 2718 frequentiores

805 2733 844 2765 et
864 2728 946 2766 olim
969 2733 1005 2766 et
1027 2741 1121 2765 nuuc
1141 2738 1289 2776 quoque
1308 2737 1374 2774 per
1395 2723 1462 2759 hos

804 2790 941 2822 tractus
956 2785 1067 2822 fuisse
1081 2784 1208 2820 asserit
1221 2780 1326 2817 l'ach.
1340 2778 1463 2827 Voya-

803 2854 850 2889 ge
877 2843 968 2878 dans
994 2841 1016 2877 l.
1054 2841 1223 2877 Marmar.
1252 2848 1338 2887 pag.
1367 2836 1463 2874 243.
