1946 3272
422 210 506 251 146
819 209 1291 249 HERODOTI

292 325 357 371 81
418 318 609 375 ἐσέφερε.
667 317 932 374 Μεγάβυζος
970 319 1016 363 δὲ
1054 318 1279 376 ὀλιγαρχίῃ
1318 317 1483 361 ἐκέλευε
1521 315 1692 371 ἔπιτρά-
1757 325 1838 365 239

89 388 284 457 ssffssffiffilff,
302 391 365 418 Λή·
423 407 545 442 πειν,
583 390 722 445 λέγων
750 390 873 433 τάδε·
932 391 1037 439 ,,Τά
1067 391 1146 446 μὲν
1172 389 1353 445 Ὀτάνης
1382 388 1496 435 εἶπε.
1537 403 1694 442 τυραν-

422 463 525 505 νίδα
562 459 738 509 παύων,
781 460 965 515 λελέχθω
1004 460 1134 515 κάμοὶ
1170 465 1328 504 ταῦτα·
1388 460 1440 502 τοὶ
1480 458 1522 503 δ’
1562 459 1604 510 ἐς
1643 458 1693 502 τὸ

421 536 591 588 πλῆθος
622 530 760 584 ἄνωγε
791 530 942 585 φέρειν
970 532 1018 574 τό
1049 531 1234 585 κράτος,
1280 530 1457 587 γνώμης
1486 534 1559 586 τῆς
1599 528 1696 584 ἀρί-

395 610 530 659 2στης
579 600 810 656 ἡμάρτηκε.
881 599 1036 656 ὁμίλου
1077 602 1160 657 γὰρ
1202 599 1387 657 ἄχρηΐου
1428 600 1560 645 οὐδέν
1609 602 1751 644 ἐστι55

424 672 761 725 ἀξυνετώτερον,
805 668 908 713 οὐδὲ
945 670 1281 727 ὑβριστότερον·
1340 673 1414 715 καί
1443 689 1510 715 τοι
1539 671 1693 727 τυράν-

423 760 507 786 νου
551 741 683 797 ὕβριν
712 740 960 796 φεύγοντας
998 741 1163 795 ἄνδρας
1204 741 1244 792 ἐς
1274 740 1417 796 δήμου
1447 740 1696 785 ἀκολάστου

395 814 561 868 3ὕβριν
589 810 756 854 πεσέειν
786 813 871 855 ἐστὶ
903 811 1106 867 οὐδαμῶς
1138 811 1385 867 ἀνασχετόν.
1446 811 1471 855 ὁ
1499 812 1694 868 μὲνγὰρ,

425 885 466 926 εἴ
491 901 531 926 τι
560 882 720 930 ποιέει,
750 882 980 937 γινώσκων
1008 883 1165 925 ποιέει·
1213 886 1275 938 τῷ
1306 882 1350 925 δὲ
1384 882 1439 925 ου’
1468 882 1698 938 γινώσκειν

423 953 501 996 ἔνι.
558 955 646 1002 κῶς
674 951 758 1008 γὰρ
791 953 846 996 ἂν
862 952 1092 1009 γινώσκοι,
1126 951 1176 1003 ὃς
1206 950 1304 995 οὔτ’
1335 951 1562 1010 ἐδιδάχθη,
1595 953 1695 996 οὔτε
1709 959 1755 992 69

369 1097 405 1133 in
447 1096 615 1143 fragmm.
665 1092 832 1144 Anaxag.
881 1095 1033 1143 (Bonn.

371 1153 500 1199 1829)
528 1163 615 1202 pag.
635 1151 700 1191 24.

547 1207 655 1256 Cap.
686 1207 857 1244 LXXXI.

427 1258 631 1316 ὀλιγαρχίη
647 1284 703 1291 —-
723 1259 967 1314 ἐπιτράπειν]
985 1277 1033 1302 sc.

370 1336 418 1359 τα
443 1315 654 1370 πρή)ματα
682 1319 890 1370 (rmperium,
920 1334 1035 1357 rerum

371 1389 539 1414 summam
577 1378 799 1426 permittere,
855 1378 1033 1427 tribuere),

373 1433 495 1483 quod
488 1445 606 1482 ipsum
623 1433 819 1469 additum
811 1435 956 1471 invenio
972 1434 1034 1482 VI,

372 1492 440 1530 26.
470 1489 551 1526 Alia
563 1489 663 1525 dabit
681 1489 885 1538 Schweigh.
897 1491 933 1527 in
945 1490 1032 1528 Lex.

371 1545 515 1582 Herod.
540 1557 568 1581 s.
592 1557 626 1581 v.

428 1597 475 1639 τοὶ
506 1596 547 1639 δ’
568 1599 606 1646 ἒς
627 1597 669 1640 'td
688 1603 848 1651 πλῆθος
874 1616 909 1640 κ.
931 1615 961 1639 τ.
985 1599 1034 1651 λ.]

372 1656 523 1694 Consul.
544 1657 674 1694 Matth.
705 1658 771 1694 Gr.
798 1658 864 1694 Gr.
893 1656 930 1708 ἓ.
951 1657 1034 1699 478

372 1727 457 1764 pag.
481 1711 575 1754 894.
607 1713 730 1750 Verba
750 1726 853 1763 seqq.
872 1708 1037 1765 γνώμης

373 1772 445 1819 τῆς
464 1765 625 1820 τῖρίστης
651 1765 856 1820 ’ἡμάρτηκε
877 1770 1036 1807 illustra-

372 1827 425 1863 vit
445 1826 585 1874 aliquot
609 1825 695 1862 locis
717 1827 891 1863 similibus
920 1839 1038 1877 appo-

375 1883 454 1919 sitis
476 1882 738 1931 Wyttenbach.
769 1883 817 1919 ad
840 1876 932 1918 PlutI
953 1882 1037 1919 Μο-

372 1938 439 1975 raI.
462 1938 476 1974 l
499 1951 582 1988 pag.
603 1939 679 1984 99,
709 1951 731 1974 a
760 1938 826 1975 Cr.
856 1938 1036 1975 laudatus.

375 1994 561 2031 ludicatur
581 1998 702 2030 autem
716 1995 892 2030 aberratio
916 2008 939 2030 a
959 2008 1037 2031 sen-

376 2052 490 2086 tentia
504 2051 708 2100 proposita,
738 2051 779 2087 ‹le
812 2063 882 2099 qua
910 2051 1038 2087 delibe-

375 2110 496 2153 retur,
539 2107 597 2142 cui
631 2107 889 2158 obtemperetur.
950 2107 1038 2144 Mox

376 2162 544 2200 meliores
590 2162 671 2199 libri
692 2176 700 2200 ε
752 2159 1036 2215 ’ὑβριστότερον

376 2218 575 2267 laudatque
595 2219 725 2256 Matth.
743 2219 765 2256 l.
787 2219 808 2256 l.
838 2218 875 2270 ᾖ.
898 2222 991 2267 128,
1009 2221 1036 2260 3

377 2287 463 2324 pag.
492 2274 586 2315 252.
652 2274 710 2311 Ad
738 2277 852 2326 ipsam
888 2281 1037 2314 senten-

377 2332 463 2367 tiam
483 2330 1038 2397 c011f.x11,156‚ubi:domos

377 2386 602 2435 συνοίκημα
624 2382 923 2437 αχαριτώτατον.

436 2441 476 2488 ἐς
502 2438 631 2493 δημου
664 2438 887 2483 α’κολαστου
917 2440 1038 2495 ὕβριν

377 2512 413 2536 κ.
443 2512 476 2536 τ.
494 2497 549 2547 λ.]
589 2498 648 2536 Tu
670 2499 767 2537 hisce
790 2502 923 2538 adhibe
955 2501 1039 2537 Pla-

376 2555 499 2591 tonica
531 2556 566 2590 in
595 2554 702 2592 Polit.
725 2556 830 2603 vul,
858 2559 909 2598 13
933 2569 1037 2606 seqq.

379 2613 416 2648 et
445 2610 687 2648 Ciceroniana
717 2612 775 2649 De
812 2626 888 2663 rep.
922 2613 1037 2659 1‚43

379 2679 458 2716 seq.
481 2666 560 2703 coll.
581 2666 766 2705 Aristotel.
796 2668 902 2706 Polit.
927 2669 990 2715 lv,
1012 2669 1038 2709 4

381 2720 420 2773 ὃ·
440 2722 488 2764 4:
518 2738 620 2787 μουι
625 2739 742 2774 αρχος
767 2740 840 2776 γαρ
869 2723 892 2764 ὁ
912 2725 1039 2774 δημος

381 2778 529 2830 γίνεται
560 2774 756 2826 σύνθετος
787 2777 843 2828 εἷς
872 2780 914 2820 ἐκ
945 2784 1037 2820 πολ-

381 2837 463 2874 λῶν
483 2850 518 2874 κ.
537 2850 569 2874 τ.
590 2837 623 2875 λ.

1147 1097 1204 1148 τῷ
1226 1092 1268 1134 δὲ
1290 1090 1339 1133 ου’
1357 1091 1568 1148 γινώσκειν
1591 1093 1662 1145 ἔνι]
1693 1095 1753 1132 Si-

1091 1151 1186 1189 miIia
1207 1153 1387 1201 quaedam
1410 1153 1456 1189 de
1476 1152 1591 1202 plebis
1612 1152 1755 1189 inscitia

1091 1221 1210 1245 rerum
1255 1209 1625 1245 administrandarum
1669 1209 1756 1245 citat

1092 1264 1314 1312 IVesseling.
1329 1277 1371 1301 ex
1380 1265 1507 1315 Eurip.
1522 1264 1650 1315 Suppl.
1662 1264 1756 1305 417.

1091 1321 1259 1359 Aeschin.
1278 1320 1375 1357 Dial.
1394 1321 1459 1369 III,
1484 1324 1545 1362 17.

1149 1428 1191 1478 ὃς
1213 1428 1301 1471 οὔτ’
1326 1428 1531 1483 ἐδιδάχθη,
1552 1430 1643 1472 οὔτε
1673 1429 1758 1473 οἶδε

1089 1486 1211 1528 καλὸν
1231 1484 1363 1535 ου’δὲν,
1385 1485 1458 1527 ov’o‘
1471 1485 1479 1500 ’
1493 1486 1665 1540 οἰκηϊον]
1689 1491 1710 1526 i.
1724 1504 1756 1528 e.

1092 1547 1154 1595 qui
1174 1558 1235 1581 nec
1258 1546 1436 1592 didicerit,
1457 1559 1517 1582 nec
1541 1549 1674 1583 noverit
1697 1547 1756 1583 lio-

1092 1605 1225 1638 nestum
1252 1602 1470 1652 quidquam,
1498 1615 1607 1652 neque
1637 1616 1756 1640 conve-

1091 1661 1202 1695 niens.
1270 1658 1441 1694 Valcken.
1473 1658 1755 1709 interpretatur:

1093 1717 1156 1765 qui
1184 1715 1275 1750 m'ln‘l
1297 1714 1417 1764 pulcri
1437 1714 1638 1764 honestique
1658 1717 1757 1752 novit

1093 1772 1212 1807 autab
1231 1771 1316 1807 aliis
1335 1771 1488 1818 edoctus,
1509 1776 1607 1808 (tuta
1627 1774 1756 1822 seipse,

1094 1827 1186 1877 quod
1212 1830 1259 1863 sit
1283 1830 1484 1877 proprium,
1513 1828 1566 1865 ita
1583 1833 1623 1865 ut
1644 1829 1755 1866 verba

1095 1881 1178 1923 οἶδε
1204 1879 1323 1921 οὐδὲν
1353 1880 1512 1934 υἰκήϊον
1538 1884 1635 1921 idem
1656 1884 1757 1922 vale-

1093 1944 1171 1986 ant,
1187 1944 1297 1988 atque
1315 1935 1434 1978 ου’δὲν
1446 1936 1554 1978 οἶδεν
1573 1940 1752 1988 οἴκοθεν,

1093 1997 1131 2032 id
1153 2000 1210 2033 est
1230 1995 1268 2042 ἐξ
1288 1994 1425 2035 αὑτοῦ.
1484 1996 1536 2033 Et
1553 2006 1674 2047 plures
1695 2002 1752 2034 at-

1094 2052 1177 2089 tulit
1196 2052 1251 2088 vir
1272 2052 1397 2088 doetus
1419 2052 1529 2099 locos,
1559 2054 1595 2089 in
1622 2054 1754 2102 quibus

1095 2109 1163 2145 sibi
1204 2114 1438 2159 opponantur
1478 2107 1648 2157 εἰδέναι,
1679 2111 1754 2147 sive

1094 2166 1238 2214 νοῆσαι
1259 2170 1296 2202 et
1327 2165 1580 2216 διδαχθῆναι.
1639 2166 1755 2216 Equi-

1094 2221 1199 2267 dem,
1229 2221 1289 2269 qui
1312 2222 1348 2257 in
1367 2222 1469 2258 huius
1488 2222 1555 2259 Ioci
1575 2223 1755 2272 interpre-

1093 2277 1230 2314 tatione
1257 2277 1460 2327 Schweigh.
1492 2284 1635 2315 secutus
1662 2291 1754 2325 sum,

1094 2333 1214 2369 malim
1238 2346 1316 2370 eum
1344 2335 1463 2371 Corae
1488 2331 1647 2385 οἰκήϊον
1672 2335 1706 2371 Ιι.
1730 2334 1753 2372 Ι.

1095 2402 1139 2427 eo
1156 2402 1265 2426 sensu
1285 2391 1462 2439 accipere,
1482 2403 1554 2439 quo
1578 2390 1665 2427 alias
1682 2406 1754 2429 κα-

1093 2447 1242 2495 θῆκον,
1275 2444 1426 2496 πρέπον
1447 2447 1652 2493 (honestum,
1675 2461 1754 2484 con-

1094 2502 1264 2552 veniens),
1278 2503 1327 2538 ita
1351 2508 1387 2539 ut
1408 2503 1670 2552 significatione
1681 2516 1754 2541 non

1095 2558 1202 2595 valde
1240 2559 1386 2595 recedat
1429 2560 1475 2595 ab
1519 2560 1753 2598 antecedenti

1094 2611 1239 2660 καλόν,
1267 2616 1365 2651 cuius
1385 2615 1498 2665 ipsius
1523 2616 1754 2666 ampliandae

1095 2683 1203 2707 causa
1241 2671 1338 2707 hund
1377 2673 1469 2718 scio,
1499 2684 1544 2707 an
1586 2673 1753 2709 additum

1094 2728 1241 2763 omniuo
1270 2728 1444 2764 videatur.
1504 2729 1653 2766 Praeter
1673 2729 1753 2765 Iso-

1096 2783 1202 2819 cratis
1228 2784 1325 2819 locos
1347 2797 1366 2819 a
1390 2784 1507 2820 Corai'·
1530 2784 1658 2822 allatos
1679 2784 1752 2822 vid.

1096 2839 1301 2888 Schweigh.
1322 2839 1408 2879 Lex.
1432 2840 1559 2889 Polyb.
1577 2854 1614 2892 p.
1631 2841 1723 2884 401.
