1863 3256
44 699 142 744 143

485 228 1174 269 MELPOMENE.1V.

1380 239 1463 277 519

196 338 480 394 ἐλευθέρους,
519 340 754 390 κακίστους
789 354 835 382 τε
871 339 944 382 καὶ
984 337 1340 394 ἀνανδροτάτους
1376 347 1519 397 πρέ-65

193 422 324 454 νουσι
369 409 481 454 εἶναι
525 408 732 453 ἁπάντων
771 409 1043 465 ἀνθρώπων·

1112 414 1244 454 τοῦτο
1284 411 1347 460 δὲ,
1404 412 1462 463 ὥς

193 482 368 525 δούλων
403 481 561 524 Ἰώνων
599 482 678 525 τόν
715 481 849 538 λόγον
885 481 1163 537 ποιεύμενοι,
1203 480 1464 536 ἀνδράποδα

193 552 488 608 φιλοδέσποτά
508 564 617 607 φασι
638 550 764 604 εἶναι,
795 554 868 596 καὶ
887 553 1078 610 ἄδρηστα
1097 552 1294 610 μάλιστα.
1326 557 1465 596 ταῦτα

191 623 271 679 μὲν
302 625 354 679 ὁή
385 623 591 679 Σκύθῃσι
621 623 663 673 ἐς
681 623 835 674 Ἴωνας
865 622 1138 680 άπέῤῥιπται.

308 699 500 748 Δαρεῖος
530 695 576 737 δὲ
609 694 681 738 διὰ
710 698 784 750 τῆς
807 698 996 752 Θρηΐκης
1017 695 1334 752 πορευόμενος,
1365 693 1462 737 ἀπί-

186 781 284 810 κετο
314 764 357 815 ἐς
380 765 554 821 Σηστὸν
583 769 662 822 τῆς
687 764 983 822 Χερσονήσου.
1015 766 1221 810 ἐνθεῦτεν
1252 767 1297 810 δὲ
1328 764 1529 816 αὕτὸς7οῑ

187 837 265 893 μὲν
295 836 414 892 διέβη
442 841 540 895 τῇσι
568 836 695 892 νηυσὶ
725 835 767 888 ἐς
795 835 874 893 τὴν
898 835 1066 894 Ἀσίην,
1097 840 1232 882 λείπει
1264 838 1310 881 δὲ
1338 842 1460 892 στρά-

187 907 322 963 τηγόν
361 906 408 950 ἐν
447 911 501 965 τῇ
530 907 728 963 Εὐρώπῃ
759 908 1043 966 Μεγάβαζον,
1086 911 1228 965 ἄνδρα
1260 910 1456 965 Πέρσην·

185 984 248 1038 τῷ
268 977 456 1034 Δαρεῖός
485 995 585 1022 κοτε
616 979 749 1022 ἔδωκε
769 978 910 1036 γέρας,
940 981 1114 1025 τοιόνδε
1135 984 1258 1033 εἴπας
1280 981 1326 1024 ἐν
1347 981 1458 1035 Πέρ-

157 1058 291 1109 Ξσῃσι
321 1052 435 1102 ἔπος.
492 1049 756 1107 (ὁρμημένου
783 1053 979 1106 Δαρείου
1009 1052 1133 1109 ῥοιὰς
1162 1051 1368 1109 τρώγειν,
1400 1051 1461 1104 οἱς

128 1170 363 1224 ποιεύμενοι
394 1175 541 1226 proprie
560 1174 703 1213 valent:
745 1175 793 1212 de

128 1230 275 1269 Ionibus
302 1235 341 1268 ut
370 1233 477 1268 servis
497 1232 603 1268 verba
616 1230 792 1281 facientes

130 1288 191 1337 (ut
214 1293 323 1326 antea
344 1289 391 1325 de
407 1289 449 1324 iis
471 1292 644 1336 tanquam
668 1287 792 1325 liberis

128 1345 333 1382 hominibus
352 1345 568 1382 sententiam
590 1343 791 1392 tulerant);

127 1405 165 1440 et
183 1402 355 1450 frequens
376 1401 476 1451 apud
496 1400 671 1438 Nostrum
693 1400 793 1437 locu-

126 1459 178 1495 tio
203 1454 323 1510 λόγον
350 1454 455 1503 τινὸς
481 1460 711 1503 ποιεῖσθαι,
751 1461 792 1495 ut

125 1514 166 1562 I,
206 1517 302 1555 213.
341 1514 415 1560 ΙΙΙ,
452 1514 507 1555 25
539 1518 609 1552 etc.
669 1511 790 1565 ἄδρη-

127 1583 219 1618 στος
245 1576 300 1609 est
324 1584 448 1608 servus
471 1571 560 1608 hero
581 1570 700 1608 fidelis
721 1572 790 1608 mi-

127 1629 298 1677 nimeque
325 1625 521 1678 δραπέτης
550 1628 707 1671 (Herod.
723 1628 789 1674 vl,

130 1684 202 1733 11)
234 1698 262 1721 s.
286 1684 500 1734 fugitivus,
531 1689 572 1721 ut
600 1685 696 1722 bene
723 1685 791 1722 ob-

127 1745 251 1779 servat
261 1741 434 1778 Valcken.
455 1741 597 1779 Eadem
608 1754 679 1778 vox
689 1742 790 1791 apud

125 1797 307 1835 Plutarch.
341 1797 373 1834 ll
409 1811 444 1848 p.
467 1798 545 1838 174
566 1797 608 1833 Ε.
633 1801 668 1834 et
691 1798 790 1848 apud

124 1853 234 1892 Dion.
263 1854 455 1903 Chrysost.
490 1854 527 1891 in
557 1854 723 1891 Corinth.
752 1868 788 1904 p.

126 1910 210 1952 457
233 1911 280 1948 B.
311 1931 363 1937 ——
408 1909 677 1958 φιλοδέσποτα
705 1911 790 1948 hinc

125 1968 216 2004 citat
233 1967 360 2005 Pollux
381 1967 455 2014 Ill,
475 1968 542 2008 74.
560 1988 608 1995 —
645 1968 700 2005 Ac
721 1969 788 2005 de-

125 2025 238 2073 nique
270 2025 316 2061 ad
350 2024 469 2074 ipsum
495 2024 711 2073 Scytharum
742 2024 790 2061 de

126 2080 275 2118 Ionibus
296 2081 468 2118 iudicium
488 2082 586 2118 conf.
602 2081 787 2119 Plutarch.

125 2137 159 2175 ll
180 2150 267 2188 pag.
290 2139 372 2177 222
393 2137 438 2175 D.

181 2196 306 2232 ταῦτα
327 2215 383 2222 --
415 2189 680 2243 α’πέῤῥιπται]
712 2193 734 2230 ἰ.
755 2207 787 2231 e.

125 2248 228 2287 Haec
261 2264 284 2287 a
309 2250 457 2300 Scythis
485 2253 523 2286 in
541 2249 643 2286 Iones
664 2249 788 2287 dicun-

125 2310 207 2354 tur,
229 2320 257 2344 s.
274 2309 516 2357 proz'iciuninr
535 2307 696 2343 dicteria.
728 2307 787 2344 Cf.

124 2363 166 2411 l,
199 2364 278 2405 153
305 2365 393 2412 ibiq.
421 2364 546 2401 Iaudd.
583 2364 685 2401 Idem
706 2376 788 2401 ver-

126 2419 213 2458 bum
234 2421 334 2472 apud
353 2421 510 2458 Pausan.
530 2420 601 2457 IX.
632 2420 679 2468 5,
709 2419 749 2461 4.

299 2511 412 2562 Cap.
444 2511 610 2552 CXLIII.

195 2583 463 2641 Μεγάβαζον]
539 2586 787 2644 Μεγάβυζον

126 2657 221 2682 unus
265 2644 449 2684 Parisinus
494 2646 586 2686 liber
626 2649 788 2698 itemque

128 2700 299 2738 Eustath.
329 2703 376 2738 ad
407 2703 444 2739 ll.
473 2717 510 2753 p.
545 2706 648 2753 182,
678 2708 730 2745 27
759 2719 788 2742 s.

127 2760 234 2803 270,
276 2759 474 2796 accedente
504 2761 621 2798 Valla.
676 2762 790 2805 Quod

128 2814 259 2851 lubens
297 2814 552 2863 amplecterer,
591 2818 660 2854 nisi
690 2818 790 2854 illum

130 2870 397 2921 Megabyzum,
428 2872 527 2908 cuius
547 2873 612 2920 ΙΙΙ,
632 2876 685 2914 70
709 2873 791 2923 (ubi

850 1177 1010 1214 crebrius
1047 1177 1191 1214 obviam
1226 1176 1318 1215 hanc
1349 1177 1513 1215 lectionis

849 1234 1063 1270 varietatem
1084 1233 1291 1283 attigimus)
1310 1235 1447 1271 mentio
1459 1234 1513 1281 fit,

848 1290 895 1326 ab
923 1290 1034 1327 hocce
1056 1288 1262 1338 Megabazo
1280 1292 1356 1328 sive
1376 1290 1514 1338 Mega-

849 1346 935 1396 ὁμο
973 1346 1157 1383 diversum
1208 1360 1290 1384 esse
1334 1359 1513 1396 perquam

849 1406 945 1440 esset
972 1402 1176 1453 probabile.
1202 1425 1259 1430 —
1311 1403 1423 1446 Quod
1451 1416 1515 1440 ve-

847 1472 889 1496 ro
929 1459 964 1496 h.
1007 1458 1035 1496 l.
1084 1459 1132 1496 de
1170 1458 1379 1509 Megabazo
1422 1460 1515 1496 effa-

846 1520 905 1552 tus
938 1519 996 1553 est
1015 1515 1172 1563 Darius,
1207 1516 1302 1553 idem
1327 1517 1363 1552 in
1384 1515 1512 1565 Zopy-

847 1585 926 1609 rum
949 1572 1085 1609 dixisse
1102 1574 1218 1610 fertur
1234 1573 1296 1620 ΙΙΙ,
1331 1575 1409 1613 160
1429 1573 1514 1610 coll.

846 1628 1030 1666 Plutarch.
1042 1628 1075 1665 ΙΙ
1089 1642 1125 1679 p.
1141 1630 1221 1669 173
1231 1629 1274 1666 A.
1288 1633 1326 1667 et
1337 1629 1509 1666 Eustath.

847 1686 897 1723 ad
929 1685 968 1722 Il.
987 1685 1019 1722 ΙΙ
1047 1698 1086 1736 p.
1110 1686 1209 1731 182,
1237 1688 1312 1734 27,
1342 1686 1404 1734 qui
1431 1685 1510 1722 He-

845 1743 1003 1779 rodotea
1041 1741 1151 1792 paulo
1187 1742 1289 1780 aliter
1316 1742 1509 1791 expressit,

847 1804 885 1836 et
903 1799 951 1835 ad
972 1798 1125 1847 Dionys.
1142 1799 1284 1848 Perieg.
1301 1800 1395 1839 764.
1426 1797 1510 1848 (ubi

846 1855 957 1892 alium
984 1855 1166 1892 Herodoti
1202 1854 1321 1892 locum
1352 1860 1508 1903 tangens

846 1912 922 1958 IV,
967 1909 1045 1952 144
1086 1911 1232 1949 exhibet
1266 1906 1510 1962 Msya'ssvgog

846 1980 1067 2018 quamquam
1085 1969 1122 2004 in
1141 1968 1221 2019 ipso
1238 1969 1433 2006 Herodoto
1456 1967 1510 2005 le-

846 2026 944 2074 gitur
968 2020 1234 2076 ῘΙΊεγάβαζος).
1266 2020 1510 2075 ῙΙῙεγάβυζος

845 2082 988 2132 Zopyri
1019 2082 1109 2118 silius
1139 2082 1270 2118 dicitur
1300 2081 1371 2129 ΙΙΙ,
1413 2083 1508 2126 160,

847 2152 955 2188 quem
987 2142 1023 2176 et
1052 2139 1170 2189 ipsum
1192 2137 1297 2175 alium
1322 2151 1422 2184 esse,
1453 2142 1511 2174 at-

846 2208 921 2245 que
959 2208 1066 2242 eum,
1107 2195 1155 2233 de
1190 2208 1264 2243 quo
1292 2195 1348 2232 hic
1376 2207 1509 2241 sermo,

846 2252 1076 2289 crediderim.
1113 2251 1211 2289 Nam
1231 2264 1319 2289 sane
1336 2252 1510 2300 frequens

846 2308 883 2345 in
914 2307 1108 2345 Persarum
1135 2308 1243 2345 rebus
1269 2308 1338 2345 hoe
1373 2320 1508 2345 nomen

846 2365 1014 2402 occurrit.
1035 2385 1092 2391 —-
1127 2364 1169 2401 In
1199 2377 1302 2413 seqq.
1335 2361 1451 2415 γέρας
1478 2376 1508 2401 s,

845 2422 1014 2468 honorem,
1034 2433 1162 2457 munus
1179 2420 1265 2458 dicit
1278 2422 1392 2471 ipsam
1410 2420 1506 2457 illam

845 2479 1064 2516 sententiam
1084 2477 1202 2515 laudis
1224 2482 1334 2527 atque
1357 2477 1504 2514 honoris

841 2534 1007 2586 plenam,
1039 2547 1148 2584 quam
1171 2547 1233 2572 rex
1252 2534 1395 2572 tulerat.

903 2588 1017 2640 ῥοιάς
1039 2587 1225 2643 τρώγειν]
1248 2591 1270 2627 i.
1292 2604 1322 2629 e.
1337 2591 1507 2627 malisve-

845 2649 899 2685 sci
911 2650 1088 2697 granatis.
1116 2649 1227 2692 Quod
1244 2648 1421 2684 fructuum
1439 2658 1506 2694 ge-

845 2718 914 2743 nus
935 2706 1084 2742 omuino
1098 2705 1197 2742 haud
1217 2705 1401 2751 ingratum
1418 2702 1507 2755 suis-

846 2775 887 2799 se
928 2762 1130 2811 colligimus
1168 2772 1211 2797 ex
1248 2759 1345 2796 Plut.
1380 2759 1506 2795 Artax.

847 2815 899 2865 4,
929 2819 993 2855 ubi
1026 2821 1143 2855 exstat
1172 2812 1268 2864 ῥόα,
1298 2826 1371 2850 non
1401 2808 1509 2862 ῥοιά,

848 2886 946 2924 quae
967 2874 1085 2911 forma
1099 2872 1198 2910 haud
1219 2873 1293 2908 scio
1314 2883 1360 2908 an
1380 2869 1511 2921 priori·

1518 692 1628 719 Darius
1648 694 1724 729 opud
1741 694 1792 721 Se-

1518 732 1595 753 stum
1632 728 1661 753 iu
1698 729 1795 755 Asiam

1533 761 1644 787 mulsit:
1689 761 1794 794 Mega.-

1544 794 1635 820 bazus
1676 794 1769 821 Persa

1518 828 1665 855 exercitus
1686 829 1716 854 iu
1737 827 1793 853 Eu-

1535 869 1610 896 ropa
1637 861 1692 887 dux
1708 861 1778 886 reli<

1533 901 1617 928 etim,
1654 895 1779 921 maxime

1533 931 1665 956 omnium
1690 936 1778 956 carun

1532 963 1639 991 Dario.
