1863 3256
400 236 728 277 EXCURSUS
759 235 811 273 lx
841 234 918 273 AD
949 234 1262 276 HERODOT.
1297 239 1367 287 lV,
1396 238 1460 279 24.
1589 241 1670 280 667

160 355 254 392 inter
272 353 437 404 Delphos
457 350 662 400 Delumque
681 354 719 388 et
738 347 938 387 Tauricam
954 345 1222 385 Chersonesum
1236 375 1247 394 ‚
1277 347 1514 400 Milesiosque
1532 353 1579 390 ad
1597 352 1673 390 Bo-

159 422 367 470 rysthenem
399 420 548 459 colonos
577 419 808 465 Dianamque
837 414 1028 452 Tauricam
1058 418 1095 452 et
1123 413 1329 465 Apollinem
1357 417 1599 466 Didymaeum
1625 421 1672 457 ab

159 489 214 525 his
235 488 379 525 cultum.
438 489 546 525 Conf.
567 486 794 537 potissimum
814 496 900 534 pag.
922 485 1014 524 168.
1073 482 1176 520 Haec
1194 482 1231 518 in
1255 483 1461 522 universum
1481 487 1578 524 dicta
1597 488 1673 525 suf·

158 556 304 601 ficiant3
337 555 406 592 alia
425 557 605 605 quaedam
634 555 671 590 in
698 552 786 602 ipsis
815 551 863 588 ad
886 550 1116 588 Herodotum
1141 550 1238 586 notis
1264 550 1468 598 attulimus,
1507 558 1548 590 ut
1577 566 1671 602 quae

159 624 206 660 sit
225 624 337 660 totius
363 623 581 661 narrationis
602 621 767 667 indoles,
807 631 903 668 quae
932 618 1060 667 orig0,
1102 618 1187 655 inde
1218 617 1488 667 quodammodo
1515 621 1671 671 perspici

157 692 285 741 possit.

601 1067 1083 1119 EXCURSUS
1154 1068 1223 1114 IX

457 1187 560 1225 AD
627 1183 1239 1228 HERODOT.1V‚
1298 1182 1366 1223 42.

240 1376 360 1416 Num
380 1374 623 1416 Phoenices
654 1374 774 1415 iussn
794 1372 1011 1420 Neconis,
1042 1372 1263 1429 Aegyptii
1287 1372 1428 1428 regie,
1459 1370 1671 1428 Africam

324 1440 803 1498 circumnavigarint?
834 1441 914 1483 Ad
933 1439 1075 1482 verba
1086 1440 1309 1481 Herodoti
1327 1440 1355 1481 l.
1378 1440 1431 1481 l.:
1455 1437 1502 1490 ὂς
1527 1438 1672 1494 (Νεκῶ

322 1509 433 1566 scz'l.)
463 1534 520 1540 —
549 1507 771 1565 ἀπέπεμψε
803 1509 1013 1559 Φοίνικας
1043 1505 1208 1563 ἄνδρας
1237 1523 1275 1550 κ.
1306 1522 1341 1550 τ.
1370 1510 1406 1550 λ.

267 1602 389 1646 Quum
411 1603 496 1640 satis
514 1606 670 1649 constet,
700 1602 902 1640 Phoenices
931 1605 1070 1638 mature
1091 1613 1210 1638 rerum
1233 1600 1413 1637 navalium
1433 1612 1522 1650 prae
1539 1599 1670 1636 ceteris

153 1670 383 1719 antiquitatis
409 1670 581 1719 gentibus
608 1670 744 1720 peritos
770 1671 951 1719 uniceque
974 1670 1050 1707 fere
1086 1681 1152 1718 per
1178 1667 1291 1704 maria
1318 1667 1526 1704 dominatos
1545 1667 1671 1714 fuisse,

153 1738 301 1776 minime
325 1751 414 1775 sane
435 1738 664 1785 mirabimur,
695 1738 906 1784 Neconem,
934 1736 1203 1787 Aegyptiorum
1223 1748 1347 1784 regem
1376 1735 1500 1785 (quos
1520 1747 1543 1772 a
1562 1747 1670 1786 pere-

152 1806 438 1855 grinationibus,
486 1805 696 1856 longinquis
733 1805 967 1856 praesertim,
1019 1804 1157 1842 alienos
1206 1803 1318 1841 fuisse
1358 1816 1466 1841 nemo
1502 1803 1670 1851 nescit),

152 1873 352 1912 Phoenices
372 1875 601 1924 potissimum
629 1875 805 1924 elegisse,
844 1874 906 1923 qui
928 1872 1084 1910 Africam
1112 1872 1464 1921 circumnavigarent
1483 1876 1546 1909 aut
1570 1875 1671 1910 certe

151 1941 256 1979 huius
277 1942 329 1979 rei
354 1943 514 1980 facerent
533 1943 743 1993 periculum.
801 1943 876 1986 Qui
899 1955 1011 1991 quum
1033 1941 1071 1977 id
1094 1940 1291 1991 perfecisse
1312 1944 1506 1978 narrentur
1519 1935 1555 1989 *)
1586 1952 1670 1978 sae-

151 2009 232 2047 culo
262 2014 348 2047 ante
367 2009 454 2047 Chr.
476 2024 510 2048 n.
537 2015 640 2049 sexto
670 2010 729 2048 vel
751 2011 930 2061 septimo,
969 2009 1070 2059 quod
1098 2007 1242 2045 saeculo
1261 2011 1345 2058 post
1364 2007 1448 2044 Chr.
1468 2020 1504 2045 n.
1527 2007 1669 2045 decimo

151 2078 280 2127 quinto
311 2077 458 2115 demum
485 2078 662 2115 successit
689 2077 898 2128 Lusitanis,
944 2091 1020 2115 non
1049 2077 1246 2115 defuerunt
1270 2076 1338 2113 viri
1365 2075 1465 2113 docti
1479 2071 1565 2125 **)‚
1608 2076 1672 2126 qui

199 2234 232 2278 ')
261 2235 426 2268 Veterum
450 2233 545 2267 locos
569 2245 609 2267 ac
633 2233 761 2268 iudicia
781 2234 824 2268 de
844 2233 982 2277 Africa,
1017 2244 1093 2267 num
1115 2243 1263 2277 unquam
1281 2229 1575 2275 circumnavigata
1594 2231 1672 2265 fue-

242 2291 290 2325 rit
314 2295 375 2325 aut
403 2290 535 2324 omnino
563 2291 848 2337 circumnavigari
863 2289 993 2337 queat,
1027 2290 1184 2324 exhibuit
1207 2294 1310 2334 atque
1333 2287 1505 2322 recensuit
1529 2287 1671 2322 Rennel.

219 2349 222 2352 '
241 2348 372 2392 Geogr.
393 2347 523 2381 Herod.
546 2360 626 2393 pag.
647 2350 714 2384 685
733 2362 831 2395 seqq.
878 2350 972 2383 Idem
995 2349 1080 2382 fecit
1098 2347 1271 2382 Gosselin.
1290 2346 1392 2389 (ibid.
1410 2356 1491 2390 pag.
1505 2346 1574 2381 337
1591 2357 1668 2390 sqq.

240 2407 309 2441 376
326 2405 443 2449 seqq.)
466 2404 501 2438 in
520 2417 660 2440 examen
681 2418 809 2440 vocans
834 2412 868 2440 et
886 2405 1057 2440 Herodoti
1080 2409 1115 2439 et
1137 2405 1278 2439 aliorum
1302 2402 1508 2448 scriptorum
1538 2402 1581 2436 de
1605 2402 1670 2436 hac

240 2473 280 2496 re
299 2461 513 2502 testimonia,
550 2474 619 2507 quo
638 2463 791 2497 nimirum
812 2465 992 2508 probaret,
1016 2475 1080 2498 nec
1099 2462 1310 2503 Phoenices,
1336 2473 1398 2495 nec
1418 2461 1574 2495 Graecos
1591 2459 1670 2504 (qui

241 2520 373 2553 omnino
401 2518 502 2553 aliam
531 2532 551 2553 a
575 2532 659 2555 vero
683 2521 825 2555 maxime
852 2521 995 2554 alienam
1026 2520 1218 2566 opinionem
1248 2519 1291 2552 de
1321 2518 1428 2551 forma
1447 2517 1584 2551 Africae
1607 2517 1668 2550 ha-

239 2576 395 2620 buerint)
416 2588 565 2622 unquam
584 2577 889 2622 circumnavigasse
905 2577 1077 2618 Africam,
1111 2589 1174 2610 nec
1201 2575 1334 2610 omnino
1362 2574 1459 2607 ullam
1486 2573 1558 2607 veri
1584 2584 1665 2618 spe-

241 2633 326 2665 ciem
348 2634 535 2678 praebere,
569 2647 658 2680 quae
685 2636 728 2670 de
755 2635 947 2670 huiusmodi
971 2633 1249 2679 navigationibus
1269 2642 1331 2676 per
1351 2629 1587 2675 antiquitatem
1606 2641 1663 2664 re-

240 2689 310 2723 lata
331 2694 477 2725 exstent.

196 2758 246 2801 ⁰)
277 2757 317 2790 In
343 2757 607 2804 his-praecipue
634 2761 841 2795 nominamus
873 2759 1043 2794 Gosselin.
1073 2769 1154 2802 pag.
1181 2757 1250 2791 3¹42
1276 2766 1372 2799 seqq.
1393 2754 1552 2788 Vincent.
1578 2754 1662 2789 ibid.

240 2826 319 2860 pag.
341 2814 408 2848 769
433 2825 528 2859 seqq.
552 2817 712 2851 Bredow.
732 2818 864 2861 Geogr.
896 2823 931 2851 et
957 2815 1146 2857 Uranolog.
1173 2812 1302 2846 Herod.
1334 2821 1424 2856 spec.
1451 2822 1484 2856 p.
1506 2810 1661 2845 XXXIV

241 2882 338 2916 seqq.
387 2870 560 2907 Mannert.
576 2874 706 2918 Geogr.
728 2875 762 2908 d.
785 2875 850 2908 Gr.
871 2885 906 2907 u.
927 2872 1023 2905 Rom.
1046 2870 1062 2904 1
1085 2881 1166 2916 pag.
1180 2870 1223 2905 19
1243 2879 1339 2913 seqq.
