1863 3256
528 227 1091 266 MELPOMENE.

1154 231 1213 267 'V-
1421 240 1505 278 629

233 332 344 377 εἶναι
395 338 471 391 τῆς
515 335 682 393 Λιβύης
719 336 860 392 χῶρόν
910 353 954 380 τε
999 338 1074 380 καὶ
1119 336 1387 393 ἀνθρώπους
1427 345 1504 396 ἔξω
1567 348 1843 397 Ιιυευυῐιῑὺιηήυι-

1593 386 1637 407 tra

1666 384 1818 409 οιιΙιιιιιιι-ικ

229 403 503 462 Ἡρακληΐων
533 407 723 464 στηλέων
753 407 1122 464 κατοικημένους,
1165 409 1210 460 ἐς
1239 410 1344 461 τούς
1374 413 1505 458 ἐπεάν
1563 414 1719 453 ¹¹.‘³‘⁰¹¹¹³'⁴*
1747 425 1764 442 ‘¹
1793 425 1843 457 Ψ·

233 546 382 605 ἐπεξῆς
411 549 530 603 παρὰ
561 550 640 605 τὴν
669 548 958 605 κυματωγήν,
994 550 1197 607 ἐσβάντες
1227 553 1270 603 ἐς
1289 551 1342 594 τὰ
1359 557 1504 603 πλοῖα,

233 617 391 673 τύφειν
420 619 613 663 καπνόν·
650 618 754 670 τοὺς
785 619 826 662 δ’
857 619 1134 677 ἐπιχωρίους,
1166 623 1398 679 ι’ὁομένους
1426 623 1505 667 τὸν

232 690 423 742 καπνόν,
475 690 587 732 ἰέναι
617 690 686 733 ἐπὶ
715 689 795 746 τὴν
827 691 1081 736 θάλασσαν·
1131 695 1206 738 καὶ
1228 695 1372 738 ἔπειτα
1405 692 1504 738 ἀντὶ

231 764 321 803 τῶν
368 762 565 815 φορτίων
611 760 778 815 χρυσὸν
825 762 1020 815 τιθέναι,

1082 765 1156 807 καὶ
1196 765 1504 821 ἐξαναχωρέειν

1561 546 1590 638 :⁶132-

1562 448 1647 474 wbnn

204 830 388 884 2219660)
428 829 514 875 ἀπὸ
554 835 644 876 τῶν
684 835 893 888 φορτίων.
951 833 1057 885 τούς
1094 835 1139 878 δὲ
1170 838 1561 892 Καρχηδονίουςδῡ

233 902 444 958 ἐκβάντας
456 935 467 953 ,
507 903 787 947 σκέπτεσθαι·

847 905 922 948 καὶ
959 904 1016 961 ἦν
1053 904 1132 961 μὲν
1171 908 1381 963 φαίνηταί
1425 919 1505 963 σφι

231 972 352 1024 ἄξιος
383 972 406 1016 ὁ
435 974 597 1031 χρυσὸς
625 979 715 1018 τῶν
745 976 964 1030 φορτίων,
996 975 1259 1034 ἀπελόμενοι
1289 977 1502 1023 ἀπαλλάσ-

233 1056 405 1087 σονται·
461 1046 519 1103 ἦν
567 1046 613 1090 δὲ
652 1046 711 1104 μὴ
759 1047 899 1100 ἄξιος,
950 1047 1153 1105 ἐσβάντες
1189 1048 1326 1093 ὀπίσω
1366 1049 1410 1101 ἐς
1448 1049 1500 1093 τοὶ

176 1176 273 1212 bum.
305 1175 403 1219 Quin
425 1178 521 1213 teste
542 1174 670 1224 Lyone
687 1175 724 1212 in
741 1179 840 1213 terra

175 1232 302 1269 Sudan
341 1232 523 1269 invonitur
567 1244 678 1280 gens,
726 1237 837 1269 noctu

175 1301 272 1338 quae
295 1289 549 1326 commercium
576 1294 662 1337 agat
688 1302 732 1325 eo
759 1290 836 1327 fere

174 1346 305 1391 modo,
346 1359 419 1394 quo
439 1348 587 1383 enarrat
607 1344 833 1382 Herodotus.

173 1401 350 1439 Advenae
384 1413 522 1439 merces
557 1413 641 1438 suas
677 1401 740 1438 ubi
772 1414 834 1440 ex-

172 1463 374 1509 posuerunt
407 1457 561 1507 singulis
602 1459 739 1495 acervis
779 1458 834 1494 di-

173 1516 325 1552 stinctas
337 1544 346 1562 ,
368 1516 526 1560 abeunt,
544 1527 651 1552 mane
669 1515 834 1562 redituri,

173 1584 373 1620 aurumque
404 1572 576 1609 mercium
618 1572 755 1608 acervis
787 1571 832 1608 ab

173 1629 357 1677 indigenis
398 1628 605 1678 adpositum
643 1628 833 1676 abslaturi,

174 1686 204 1722 si
224 1686 312 1723 satis
329 1685 414 1721 illud
428 1685 536 1722 suerit
552 1685 692 1731 visum3
719 1685 749 1721 si
767 1685 835 1722 mi-

172 1755 240 1779 nus
252 1771 263 1790 ,
294 1747 330 1779 et
347 1754 484 1779 merces
506 1745 543 1778 et
559 1754 685 1778 aurum
702 1741 739 1777 in
758 1754 835 1779 me-

173 1799 235 1835 dio
254 1798 461 1848 relinquere
484 1799 675 1846 dicuntur,
714 1799 833 1836 donec

172 1855 253 1906 plus
276 1857 354 1893 auri
373 1855 483 1892 fuerit
504 1856 723 1906 adpositum.
775 1855 833 1891 Tu

172 1912 418 1950 vid.Heeren.
436 1913 549 1950 Ideen
571 1912 618 1958 11,
642 1916 659 1952 1
684 1925 720 1963 p.
739 1914 831 1959 182,

172 1970 234 2018 qui
263 1969 368 2006 simul
390 1969 530 2006 attendi
553 1969 652 2006 iubet
672 1969 721 2005 ad
740 1970 833 2005 Car-

169 2025 451 2075 thaginiensium
544 2026 833 2063 coniunctionem

172 2095 254 2119 cum
295 2081 362 2119 illis
401 2083 614 2132 regionibus
652 2083 832 2129 auriferis,

171 2139 347 2176 maiorem
375 2140 518 2186 forsan,
556 2152 666 2188 quam
698 2139 832 2176 Graeci

173 2196 433 2243 existimarint,
481 2209 593 2245 quum
637 2196 831 2244 Carthagi-

171 2253 320 2290 nienses
335 2252 434 2300 talia,
461 2265 508 2290 ne
528 2252 606 2290 aliis
625 2253 833 2290 innotesce-

170 2314 266 2357 rent,
285 2322 421 2358 magna
438 2322 522 2346 cura
542 2310 662 2358 egisse
680 2310 833 2346 videan-

170 2371 241 2403 tur.
275 2366 418 2411 Quibus
441 2365 505 2404 Cr.
525 2366 614 2403 haec
627 2367 832 2404 adiecerat:

170 2422 343 2470 „Similis
389 2423 594 2472 negotiatio
633 2423 833 2472 Nigrorum

171 2479 256 2525 (der
265 2479 392 2528 Neget
403 2493 475 2517 von
485 2480 661 2527 Guinea),
675 2492 769 2529 quae
779 2483 834 2516 ta-

172 2536 241 2572 cite
260 2535 315 2584 fit,
339 2541 563 2574 memoratur
582 2538 619 2574 in
638 2536 753 2573 libro:
783 2536 831 2574 Di

171 2591 302 2629 Marco
319 2592 409 2629 Polo
431 2607 452 2632 e
479 2593 578 2643 degli
604 2593 709 2631 alteri
729 2593 833 2642 viag-

173 2647 516 2696 giatoriVeneziani
538 2650 600 2701 piu
621 2649 750 2687 illustri
772 2650 832 2688 del

173 2705 213 2740 P.
237 2704 305 2741 Ab.
322 2704 369 2742 D.
389 2704 533 2743 Placido
544 2707 668 2744 Zurla.
699 2707 831 2745 Venet.

176 2762 295 2801 1818.
321 2762 370 2800 19
391 2774 426 2811 p.
446 2765 524 2803 126
547 2766 653 2812 seq.“

229 2813 338 2868 παρὰ
364 2816 438 2867 τήν
461 2817 724 2871 κυματωγήν]
753 2821 775 2856 i.
799 2834 832 2858 e.

173 2876 210 2911 in
231 2874 346 2911 litoris
369 2874 570 2924 crepidine,
599 2880 638 2912 ut
657 2877 837 2926 interpre-

896 1180 993 1214 tatur
1033 1177 1205 1215 Valcken.
1255 1179 1367 1215 citans
1405 1177 1557 1215 Lucian.

896 1233 992 1271 Tim.
1009 1232 1046 1284 ἓ.
1069 1236 1122 1275 56
1151 1234 1235 1282 (ubi
1252 1236 1325 1271 vid.
1347 1238 1442 1271 nott.
1466 1249 1553 1285 pag.

895 1288 978 1330 440
1002 1291 1048 1327 T.
1071 1291 1085 1327 Ι
1106 1291 1230 1341 Bip.),
1261 1292 1361 1341 apud
1385 1291 1557 1341 Sophocl.

893 1346 929 1381 in
954 1347 1051 1384 Oed.
1080 1347 1159 1384 Col.
1192 1350 1300 1387 1237
1330 1348 1461 1395 (1240
1490 1348 1556 1396 al.)

892 1406 1010 1440 exstat
1031 1398 1129 1441 οἷκτοὲ
1149 1401 1424 1454 κυματοπλήξ,
1460 1416 1555 1452 quae

892 1455 1068 1509 κύματος
1113 1455 1189 1511 clyp*
1236 1461 1336 1510 apud
1380 1460 1552 1510 Apollon.

891 1515 1013 1553 Rhod.
1036 1517 1066 1563 l,
1090 1516 1184 1558 554.
1217 1517 1260 1553 ln
1282 1517 1462 1553 Herodot.
1485 1517 1552 1563 IX,

895 1575 975 1612 100
1009 1585 1104 1610 nunc
1132 1577 1233 1611 recte
1266 1573 1402 1622 legitur
1430 1588 1554 1624 κυμα-

891 1631 1021 1681 τωγῆς
1048 1629 1136 1679 (pro
1168 1624 1441 1680 κυματώγης),
1480 1631 1554 1677 ubi,

891 1687 954 1735 qui
982 1699 1004 1723 a
1033 1686 1280 1735 Wesselingio
1310 1688 1446 1723 citatur
1478 1686 1554 1724 Eu—

891 1743 999 1779 stath.
1020 1743 1067 1780 ad
1085 1744 1221 1793 Odyss.
1242 1757 1276 1793 p.
1299 1741 1422 1788 1540,
1448 1742 1502 1782 25
1522 1756 1551 1780 5.

891 1801 997 1845 230,
1029 1799 1082 1839 48
1117 1800 1379 1850 interpretatur
1411 1793 1553 1849 α’κτῆν,

892 1854 994 1894 ἔνθα
1019 1852 1067 1893 τὰ
1098 1852 1254 1906 κύματα
1285 1853 1448 1908 ἄγονται
1475 1856 1551 1893 sive

891 1913 1006 1949 litoris
1026 1913 1246 1963 crepidinem,
1272 1925 1376 1962 quam
1395 1913 1551 1949 verberat

890 1969 986 2006 unda
1012 1972 1142 2017 maris,
1183 1983 1212 2008 5.
1238 1970 1288 2007 ad
1315 1982 1419 2019 quam
1443 1968 1551 2018 fran-

890 2030 1028 2075 guntur
1064 2027 1193 2064 undae.
1263 2026 1358 2063 Add.
1396 2025 1550 2062 Lucian.

889 2084 1059 2120 Herinot.
1079 2084 1133 2125 84
1147 2113 1156 2131 ,
1187 2083 1248 2120 ubi
1267 2082 1377 2120 multa
1395 2082 1551 2119 Solanus

889 2140 935 2178 T.
959 2140 1009 2177 IV
1033 2154 1071 2190 p.
1094 2139 1176 2181 429
1196 2151 1273 2189 seq.
1300 2140 1404 2189 Bip„
1443 2138 1546 2185 aliOS,

889 2209 980 2246 quos
1001 2197 1181 2234 Herodoti
1209 2198 1427 2245 interpretes
1451 2200 1549 2232 attu-

888 2253 1028 2299 lerunt,
1069 2254 1106 2290 in
1125 2266 1198 2302 quo
1217 2252 1386 2289 Eustath.
1406 2251 1428 2288 l.
1444 2251 1466 2289 l.
1484 2252 1550 2288 ha-

891 2311 954 2347 bet
977 2306 1169 2362 αἰγιαλόν.
1220 2310 1353 2346 Glossa
1378 2308 1550 2345 Herodo-

890 2371 971 2404 tea:
1009 2361 1227 2418 ὕπαγωγή·
1269 2360 1459 2418 αἰγιαλός.
1494 2385 1550 2392 --

890 2420 1033 2472 τύφειν
1079 2419 1237 2462 καπνόν
1289 2426 1347 2460 est
1400 2423 1552 2459 excitare

883 2479 1035 2530 fumum.
1099 2480 1239 2518 Locum
1277 2478 1401 2516 citavit
1433 2479 1550 2516 Henr.

891 2537 1021 2587 Steph.
1052 2537 1086 2574 in
1108 2537 1223 2574 Thes.
1255 2549 1284 2573 s.
1312 2549 1347 2573 v.
1369 2534 1480 2573 Tom.
1502 2534 1551 2570 Vl

889 2607 926 2645 p-
953 2596 1064 2636 9732
1095 2594 1153 2631 ed.
1182 2592 1315 2642 Angl.,
1362 2591 1424 2628 ubi
1447 2590 1552 2641 plura

891 2664 988 2688 nunc
1006 2654 1090 2687 sunt
1109 2650 1230 2687 allata.

947 2703 1001 2758 ἢν
1022 2705 1065 2746 δὲ
1086 2703 1141 2756 μή
1163 2702 1289 2753 ἄξιος]
1310 2703 1422 2747 Quod
1440 2701 1550 2750 vulgo

890 2769 976 2815 post
1002 2760 1056 2813 μή
1086 2762 1255 2798 inseritur
1288 2759 1348 2808 εἴη
1384 2759 1419 2795 in
1441 2758 1552 2808 pluri-

893 2822 959 2857 bus
981 2819 1088 2856 codd.
1105 2818 1296 2862 omissum,
1327 2815 1365 2851 id
1389 2827 1470 2851 cum
1492 2827 1551 2851 re-

894 2879 1003 2913 centt.
1036 2874 1119 2910 edd.
1152 2873 1262 2918 eieci,
1302 2885 1381 2908 cum
1416 2871 1551 2921 optati-

1683 450 1741 474 (Γῑιι-
1769 459 1793 475 ld

235 474 474 521 ἀπίκωνται
512 479 586 522 καὶ
628 478 853 530 ἐξέλωνται
890 479 942 522 τὰ
973 481 1155 534 φορτία,
1198 481 1349 530 θέντες
1387 481 1496 526 αὐτὰ
1510 480 1730 541 55;“,ξ“,“ἰ·;ζ,ζ·ζ”;”
1764 492 1779 508 ³
