1863 3256
479 141 1173 181 MELPOMENE.1V.
1374 151 1453 189 291

186 253 267 309 τὴν
309 254 465 297 εἰπεῖν·
524 250 737 304 ,,Ἵππους
773 249 854 306 μὲν
895 248 950 306 δή
989 250 1150 303 ταύτας
1190 251 1457 309 ἀπικομένας

188 324 367 373 ἐνθάδε,
413 321 553 367 ἔσωσα
588 339 658 366 τοι
694 320 802 378 ἐγώ·

862 321 1037 377 σῶστρά
1073 339 1117 367 τε
1149 322 1204 369 σύ
1234 326 1455 383 παρέσχες,
1468 338 1510 371 35

157 395 271 451 δέγώ
300 394 384 451 γὰρ
418 394 464 437 ἐκ
493 396 571 436 σεῦ
600 398 715 449 τρεῖς
744 395 905 445 παῖδας
934 394 1029 449 ἔχω.
1087 394 1292 448 τούτους,
1324 396 1459 442 έπεοὲν

181 468 396 522 γένωνται
413 462 615 520 τρόφιες,
648 463 675 508 ὅ
696 482 736 509 τι
754 463 835 521 χρὴ
864 464 1050 517 ποιέειν,
1082 465 1227 523 ἐξηγέο
1251 466 1308 511 συ’
1323 485 1332 494 ·
1372 472 1455 514 εἴτε

184 535 324 580 αὐτοῦ
353 537 605 589 κατοικίζω,
648 534 791 592 χώρης
819 537 903 591 γὰρ
933 539 1063 594 τῆσδε
1093 538 1173 594 ἔχω
1211 539 1259 582 τὸ
1296 537 1458 596 κράτος

151 605 322 663 Ἰαῦτὴ,
354 607 436 651 ε’ίτε
466 605 708 662 ἀποπέμπω
733 606 853 660 παρὰ
881 606 971 650 σέ.“
1035 609 1126 666 Τήν
1147 608 1226 666 μὲν
1246 609 1299 668 δὴ
1319 616 1457 657 ταῦτα
1469 620 1514 655 4ο

178 677 442 732 ἐπειρωτᾶν·
515 676 595 721 τόν
643 678 689 722 δὲ
729 678 908 734 λέγουσι
950 679 1061 735 πρὸς
1109 685 1247 725 ταῦτα
1300 684 1453 728 εἰπεῖν·

177 748 362 803 ,,Ἐπεοὶν
387 747 698 804 ἀνδρωθέντας
727 752 847 807 ἴδηαι
876 748 981 802 τούς
1009 753 1189 804 παῖδας,
1229 751 1333 798 τάδε
1361 771 1454 799 ποι-

148 825 294 866 8εῦσα
323 819 408 865 οὐκ
440 820 496 864 ἂν
526 820 808 878 ἁμαρτάνοις.
858 820 936 866 τόν
969 820 1049 877 μὲν
1077 820 1134 864 ἂν
1165 820 1274 881 ὁρᾷς
1305 824 1456 871 αὐτῶν

177 891 279 937 τόδε
305 891 356 936 τὸ
395 892 525 945 τόξον
555 888 641 938 ὧδε
671 891 1022 949 διατεινόμενον,
1073 892 1146 937 καὶ
1177 899 1239 949 τῷ
1269 900 1453 956 ζωστῆρι

178 965 289 1024 τῷδε
318 963 429 1009 uncto}
459 964 561 1009 τάδε
594 965 896 1022 ζωννύμενον,
927 968 1090 1008 τοῦτον
1119 964 1197 1020 μὲν
1216 971 1345 1023 τῆσδε
1375 974 1452 1027 τῆς
1464 974 1508 1013 45

176 1035 323 1093 χώρης
335 1035 544 1093 οἰκήτορα
564 1041 712 1081 ποιεῦ·
753 1037 803 1088 ὃς
830 1035 869 1081 δ’
901 1035 958 1080 ὀὶν
990 1034 1162 1079 τούτων
1190 1041 1280 1081 τῶν
1309 1040 1449 1096 ἔργων

175 1111 266 1152 τῶν
308 1107 559 1164 ἐντέλλομαι
599 1110 797 1165 λίπηται,
844 1109 1032 1162 ἔκπεμπε
1078 1107 1128 1150 ἐκ
1176 1112 1252 1165 τῆς
1290 1110 1446 1168 χώρης.

144 1179 251 1224 9καὶ
280 1183 418 1223 ταῦτα
447 1184 660 1231 ποιεῦσα,
694 1178 805 1235 αὐτή
834 1196 879 1223 τε
909 1177 1174 1236 εὐφρανέαι,
1207 1180 1280 1223 καὶ
1309 1181 1363 1226 τοὶ
1384 1183 1449 1227 ἐν-

49 1256 114 1301 10
170 1248 406 1305 τεταλμένα
445 1250 653 1308 ποιήσεις.
669 1256 695 1275 “
759 1250 847 1295 Τόν
882 1250 962 1308 μὲν
1003 1250 1058 1306 δὴ
1094 1250 1329 1305 εἰρύσαντα
1357 1259 1448 1298 τῶν
1505 1270 1784 1306 posonersauemos

1507 1232 1649 1269 Scytham
1671 1240 1701 1263 et
1719 1238 1746 1265 ei
1752 1246 1784 1265 us

1506 1309 1632 1341 regnum
1692 1313 1724 1331 es
1728 1314 1783 1333 μεθ

169 1319 309 1373 τόξων
339 1320 388 1365 τὸ
418 1321 588 1378 ἕτερον,
632 1321 717 1367 δύο
751 1322 838 1379 γὰρ
870 1321 923 1379 δὴ
965 1321 1146 1378 φορέειν
1182 1321 1288 1376 τέως
1314 1323 1444 1381 ‘Hpoe-
1502 1335 1552 1375 phj
1557 1336 1603 1362 aia
1588 1345 1621 1363 as
1654 1337 1683 1364 ιιι
1721 1327 1783 1365 bai-

170 1480 329 1535 σῶστρά
349 1501 390 1526 τε
413 1483 463 1526 σῦ
485 1485 690 1539 παρέσχες]
711 1488 732 1525 i.
746 1501 777 1526 e.

118 1539 176 1578 Tu
204 1542 416 1591 exhibuisti,
459 1545 598 1582 solvisti
623 1547 779 1595 pretium

115 1602 336 1637 servatarum
362 1614 543 1651 equarum.
606 1602 664 1640 De
688 1615 777 1640 voce

115 1667 272 1721 σωστρα
291 1657 431 1705 conf.,l
449 1661 542 1700 118-
567 1659 776 1708 Hesychius

114 1707 292 1763 σωτήρια
316 1714 576 1764 interpretatur
603 1728 775 1767 σωστρα,

112 1781 185 1818 quo
213 1775 369 1820 utroque
393 1773 541 1810 nomine
562 1773 715 1811 donaria
739 1778 777 1811 et

111 1826 287 1863 sacrificia
314 1828 385 1865 dici
406 1834 530 1866 monet
549 1828 748 1867 Lobeck.
740 1843 777 1867 in

109 1881 294 1934 Aglaoph.
323 1898 359 1934 p.
381 1886 462 1926 383
495 1885 564 1923 alia
592 1888 775 1936 quaedam

111 1939 220 1976 etiam
247 1940 418 1979 afferens.

167 1994 291 2036 ἔπεαν
347 1996 542 2050 γένωνται
596 1995 772 2051 τρόφιες]

109 2048 294 2104 τρόφιες,
337 2060 510 2094 monente
543 2056 772 2096 Valckenae-

109 2110 186 2157 rio,
225 2111 323 2149 idem
358 2114 456 2150 valet
488 2117 599 2162 atque
634 2109 772 2153 οἷνατε-

107 2166 357 2218 θραμμένοι,
390 2164 664 2220 οἷνδρωθέντες
685 2172 769 2208 edu-

109 2226 194 2271 cati,
225 2225 354 2263 adulti.
385 2227 506 2277 Supra
526 2226 572 2274 ΙΙ,
593 2230 770 2275 93:„—

110 2279 151 2319 οἵ
182 2278 426 2334 τρεφόμενοι
457 2280 599 2333 ἰχθύες
638 2285 768 2336 γίνον-

107 2350 181 2376 ται.
184 2341 210 2359 “
251 2339 422 2391 Respicit
451 2345 618 2379 nostrum
651 2341 769 2380 locum

106 2391 276 2434 Eustath.
305 2398 353 2434 ad
382 2397 536 2435 Homeri
563 2399 700 2449 Odyss.
729 2413 767 2449 p.

110 2448 218 2491 1468
236 2465 263 2489 s.
288 2455 381 2501 128,
404 2457 467 2495 17
485 2478 536 2484 -
556 2454 615 2493 Ad
634 2454 768 2507 ἐξηγέο

106 2508 202 2544 conf.
222 2507 353 2547 Matth.
374 2507 414 2561 §.
436 2511 533 2559 205,
555 2515 581 2553 2
605 2517 642 2550 et
657 2526 769 2564 supra

105 2561 256 2609 111‚72

167 2617 266 2658 κατοέ
288 2617 382 2661 ταδε
406 2619 677 2676 ζωννύμενον]
699 2640 771 2664 κα-

110 2690 156 2714 τα
179 2672 273 2715 ταδε
294 2690 365 2715 non
393 2680 464 2716 alio
490 2683 568 2719 fere
586 2695 692 2719 sensu
715 2687 770 2720 at-

109 2745 181 2782 que
208 2738 318 2771 antea
347 2728 423 2773 ὦδε
447 2735 546 2788 (sic).
605 2738 654 2775 Et
681 2739 770 2776 facit

109 2788 178 2826 huc
198 2802 347 2839 quoque
374 2787 426 2831 τό
440 2793 462 2831 δ
476 2807 492 2831 ε
525 2790 567 2833 τὸ
591 2791 708 2842 τόξον
730 2801 769 2833 et

1504 1369 1563 1396 teis
1585 1378 1620 1396 cu
1603 1379 1638 1397 ιιι·
1652 1371 1784 1407 Scythae

1504 1402 1619 1431 ferant·

837 1488 893 1541 τῷ
943 1488 1113 1539 ζωστῆρι
1169 1489 1299 1541 τῷδε
1319 1508 1332 1538 ,-
1407 1505 1502 1542 quae

836 1544 959 1582 omnia
993 1544 1049 1582 hic
1084 1545 1290 1593 δεικτικῶς
1322 1548 1369 1585 ab
1400 1549 1498 1587 Her-

835 1600 914 1639 cule
937 1601 1006 1639 dici
1033 1606 1161 1639 monet
1184 1602 1401 1654 wesseling.
1441 1606 1500 1644 De

833 1659 978 1696 ratione
1004 1658 1203 1709 particulae
1226 1674 1272 1709 με
1258 1657 1299 1698 ὲν
1322 1661 1358 1698 in
1387 1662 1500 1713 priori

833 1715 975 1765 periodi
1014 1720 1121 1766 parte
1169 1717 1350 1766 repetitae
1399 1716 1499 1788 (τρι)

835 1769 926 1822 μὲν
959 1766 1010 1810 ἂν
1039 1770 1139 1826 ὀρεῖς
1159 1794 1214 1799 -
1241 1775 1384 1813 τοῦτον
1412 1774 1501 1826 μὲν

833 1829 951 1879 τῆςδε
975 1843 1046 1878 της
1068 1843 1101 1879 χ.
1126 1843 1158 1867 ο.
1179 1826 1237 1878 π.)
1273 1833 1368 1869 conf.
1390 1831 1500 1872 VVer-

831 1886 899 1923 fer.
929 1887 965 1923 in
995 1886 1090 1923 Actt.
1118 1885 1255 1936 philon.
1282 1887 1450 1927 Monace.
1483 1890 1497 1927 Ι

832 1955 918 1992 pag.
952 1944 1018 1983 90.
1076 1943 1154 1980 Sed
1182 1943 1220 1979 in
1252 1943 1367 1982 altera
1393 1952 1498 1996 parte

831 1999 944 2037 semel
972 2004 1114 2037 tantum
1138 1999 1321 2038 invenitur
1342 2000 1407 2051 (55,-
1448 2004 1496 2042 de

830 2069 906 2105 quo
932 2057 1012 2107 ipso
1037 2057 1109 2095 vid.
1132 2056 1221 2094 ibid.
1242 2070 1329 2107 pag.
1354 2059 1420 2100 95
1439 2081 1496 2090 -.

830 2113 870 2150 ln
902 2113 976 2151 fine
1003 2125 1084 2164 cap.
1116 2126 1198 2150 cum
1227 2121 1382 2154 recentt.
1407 2117 1491 2154 edd,

828 2170 955 2221 scripsi
994 2165 1214 2219 εὐφρανέαι
1252 2184 1321 2221 pro
1348 2167 1494 2225 εὔφρα-

827 2225 945 2266 νέεαι.
976 2228 1034 2265 Cf.
1058 2227 1122 2273 IV,
1146 2229 1234 2267 163.

1067 2283 1178 2334 Cap.
1209 2284 1257 2320 Χ.

891 2335 968 2380 Τὸν
986 2337 1060 2391 μὲν
1091 2336 1143 2391 δη
1174 2335 1390 2404 εἰρύσαντα
1414 2340 1495 2379 τῶν

826 2392 955 2444 τόξων
981 2394 1025 2437 τὸ
1053 2395 1203 2449 ἕτερον]
1251 2392 1401 2448 εἰρυειν
1435 2397 1493 2435 hic

826 2455 929 2492 valet
947 2454 1147 2498 adducere;
1188 2455 1286 2492 conf.
1313 2448 1493 2505 έπειρύε-

828 2515 927 2550 σθαι
946 2511 1010 2559 IV,
1033 2512 1070 2551 8.
1119 2512 1161 2548 In
1181 2524 1286 2561 seqq.
1307 2511 1494 2549 Matthiae

827 2567 977 2606 retinuit
1013 2566 1340 2619 προςὸέξαντα,
1391 2567 1491 2604 cuius

826 2624 907 2663 loco
927 2633 996 2662 n'os
1016 2638 1096 2662 cum
1107 2624 1312 2674 Schweigh.
1325 2628 1359 2661 et
1373 2624 1491 2660 Gaisf.

826 2682 1054 2732 reposuimus
1114 2678 1211 2729 (τὸν
1283 2677 1490 2729 ζωστῆρα)

826 2737 1101 2789 προδέξαντα
1135 2739 1205 2784 (ut
1229 2737 1296 2773 sit:
1337 2735 1493 2785 aptandi

826 2795 970 2843 cinguli
997 2796 1171 2831 rationem
1207 2795 1489 2842 praemonstras-

1180 2846 1267 2889 19*
