1863 3256
0 741 10 807 g]
30 751 130 795 137
171 742 244 786 καὶ
265 742 319 784 τὰ
346 741 564 798 παρέλαβε
594 745 682 785 τῶν
703 744 836 793 νεῶν,
869 738 1063 785 ἀπέδωκέ
1087 753 1179 798 σφι.

590 133 1062 175 THALlA.111.

1376 143 1460 184 247

183 247 229 290 ἐκ
247 245 468 302 ῥηστώνης
485 248 560 300 τῆς
571 240 877 299 Δημοκήδεος,
902 240 1252 300 Ἀριστοφιλίδης
1270 249 1358 288 τῶν
1385 252 1460 290 Τα-
1474 257 1516 289 55

182 319 400 372 ραντίνων
429 316 452 359 ὁ
482 313 707 371 βασιλεύς,
746 317 877 357 τοῦτο
908 313 988 369 μὲν
1017 312 1069 355 τὰ
1100 315 1291 369 πηδάλια
1321 317 1457 370 παρέ-

181 394 282 432 λυσε
313 391 401 430 τῶν
430 385 668 441 Μηδικέων
698 389 834 429 νεῶν·

151 460 358 514 4Πέρσας
387 457 502 511 ἔρξε,
554 456 612 508 ὠς
641 455 948 507 κατασκόπους
989 457 1126 512 δῆθεν
1168 455 1331 508 ἐόντας.
1388 456 1461 500 Ἑν

893 388 1025 428 τοῦτο
1054 384 1121 437 δὲ,
1163 383 1326 437 αὐτούς
1356 388 1460 438 τοὺς

180 525 215 587 ᾦ
246 529 291 573 δὲ
330 523 456 572 οὗτοι
493 532 630 571 ταῦτα
668 527 877 583 ἔπασχον,
929 524 954 570 ὁ
990 527 1258 584 Δημοκήδης
1298 529 1340 580 ἐς
1378 529 1458 585 τήν

179 599 395 655 Κρότωνα
437 599 697 643 ἀπικνέεται.

759 596 1002 653 α’πιγμένου
1033 598 1077 641 δὲ
1107 597 1191 655 ἤδη
1221 599 1385 645 τούτου
1415 600 1458 652 ἐς

175 670 255 727 τὴν
290 669 484 722 ἑωυτοῦ,
531 670 554 714 ὁ
594 669 938 725 Ἀριστοφιλίδης
977 669 1099 712 ἔλυσε
1138 671 1243 723 τούς
1276 671 1517 726 Πέρσας,6ο

1240 743 1455 795 Πλέοντες

175 813 221 857 δὲ
251 813 459 856 ἐνθεῦτεν
494 815 537 856 οἱ
569 811 758 868 Πέρσαι,
799 811 872 855 καὶ
912 811 1146 864 διώκοντες
1174 814 1454 871 Δημοκήδεα,

174 884 458 929 ἀπικνέονται
487 883 529 935 ἐς
558 883 639 940 τήν
663 883 900 938 Κρότωνα·
939 882 1143 938 εὑρόντες
1173 885 1220 928 δέ
1250 902 1325 942 μιν
1356 884 1456 942 οἰγο-

145 956 387 1011 Ξράζοντα,
420 955 609 1000 ἅπτοντο
641 954 792 999 αὐτοῦ.
851 959 940 999 τῶν
971 956 1017 999 δὲ
1047 959 1392 1015 Κροτωνιητέων
1413 958 1458 1001 οἱ

171 1029 264 1085 μὲν,
295 1028 675 1083 καταρρωδέοντες
703 1026 756 1070 τα
788 1026 986 1082 Περσικὰ
1014 1028 1268 1083 πρήγματα,
1299 1028 1498 1083 προϊέ-65

1513 750 1646 778 Veniunt
1679 752 1792 781 Persae

1515 784 1791 821 (2rot0nem‚et1)e-

1513 818 1665 846 macedam
1723 828 1791 855 pre-

1512 851 1663 879 hendunt:
1685 853 1790 881 Croto-

1514 885 1616 913 niatae
1635 886 1735 913 Persis
1761 892 1792 915 et

1514 919 1713 947 uemocedcm
1760 926 1792 949 et

1513 960 1620 980 navem
1655 956 1791 982 onerari-

1513 994 1560 1013 am
1571 987 1718 1022 eripiunt:
1732 988 1790 1015 De-

1512 1019 1651 1048 monedes
1717 1031 1791 1049 ener

1511 1054 1668 1094 lqctatoris
1719 1056 1789 1084 filo-

171 1117 246 1144 ναι
276 1099 441 1154 ἑτοῖμοι
472 1092 605 1154 ἦσαν·
657 1099 701 1141 οἱ
740 1098 786 1141 δὲ
817 1095 1089 1142 ἀντάπτοντό
1118 1114 1187 1151 τε,
1227 1099 1301 1142 καὶ
1340 1104 1454 1143 τοῖσι
1511 1096 1595 1168 ἓὲὃ

170 1170 423 1215 σκυτάλοισι
451 1169 607 1213 ἔπαιον
635 1168 742 1221 τούς
762 1168 956 1224 Πέρσας,
984 1170 1331 1227 προϊσχομένους
1352 1170 1455 1214 ἔπεα

112 1307 188 1354 riis,
218 1305 280 1343 ubi
306 1318 420 1344 senex
438 1305 536 1351 vixit,
565 1305 784 1355 profectum,

114 1377 159 1401 ex
202 1363 270 1410 iis,
316 1375 414 1411 quae
463 1361 611 1410 collegit
656 1362 785 1411 Heyse

113 1420 268 1464 Quaest.
293 1419 461 1457 Herodd.
487 1432 524 1470 p.
548 1420 627 1460 138
640 1431 696 1469 sq.
724 1432 786 1457 sa-

112 1477 158 1514 tis
182 1476 418 1515 manifestum
438 1476 490 1514 fit.

169 1588 213 1628 ἕκ
244 1585 454 1640 ῥηστώνης
490 1590 564 1640 τῆς
593 1584 782 1641 Δημοκή-

113 1645 218 1696 δεος]
261 1647 315 1683 lta
347 1647 477 1684 Codex
505 1647 640 1684 Askev.
680 1646 780 1685 Male

111 1702 194 1740 Ald.
217 1702 494 1741 Med.F10rent.
507 1703 587 1740 alii:
621 1702 663 1742 ἐκ
679 1706 780 1754 Κρε-

112 1755 288 1810 στώνηςς
325 1761 399 1797 duo
430 1759 509 1796 alii:
541 1758 584 1799 ἐκ
616 1755 778 1811 Κρότω-

111 1831 194 1864 νος,
226 1818 326 1866 quod
349 1822 516 1855 neutrum
540 1822 636 1854 stare
667 1830 778 1867 posse

111 1874 249 1911 dudum
277 1873 448 1911 viderunt
477 1873 586 1910 WVess
627 1878 664 1911 et
691 1873 779 1910 Val-

110 1931 231 1976 cken.,
261 1930 311 1967 sic
340 1931 629 1980 interpretantes
649 1930 776 1979 vulga-

109 1992 184 2024 tam
204 1987 396 2025 lectionem
416 1986 459 2027 ἐκ
476 1982 709 2037 ῥἠστώνηςε
733 2000 776 2024 ex

110 2044 362 2093 indulgentia,
391 2057 418 2082 s.
439 2046 566 2093 gratia
589 2046 627 2081 in
651 2043 777 2081 Demo-

110 2101 246 2146 cedem,·
276 2101 366 2148 sive,
397 2106 436 2138 ut
457 2100 659 2139 Larcherus
687 2102 775 2139 red-

110 2159 183 2195 dit:
209 2171 282 2208 par
308 2159 408 2195 bonte'
430 2171 523 2208 pour
551 2156 777 2204 De'mocedes,

109 2228 184 2252 non
206 2215 367 2265 probans
392 2215 522 2252 corais
552 2215 775 2265 interpreta-

108 2273 260 2319 tionem,
277 2272 351 2321 qua
370 2271 483 2309 verba
502 2270 545 2310 ἐκ
567 2267 778 2322 ῥηστώνης

110 2329 208 2366 idem
226 2328 386 2374 valeant,
397 2329 498 2378 quod
522 2327 565 2367 ἐκ
589 2328 776 2383 ῥᾳδιουρ-

110 2385 221 2436 γίας,
255 2384 297 2424 ἐκ
325 2384 476 2435 τέχνης,
509 2384 551 2424 ἐκ
580 2385 777 2436 σοφίσμα-

111 2456 200 2488 τος,
229 2455 246 2478 e
267 2443 454 2488 machinis,
476 2440 675 2492 fraudibus
703 2442 777 2479 De-

112 2498 272 2547 maccam,
293 2511 321 2536 s.
341 2499 509 2536 inductus
533 2512 557 2536 a
575 2498 775 2536 Democede.

111 2555 166 2591 Ac
185 2568 330 2603 vereor,
361 2560 400 2593 ut
419 2569 511 2605 quos
533 2556 672 2594 Cora'es
690 2569 777 2607 pro-

112 2610 194 2648 tulit
216 2610 370 2650 Pollucis
390 2612 490 2650 locos
511 2612 573 2661 IV,
594 2615 619 2653 3
649 2611 687 2664 ἓ.
710 2615 776 2654 20.

112 2669 180 2709 22.
200 2666 297 2704 Vlll.
320 2666 359 2719 ς.
387 2672 452 2711 12.
472 2671 538 2716 13,
567 2669 650 2717 alia,
680 2681 777 2718 quae

111 2723 239 2770 addit,
266 2723 336 2761 hoc
361 2726 543 2763 evincant.
602 2726 777 2764 Schaefe-

110 2793 176 2819 rus
197 2779 404 2819 coniecerat
424 2779 468 2822 ἐκ
488 2778 775 2835 δρηστοσύνης.

841 1304 952 1343 Italus
975 1306 1156 1356 interpres
1179 1305 1335 1344 VVessel.
1357 1310 1395 1344 et
1415 1305 1514 1344 Lar-

841 1363 938 1400 cher.
958 1363 1137 1412 sequitur.

898 1415 947 1458 τά
973 1415 1152 1469 πηδάλια
1174 1417 1395 1472 παρέλυσε]
1427 1421 1448 1458 i.
1475 1434 1510 1458 e.

842 1476 958 1522 demi,
983 1477 1100 1514 adimi
1128 1478 1234 1514 iussit
1261 1479 1408 1514 navium
1437 1490 1508 1526 gu-

840 1534 1048 1581 bernacula,
1068 1534 1199 1583 quibus
1222 1535 1425 1572 destitutae
1441 1547 1509 1572 na-

840 1604 905 1628 ves
935 1590 1047 1628 altum
1080 1595 1210 1641 petere
1238 1604 1314 1628 non
1343 1595 1508 1641 possent.

837 1646 980 1684 Eadem
1001 1647 1132 1684 locutio
1152 1648 1252 1698 apud
1264 1646 1397 1685 Athen.
1410 1647 1507 1696 Vffl,

841 1706 891 1743 16
921 1717 957 1754 p.
983 1706 1061 1744 361
1084 1704 1129 1740 Β.
1190 1704 1281 1742 Inde
1313 1704 1428 1741 infra:
1456 1702 1504 1743 τοὶ

836 1760 1033 1811 παρέλαβε
1053 1762 1135 1799 τῶν
1154 1762 1281 1800 νεῶν.·
1312 1774 1409 1810 quae
1434 1759 1505 1812 (sc.

836 1817 1102 1865 gubernacula)
1131 1818 1179 1855 de
1203 1818 1357 1855 navibus
1380 1830 1506 1856 eorum

835 1875 1042 1921 demserat,
1073 1887 1117 1911 ea
1148 1874 1325 1912 reddidit.
1350 1896 1406 1902 —
1445 1874 1505 1912 Ad

834 1943 964 1968 vocem
986 1931 1116 1982 δῆθεν
1141 1931 1186 1968 cf.
1213 1932 1240 1976 Ι,
1266 1932 1333 1971 59.

988 1988 1019 2024 C
1033 2001 1101 2038 ap.
1133 1987 1354 2024 CXXXVII.

893 2039 1156 2096 ἀγοράζοντα]
1186 2044 1209 2081 i.
1224 2057 1256 2081 e.
1276 2045 1313 2080 in
1323 2043 1408 2094 foro
1426 2057 1505 2081 ver-

834 2105 983 2149 santem,
1014 2106 1055 2138 ut
1081 2101 1126 2148 ΙΙ,
1147 2101 1212 2141 35.
1241 2101 1302 2147 ΙΙΙ,
1327 2103 1417 2141 139.
1438 2102 1503 2147 IV,

837 2158 929 2200 164.
967 2157 1057 2195 Mox
1079 2171 1159 2195 cum
1174 2158 1292 2194 Gaisf.
1313 2162 1350 2195 et
1364 2157 1500 2195 Matth.

835 2215 984 2264 reposui
1009 2207 1115 2265 ἦσαν
1145 2227 1212 2266 pro
1244 2213 1351 2254 ἔσαν.
1394 2215 1503 2253 Conf.

834 2272 900 2319 ΙΙΙ,
923 2270 1017 2313 125.

891 2326 958 2366 καὶ
970 2330 1072 2367 τοῖσι
1096 2321 1326 2367 σκυτάλοισι
1347 2325 1503 2377 ἔπαιον]

834 2384 963 2422 Plures
986 2386 1078 2439 τῇσι
1103 2379 1333 2438 σκυτάλῃσι.
1373 2384 1425 2421 Et
1444 2397 1505 2422 sa·-

833 2455 881 2479 ne
897 2442 1032 2479 Suidas
1055 2438 1244 2481 σκυτάλαι
1258 2442 1357 2492 apud
1377 2441 1502 2479 Hero-

833 2499 960 2535 dotum
989 2511 1071 2536 esse
1092 2499 1144 2536 ait
1165 2499 1278 2545 idem,
1310 2498 1411 2547 quod
1430 2492 1502 2547 ρ’ἄ-

833 2555 942 2607 βδος.
973 2554 1056 2593 Nec
1073 2555 1178 2593 aliter
1196 2555 1321 2592 Gloss.
1333 2553 1500 2591 Herodd.

834 2606 1067 2658 σκυτάλοις·
1100 2607 1279 2663 ῥάβδοις.
1337 2609 1388 2647 At
1405 2610 1503 2647 idem

833 2669 967 2706 Snidas
989 2681 1074 2706 mox
1096 2665 1141 2708 τό
1162 2663 1358 2707 σκύταλον
1379 2666 1416 2702 in
1434 2665 1503 2702 hoe

833 2725 1019 2764 Herodoti
1057 2725 1136 2762 loco
1177 2724 1328 2775 exponit
1364 2718 1408 2760 τό
1439 2716 1502 2769 (56-

833 2784 974 2822 παλον.
1003 2802 1061 2809 —-
1088 2780 1267 2820 Athenaei
1289 2778 1409 2816 locum
1429 2777 1498 2815 ΧΙΙ
