1863 3256
382 275 467 314 626

773 270 1243 311 HERODOT!

387 385 590 436 γυναῖκες
639 379 860 436 ἡνιοχεῦσι
908 378 960 421 τοὶ
1011 378 1185 432 ἅρματα
1235 376 1277 427 ἐς
1327 374 1406 418 τόν
1445 375 1649 431 πόλεμον.

225 450 324 494 194
388 450 571 495 Τούτων
611 451 656 494 δὲ
702 449 916 502 Γύζαντες
956 448 1149 503 ἔχονται,
1201 445 1246 488 ἐν
1285 450 1398 488 τοῖσι
1434 445 1528 501 μέλι
1570 446 1706 501 μὲνΞό

87 516 251 551 Gyzantes.

387 519 551 564 πολλὸν
572 521 766 576 μέλισσαι
789 516 1151 573 κατεργάζονται,
1181 519 1327 574 πολλῷ
1357 515 1402 558 δ’
1433 517 1494 560 ἔτι
1519 517 1655 560 πλέον

360 592 559 647 Ξλέγεται
581 587 876 644 δημιουργοὺς
906 587 1070 642 ἄνδρας
1099 586 1275 632 ποιέειν.
1332 590 1587 641 μιλτοῦνται
1617 586 1654 630 δ’

388 658 449 706 ὧν
482 659 640 709 πάντες
670 653 820 710 οὗτοι,
863 659 935 702 καὶ
964 657 1366 715 πιθηκοφαγέουσι·
1425 659 1468 700 οἱ
1497 656 1543 701 δέ
1575 669 1653 712 σφι

338 935 582 975 Amazonibus
602 932 748 982 Libycis
769 934 838 970 rite
862 933 995 971 intelli-

339 993 496 1042 gendam
539 1002 738 1039 sanequam
775 990 890 1027 teneri
931 990 996 1027 de-

340 1051 437 1087 bent.
478 1047 536 1084 Cf.
558 1047 718 1085 Heeren.
747 1046 859 1083 Ideen
886 1045 938 1093 ΙΙ,
972 1048 994 1087 1

339 1118 426 1155 pag.
453 1106 518 1145 37.

505 1160 537 1196 C
553 1170 623 1208 ap.
654 1158 821 1195 CXCIV.

401 1211 608 1264 Γύζαντες]
629 1215 691 1251 Sic
711 1215 878 1251 meliores
898 1213 999 1259 libri;

345 1272 402 1311 alii
425 1268 645 1324 Ζύγαντες;
677 1271 804 1320 Steph.
818 1272 909 1321 Byz.
921 1265 1000 1308 Bv'-

345 1331 497 1377 ζαντες,
547 1327 713 1376 maleque
752 1328 852 1377 apud
880 1327 1002 1365 Hero-

345 1387 473 1423 dotum
506 1385 612 1422 scribi
645 1384 695 1420 ait
719 1380 912 1429 Γύζαντες
935 1383 999 1428 (cf.

346 1442 526 1479 Hecataei
545 1442 709 1488 fragmm.
724 1452 760 1488 p.
777 1440 885 1486 134).
905 1439 1001 1475 Add.

308 1495 311 1499 ’
347 1498 516 1548 Apollon.
552 1496 662 1545 Dysc.
694 1495 789 1533 Hist.
824 1496 900 1532 mir,
934 1496 1000 1535 38.

347 1553 621 1591 Schlichthorst.
651 1565 686 1601 p.
717 1553 791 1591 161
822 1553 860 1588 in
882 1552 1005 1587 Hero-

341 1611 430 1647 doto
475 1621 586 1646 unum
626 1607 758 1657 probat
795 1603 1003 1653 Βύζαντες.

342 1666 392 1703 At
419 1669 519 1703 recte
549 1668 708 1700 statuere
736 1663 878 1701 videtur
898 1664 1006 1700 Man-

343 1726 435 1759 nert.
456 1722 504 1768 X,
528 1723 553 1760 2
575 1733 611 1770 p.
629 1721 710 1759 216
731 1733 831 1769 seq.,
865 1725 1004 1757 utram-

352 1791 425 1827 que
444 1777 528 1814 olim
545 1777 591 1813 de
608 1789 681 1812 una
696 1777 896 1826 eademque
917 1789 1007 1826 gen-

353 1839 392 1872 te
420 1834 572 1871 valuisse
606 1834 829 1882 scripturam.
886 1834 1007 1883 Ipsam

354 1895 503 1940 gentem
528 1889 629 1925 haud
661 1890 786 1939 procul
814 1903 836 1927 a
853 1890 1009 1926 Cartha-

355 1949 442 1996 gine
471 1945 629 1983 abfuisse
660 1951 782 1984 censet
805 1945 1008 1983 Larcherus

355 2004 392 2040 in
404 2002 494 2039 Tab.
517 2002 742 2052 geograph,
771 2014 881 2051 quam
902 2001 1009 2039 latius

356 2059 439 2097 olim
466 2058 616 2108 Byzazii
643 2059 790 2096 nomine
825 2063 1010 2096 extensam

356 2128 424 2167 per
475 2114 649 2165 optimam
696 2114 1011 2163 Carthaginiensis

356 2172 502 2208 ditionis
523 2175 663 2221 partem
685 2184 796 2220 quum
817 2172 904 2208 satis
925 2183 1011 2208 con-

355 2231 449 2274 stet,
482 2227 711 2265 Herodotum
735 2228 844 2265 modo
872 2228 919 2264 de
940 2240 1014 2264 una

355 2284 541 2333 alteraque
563 2284 668 2320 huius
685 2286 803 2333 gentis
822 2284 918 2321 tribu
937 2297 1013 2321 ma-

356 2340 450 2376 xime
487 2344 627 2377 remota
665 2342 867 2390 eademque
896 2341 1013 2377 minus

360 2396 456 2432 culta
501 2395 658 2432 locutum
698 2410 779 2435 esse
828 2398 1015 2434 contendit

361 2451 519 2489 Heeren.
543 2451 651 2488 ldeen
674 2452 719 2498 ΙΙ,
745 2457 762 2493 1
788 2467 822 2503 p.
844 2454 909 2494 39.

418 2504 460 2544 ἒν
481 2510 581 2544 τοῖσι
606 2506 690 2556 μέλι
715 2506 787 2558 μὲν
811 2506 958 2548 πολλᾶν
978 2524 1013 2546 κ.

363 2576 391 2599 τ.
412 2560 462 2611 λ.]
494 2562 550 2599 Dc
570 2575 704 2610 magna
731 2564 844 2601 meilis
865 2578 930 2614 per
949 2566 1014 2602 has

360 2619 528 2667 regiones
574 2620 679 2668 copia
718 2625 874 2656 testatur
913 2620 1017 2657 Delia

363 2673 487 2720 Cella,
522 2677 560 2710 nt
577 2675 716 2711 monuit
736 2676 893 2713 Heeren.
916 2676 960 2722 11,
994 2680 1011 2715 1

362 2743 398 2780 p.
422 2732 487 2769 39.
527 2730 623 2768 Nam
645 2737 785 2769 montes
803 2732 932 2782 apibus
951 2732 1015 2768 ab·

362 2787 522 2834 undant,
551 2799 703 2836 quarum
725 2787 793 2825 mel
817 2788 1014 2825 etiamnum

361 2841 485 2880 incolis
506 2843 637 2881 victum
659 2845 813 2895 praebet
838 2843 1015 2894 simulque

360 2903 584 2949 exportatur.

235 741 332 786 195
392 732 588 786 ἄφθονοι
619 729 718 773 ὅσοι
743 729 790 773 ἐν
819 734 932 773 τοῖσι
961 729 1112 784 οὔρεσι
1141 731 1349 785 γίνονται.
1405 727 1530 771 Κατὰ
1558 726 1708 771 τού-30

1109 935 1240 986 πολλῷ
1266 928 1305 970 δ’
1338 932 1392 972 ἔτι
1417 931 1538 972 πλέον
1560 931 1708 984 λέγεται

1054 986 1324 1040 δημιουργούς
1356 986 1505 1038 ἄνδρας
1542 987 1708 1038 ποιέειν]

1054 1047 1208 1083 Videtur
1242 1046 1310 1082 hoc
1346 1045 1416 1082 mel
1454 1059 1474 1083 e
1511 1045 1711 1096 palmarum

1055 1115 1159 1139 succo
1181 1102 1302 1152 parari
1333 1115 1376 1139 eo
1398 1102 1530 1147 modo,
1571 1114 1644 1151 quo
1669 1101 1713 1137 il-

1056 1159 1119 1196 lud
1150 1159 1186 1195 in
1214 1158 1321 1195 terris
1348 1158 1553 1207 Algerianis
1574 1170 1616 1195 ac
1635 1157 1712 1195 Tu-

1056 1215 1156 1253 n'sssiis
1183 1214 1260 1251 fieri
1288 1215 1409 1251 scribit
1435 1214 1564 1261 Shaw,
1605 1226 1712 1263 quem

1056 1277 1187 1309 testem
1212 1271 1345 1308 excitat
1373 1271 1533 1308 Heeren.
1558 1271 1580 1307 i.
1608 1270 1631 1306 l.
1657 1291 1712 1297 —

1057 1323 1298 1378 δημιουργός
1318 1330 1371 1364 est
1387 1327 1530 1377 opifex,
1554 1327 1616 1376 qui
1627 1338 1714 1363 con-

1057 1384 1201 1421 ficiendi
1239 1382 1354 1420 mellis
1396 1389 1511 1421 artem
1559 1386 1714 1420 exercet.

1059 1441 1116 1477 Cf.
1141 1439 1223 1485 VH,
1244 1441 1309 1479 31.
1341 1439 1471 1476 Athen.
1493 1439 1555 1485 lV,
1578 1441 1657 1479 172
1671 1437 1713 1474 A.

1059 1496 1152 1535 Plat.
1178 1496 1271 1545 Rep.
1294 1495 1341 1532 lv
1373 1507 1458 1546 pag.
1480 1494 1559 1535 421
1584 1508 1613 1531 s.
1635 1495 1714 1534 168

1059 1553 1178 1589 Bekk.
1210 1551 1370 1588 Plurima
1382 1552 1434 1591 ,de
1451 1552 1521 1588 hoe
1538 1550 1715 1587 vocabulo

1060 1621 1156 1645 nuuc
1175 1607 1387 1645 exhibentur
1406 1609 1443 1644 in
1467 1606 1607 1656 Anglic.
1627 1607 1715 1644 edit.

1060 1665 1173 1702 Thes.
1193 1663 1372 1713 Stephan.
1397 1663 1445 1700 T.
1468 1663 1516 1699 ΙΙΙ
1536 1677 1571 1713 p.
1594 1664 1717 1704 3293.

1061 1721 1119 1759 De
1151 1732 1240 1757 voce
1272 1716 1423 1771 ἄνδρας
1449 1720 1594 1757 adiecta
1622 1719 1716 1757 conf.

1062 1777 1127 1824 111,
1149 1777 1239 1818 125.
1268 1776 1330 1821 IV,
1357 1776 1448 1817 151.
1469 1778 1562 1817 200.

1123 1890 1350 1939 μιλτοῦνται
1389 1883 1430 1928 δ’
1477 1881 1534 1927 οἷν
1573 1882 1722 1934 πάντες

1067 1939 1200 1996 οὗτοι]
1260 1945 1470 1982 Nomadum
1515 1957 1560 1983 ex
1606 1956 1721 1989 more,

1065 2015 1174 2052 quem
1215 2002 1313 2052 apud
1340 2002 1493 2050 Maxyes
1533 2001 1606 2048 IV,
1641 2002 1719 2042 191

1066 2071 1136 2096 iam
1156 2071 1368 2096 invenimus.

1125 2169 1167 2210 οἵ
1194 2168 1236 2209 δέ
1266 2182 1338 2220 σφι
1358 2166 1540 2218 ἄφθονοι
1568 2165 1656 2209 ’ὅσοι
1680 2167 1723 2208 ἕν

1067 2231 1169 2266 τοῖσι
1193 2224 1329 2278 οὔρεσι
1357 2225 1560 2277 γίνονται]
1610 2224 1652 2264 οἷ
1680 2221 1723 2264 δὲ

1067 2284 1297 2322 referendum
1317 2284 1364 2320 ad
1376 2279 1724 2334 πιθηκοφαγέουσι

1069 2341 1166 2377 unde
1201 2344 1324 2378 mente
1362 2345 1530 2389 repetere
1563 2339 1646 2375 licet
1685 2336 1726 2376 οἱ

1068 2397 1250 2446 πίθηκοι.
1289 2396 1396 2432 Cons.
1419 2394 1550 2432 Matth.
1572 2395 1638 2431 Gr.
1658 2394 1724 2430 Gr.

1070 2451 1107 2503 ἓ.
1129 2452 1234 2498 435,
1274 2464 1380 2500 quem
1405 2451 1560 2487 eundem
1584 2449 1620 2501 ᾗ.
1642 2449 1724 2491 445

1070 2523 1106 2560 p.
1125 2510 1204 2549 831
1226 2507 1361 2545 consul.
1385 2507 1434 2543 ad
1455 2507 1566 2544 verba
1589 2503 1726 2554 ἄφθο-

1071 2580 1136 2603 νοι
1154 2560 1252 2602 ὅσοι.
1298 2562 1355 2599 De
1374 2563 1556 2600 simiarum
1576 2576 1643 2614 per
1660 2561 1725 2599 Li-

1072 2621 1178 2668 byam
1227 2618 1456 2656 multitudine
1499 2624 1628 2656 auctor
1669 2622 1727 2656 est

1072 2688 1218 2724 quoquc
1240 2675 1423 2712 Diodorus
1443 2676 1531 2719 XX,
1558 2676 1633 2721 58,
1665 2674 1726 2712 ubi

1071 2733 1163 2768 cons.
1187 2731 1406 2779 Wesseling.
1433 2731 1480 2768 T.
1511 2731 1540 2768 H
1573 2744 1607 2781 p.
1631 2729 1724 2771 449·

1072 2787 1219 2824 Montes
1232 2816 1242 2833 ,
1284 2801 1376 2836 quos
1395 2787 1481 2825 dicit
1500 2788 1726 2831 Herodotus,

1071 2845 1120 2880 ad
1155 2844 1329 2880 Atlantem
1376 2845 1560 2894 pertinere
1604 2848 1726 2881 monet

1072 2901 1230 2938 Heeren.
1251 2899 1274 2937 l.
1294 2901 1316 2936 l.
