1863 3256
400 246 1076 287 MELPOMENEIV.
1284 256 1366 297 509

112 371 157 399 τε
193 355 269 400 τὸν
306 355 570 413 κεχρημένον
597 354 817 407 θάνατον,
853 357 926 401 καὶ
955 358 1122 402 δοκέων
1153 357 1367 416 ἄμφίῤῥυ-

84 433 192 470 5τον
230 428 308 483 τὴν
347 427 557 483 Κυρήνην
596 425 717 471 εἶναι.
776 425 876 483 Εἶχε
916 430 961 473 δὲ
997 434 1185 485 γυναῖκα
1224 442 1369 485 συγγε-

109 497 187 540 νέα
217 498 405 551 ἑωυτοῦ,
433 499 654 555 θυγατέρα
684 499 730 542 δὲ
758 502 839 542 τοῦ
868 501 956 542 τῶν
985 501 1220 553 Βαρκαίων
1250 502 1425 555 βασι-55

109 567 227 620 λὲος,
260 573 320 628 τῷ
351 569 522 626 οὔνομα
550 565 605 626 ἦν
625 570 819 623 Ἀλαζίρ·
858 568 976 624 παρα
994 574 1152 613 τοῦτον
1173 568 1369 614 ἀπικνέε-

81 645 194 681 6ται.
253 641 327 682 καί
353 658 430 696 μιν
460 642 673 696 Βαρκαῖοί
699 656 743 684 τε
774 639 950 694 ἄνδρες,
991 642 1064 685 καὶ
1092 645 1181 685 τῶν
1205 641 1251 685 ἐκ
1281 644 1370 684 Κυ-

111 708 247 765 ρήνης
287 709 503 766 φυγάδων
539 712 673 762 τινες,
723 709 1051 766 καταμαθόντες
1090 711 1370 768 ἀγοράζοντα,

109 781 343 823 κτείνουσι·
399 781 508 837 πρὸς
537 783 605 834 δὲ,
634 783 708 826 καὶ
737 782 815 826 τόν
843 784 1059 837 πενθερὸν
1088 782 1226 827 οὗτοῦ
1253 782 1371 827 Ἀλα-
1426 788 1510 832 355

80 853 221 905 7ζῖρα.
277 849 551 908 Ἀρκεσίλεως
591 853 670 908 μέν
708 870 814 906 νυν,
854 855 936 898 εἴτε
980 853 1090 897 ἑκών
1130 857 1210 898 εἴτε
1247 856 1426 898 ἄκωνδο

106 918 310 977 ἁμαρτὼν
337 928 417 967 τοῦ
442 928 663 981 χρησμοῦ,
695 925 892 981 ἐξέπλησε
911 931 1071 982 μοῖραν
1089 926 1168 982 τὴν
1188 925 1366 970 ἑωυτοῦ.

216 992 270 1036 ‘H
296 995 342 1038 δὲ
372 993 509 1051 μήτηρ
541 997 771 1051 Φερετίμη,
809 996 912 1048 τέως
939 997 1016 1052 μὲν
1046 995 1068 1040 ὁ
1095 995 1367 1050 Ἀρκεσίλεως

105 1062 154 1107 ἐν
191 1069 244 1121 τῇ
279 1064 430 1122 Βάρκῃ
467 1068 662 1110 διαιτᾶτο
703 1067 1008 1122 ἐξεργασμένος
1037 1067 1183 1125 ἑωυτῷ
1211 1066 1363 1119 κακόν,
1421 1091 1700 1131 suana-posterus

105 1133 133 1190 ἡ
172 1135 218 1177 δὲ
257 1133 340 1191 εἶχε
379 1136 488 1193 αὕτη
528 1141 608 1181 τοῦ
645 1138 800 1189 παιδὸς
837 1137 889 1181 τοὶ
930 1139 1057 1194 γέρεα
1090 1139 1136 1181 ἐν
1165 1137 1362 1193 Κυρήνῃ,
1419 1127 1700 1194 ssfili‘iimcssllnigi'ffy

106 1206 180 1249 καὶ
211 1206 343 1250 τᾶλλα
371 1208 607 1264 νεμομένη,
639 1209 712 1252 καὶ
741 1209 787 1252 ἐν
818 1212 956 1265 βουλῇ
985 1210 1248 1261 παρίζουσα·
1280 1209 1425 1252 ἐπεί65

106 1293 151 1321 τε
202 1278 247 1322 δὲ
296 1279 428 1334 ἔμαθε
478 1279 525 1323 ἐν
569 1284 622 1337 τῇ
671 1280 821 1337 Βάρκῃ
871 1279 1155 1324 ἀποθανόντα
1203 1280 1247 1323 οἱ
1291 1278 1371 1322 τὸν

1437 989 1682 1017 Pheretimaloco

1422 1024 1555 1050 absentis
1578 1024 1632 1050 filii
1653 1032 1698 1051 re-

1440 1065 1530 1090 guum
1554 1057 1679 1084 admini-

0 993 62 1040 65

51 1470 132 1507 tuit.

189 1471 308 1516 Quem
333 1472 362 1508 si
393 1485 610 1522 sequamur,
639 1472 710 1511 Ar·
769 1473 848 1514 175
892 1473 1018 1511 referri
1058 1473 1105 1511 ad
1148 1484 1233 1511 ann.
1270 1469 1353 1513 514
1390 1483 1425 1509 a·

50 1527 200 1564 cesilaus
229 1529 442 1567 crudelitate
471 1531 600 1567 civium
632 1531 711 1568 ani-

49 1596 128 1620 mos
159 1596 181 1620 a
212 1597 250 1622 se
269 1586 320 1622 ita
341 1586 630 1634 abalienaverat,
673 1590 712 1623 ut

52 1641 216 1688 Cyrenes
248 1642 283 1677 in
306 1642 396 1680 urbe
422 1643 567 1680 minime
595 1656 635 1681 se
653 1647 711 1680 tu-

51 1699 126 1732 tum
166 1697 388 1735 existimaret
431 1699 630 1747 urbemque
666 1713 710 1736 eo

52 1752 133 1802 ipso
169 1754 318 1790 consilio
357 1755 487 1792 duetus
519 1755 710 1793 Persarum

51 1808 89 1844 in
117 1809 226 1846 fidem
257 1811 439 1857 traderet3
484 1812 522 1848 in
553 1824 625 1860 quo
655 1816 711 1849 ta-

50 1876 135 1901 men
152 1878 232 1902 eum
250 1866 377 1903 salsum
399 1880 478 1905 esse
499 1868 709 1908 invenimus,

49 1920 157 1958 —In
178 1923 342 1972 proxime
364 1925 708 1975 seqq.participium

49 1977 290 2029 κεχρημένον
339 1981 482 2030 passive
529 1982 709 2031 accipien-

52 2034 162 2071 dum:
219 2041 358 2073 mortem
403 2039 527 2073 timens
567 2038 709 2074 oraculo

51 2091 121 2127 sibi
142 2092 396 2142 sv'gmficatam.
435 2094 496 2132 Tu
517 2095 612 2131 conf.
631 2108 710 2131 mo-

53 2147 101 2183 do
126 2146 217 2184 Lex.
245 2150 425 2187 Herodot.
457 2163 486 2186 s.
519 2163 552 2187 v.
611 2152 709 2188 Ante

52 2198 305 2253 οἷμφίῤῥυτον
351 2206 552 2254 Schweigli.
597 2207 709 2244 inseri

51 2259 129 2297 vult
148 2257 233 2309 τήν.
273 2262 323 2298 Et
343 2264 436 2299 conf.
455 2263 503 2299 sis
525 2262 586 2310 IV,
610 2265 707 2305 163:

53 2315 235 2367 βασιλέος
265 2330 344 2354 cum
370 2318 489 2355 Gaisf.
518 2322 555 2356 et
573 2320 707 2356 Matth.

54 2374 178 2423 scripsi
216 2387 283 2424 pro
324 2375 513 2425 βασιλῆος
547 2375 709 2424 itemque

55 2432 200 2480 μοῖραν
221 2444 287 2480 pro
311 2431 479 2482 μοίρην,
519 2432 708 2469 conserens

53 2485 102 2521 Ill
116 2513 128 2531 ‚
152 2485 252 2534 142,
290 2488 351 2525 ubi
369 2500 436 2538 par
455 2491 493 2525 et
513 2489 645 2525 locutio
671 2491 708 2525 et

55 2544 246 2579 sententia.
289 2543 349 2581 Ad
380 2544 529 2581 verbum
553 2540 707 2596 dyopni—

55 2599 133 2643 ζειν
164 2598 215 2645 (in
235 2599 316 2649 foro
340 2602 493 2649 versari)
523 2603 617 2638 conf.
642 2601 705 2647 ΙΙΙ,

57 2654 150 2693 137.
180 2654 243 2700 IV,
266 2658 332 2696 78.
390 2657 432 2694 In
454 2658 613 2695 Maziris
641 2671 708 2694 no·-

55 2710 152 2747 miue
181 2723 262 2747 cum
290 2713 466 2750 fluctuent
492 2714 593 2762 libri,
641 2727 709 2751 nos

55 2766 236 2815 vulgatam
256 2767 477 2806 exhibuimus
504 2770 709 2817 lectionem,

56 2822 125 2859 hoc
144 2824 181 2858 in
200 2823 272 2860 fine
293 2824 501 2862 adiicientes
515 2855 526 2873 ‚
566 2826 712 2864 Arcesi-

57 2877 103 2915 lai
138 2883 290 2917 mortem
315 2891 337 2916 a
364 2880 517 2929 'l'hrigio
536 2882 558 2919 l.
575 2883 596 2919 l.
626 2896 710 2933 pag.

767 1531 852 1568 Chr.
881 1543 919 1567 n.

951 1619 1064 1670 Cap.
1096 1618 1245 1657 CLXV.

825 1695 922 1745 τέως
949 1695 1021 1749 μὲν
1053 1695 1077 1736 ὁ
1104 1692 1353 1748 Ἀρκεσίλεως
1372 1718 1428 1727 —-

767 1753 902 1808 ἑωυτῷ
930 1750 1078 1803 κακόν]
1131 1755 1154 1792 i.
1188 1768 1219 1792 e.
1258 1754 1426 1803 quamdiu

764 1812 968 1849 Arcesilaus
1008 1810 1148 1847 Barcae
1188 1812 1423 1847 commoraba-

767 1872 848 1916 tur,
878 1868 966 1905 mali
983 1870 1040 1904 sui
1059 1869 1131 1917 ipse
1154 1871 1288 1905 auctor.
1333 1867 1424 1904 Post

764 1923 860 1971 τέως
892 1922 979 1975 μὲν
1015 1925 1179 1973 sequitur
1207 1922 1234 1975 ἦ
1265 1921 1316 1962 δὲ
1346 1920 1423 1974 εἶχε

766 1986 802 2019 et
823 1994 905 2018 mox
928 1980 1013 2021 ἐπεί
1039 1995 1078 2019 τε
1111 1978 1161 2019 δὲ
1191 1979 1339 2030 ἔμαθε,
1377 1981 1424 2016 si-

764 2038 838 2075 mili
871 2037 1125 2087 particularum
1165 2037 1331 2074 iunctura
1369 2041 1425 2074 at-

765 2107 836 2143 que
861 2094 924 2141 lv,
951 2093 1016 2133 65.
1064 2093 1122 2129 Ad
1156 2090 1203 2131 τεὶ
1232 2092 1346 2145 γέρεα
1376 2094 1422 2130 cf.

766 2151 794 2198 l,
817 2152 881 2190 59.
924 2149 986 2196 IV,
1011 2152 1110 2194 1623
1156 2149 1348 2200 νέμεσθαι
1385 2149 1424 2186 in

766 2219 870 2256 seqq.
918 2206 1016 2243 valet
1056 2206 1323 2255 administrare,
1370 2218 1426 2241 res

766 2263 840 2300 scil.
882 2264 1064 2312 publicem,
1124 2266 1165 2299 ut
1211 2263 1283 2311 ΙΙΙ,
1331 2264 1426 2303 160.

765 2319 864 2364 ΠΗ,
890 2322 981 2360 136.

821 2375 864 2414 ἐν
894 2376 1023 2429 βουλῇ
1048 2372 1285 2425 παρίζουσα]
1341 2374 1364 2410 i.
1392 2387 1425 2412 e.

766 2433 805 2468 in
831 2436 952 2469 senatu
973 2432 1150 2468 adsidens
1198 2431 1344 2469 Etenim
1365 2443 1426 2467 co-

764 2489 955 2537 gitandum
988 2489 1044 2526 hic
1074 2489 1121 2526 de
1149 2501 1193 2525 eo
1232 2500 1420 2538 procerum

764 2558 792 2582 s.
811 2545 982 2582 nobilium
1004 2545 1167 2591 concilio,
1187 2557 1300 2595 penes
1320 2544 1420 2593 quod

763 2601 901 2639 Dorum
920 2602 957 2638 in
974 2602 1174 2638 civitatibus
1198 2613 1337 2637 summa
1364 2612 1422 2635 re-

764 2671 843 2694 rum
864 2658 1088 2708 publicarum
1108 2671 1204 2704 cura,
1236 2658 1311 2693 sive
1330 2656 1422 2705 βου-

766 2711 843 2764 λήν
895 2715 1033 2751 vocaris
1081 2715 1156 2751 sive
1200 2711 1420 2762 γερουσίαν.

768 2771 848 2807 Vid.
882 2771 925 2810 C.
953 2772 1000 2808 O.
1029 2770 1172 2807 Miiller.
1195 2768 1285 2804 Dor.
1318 2766 1350 2802 Il
1381 2779 1419 2816 p.

767 2829 816 2866 91
844 2840 919 2875 seq.
946 2829 1010 2866 96.
1059 2826 1116 2861 Ad
1135 2820 1339 2874 φεύγουσα
1364 2821 1421 2860 οἰ-

768 2878 888 2933 χώκεε
908 2882 1002 2919 conf.
1028 2880 1089 2927 lv,
1113 2882 1203 2920 127.
