1863 3256
314 193 399 233 182
711 189 1175 230 HERODOTI

287 303 452 358 4μενοι.
510 297 711 355 καλάμου
749 299 795 342 δὲ
833 301 884 343 ’ἑν
912 298 1024 355 γόνυ
1053 303 1209 342 πλοῖον
1239 298 1421 341 ἕκαστον
1449 298 1637 342 ποιέε-4ο

310 389 392 416 ται.
442 366 566 415 οὗτοι
607 371 685 426 μὲν
726 369 780 426 δὴ
832 377 919 414 τῶν

963 371 1110 413 Ἰνδῶν
1160 368 1371 425 φορέουσι
1416 369 1580 426 ἐσθῆτα

310 445 518 500 φλοΐνην·
579 441 655 497 ἣν,
701 441 831 485 ἐπεὰν
861 441 907 484 ἐκ
946 445 1026 485 τοῦ
1060 445 1261 497 ποταμοῦ
1291 443 1437 497 φλοῦν
1467 437 1580 496 ἀμή-

314 625 494 676 καλάμον
521 622 562 664 δὲ
588 625 635 664 ἓν
655 621 750 676 γόνυ
778 627 919 664 πλοῖον

260 682 425 722 ἕκαστον
458 680 655 731 ποιέεται]
695 682 797 719 Haec
824 682 918 731 ipsa,

259 740 403 790 opinor,
424 738 558 774 Plinius
577 739 735 788 respexit
756 739 802 775 de
821 738 919 773 ludi-

259 809 302 832 ca
321 795 498 832 arundine
515 800 662 844 praeter
676 794 744 830 alia
764 794 815 831 sic
830 794 919 830 seri-

259 853 349 888 bens
364 851 455 886 Hist.
469 849 555 886 Nat.
566 850 665 896 XVI,
676 852 750 890 36:
773 850 920 896 „Arun-

259 908 334 945 dini
354 907 499 955 quidem
514 906 659 942 Indicae
681 907 832 942 arborea
844 918 920 941 am-

257 963 398 1014 plitudo
410 975 420 1007 3
434 983 484 989 -
497 962 798 1010 navigiorumque
809 960 920 998 etiam

257 1020 371 1056 vicem
407 1023 618 1068 praestant,
659 1019 688 1054 si
725 1018 919 1062 credimus,

258 1074 400 1124 singula
429 1075 637 1111 internodia
657 1076 753 1112 etc.“
783 1078 820 1111 et
839 1073 919 1117 Vll,

258 1134 306 1171 2:
336 1132 557 1178 „arundines
580 1135 705 1168 tautae
723 1131 919 1180 procerita-

258 1188 324 1234 tis,
356 1193 396 1224 ut
415 1187 560 1236 singula
580 1188 787 1224 internodia
814 1186 919 1223 alveo

258 1243 457 1292 navigabili
488 1249 611 1280 ternos
643 1244 824 1280 interdum
854 1242 920 1278 ho-

257 1301 373 1337 mines
397 1301 525 1337 ferant.
574 1299 711 1336 Multos
735 1300 783 1336 ibi
808 1299 921 1348 quina

258 1357 380 1394 cubita
407 1360 548 1393 constat
564 1356 795 1405 longitudine
814 1367 918 1392 exce-

258 1413 383 1451 dere.“
442 1413 549 1456 Quae
577 1413 623 1449 de
647 1412 832 1450 arundinis
854 1424 920 1460 ge-

259 1482 362 1517 nere,
393 1469 449 1506 cui
468 1482 600 1507 nomen
623 1467 795 1515 Bambus,
814 1467 922 1505 intel-

258 1525 407 1574 ligenda
433 1538 526 1572 esse,
558 1526 653 1562 bene
675 1526 723 1562 ad
745 1526 778 1562 h.
800 1525 822 1561 l.
844 1537 923 1560 mo-

259 1583 340 1619 nuit
364 1582 521 1628 Cuvier.,
543 1581 683 1618 addens
704 1581 796 1618 hanc
814 1593 921 1617 arun-

261 1638 383 1675 dinem
419 1638 583 1674 maximis
618 1638 808 1674 arboribus
848 1649 921 1673 non

261 1694 392 1732 cedere
422 1693 611 1731 altitudine
627 1723 638 1741 ,
679 1693 842 1730 crassitie
883 1697 922 1730 et

262 1750 464 1795 soliditate,
504 1750 605 1786 cuius
633 1763 704 1786 una
741 1750 921 1799 quaedam

261 1807 414 1857 specieS,
432 1806 592 1843 Bambus
608 1806 863 1852 arunclz‘nacea,
877 1806 925 1842 ad

262 1864 451 1912 sexaginta
465 1864 579 1913 pedes
591 1863 759 1912 adeoque
771 1862 924 1912 amplius

260 1919 296 1956 in
308 1919 536 1956 altitudinem
548 1919 768 1970 porrigatur.
787 1920 926 1956 Prima-

259 1976 333 2012 rius
346 1976 393 2012 de
413 1975 537 2012 Indica
553 1977 730 2012 arundine
749 1975 846 2011 locus
860 1987 925 2012 ex-

264 2036 338 2068 stat
361 2031 457 2081 apud
487 2031 648 2069 Ctesiam
675 2031 759 2068 Exc.
786 2031 861 2067 lnd.
883 2034 922 2077 6,

261 2088 322 2125 ubi
345 2088 585 2137 antiquiorum
605 2088 818 2138 scriptorum
836 2101 923 2124 con-

262 2145 359 2193 gessi
373 2145 579 2181 testimonia
595 2145 652 2191 (in
673 2145 803 2193 quibus
815 2157 924 2194 prae-

262 2200 368 2249 cipue
396 2201 532 2237 consul.
560 2205 705 2251 praeter
733 2200 822 2237 Plin.
857 2200 878 2237 l.
900 2200 920 2237 Ι.

257 2256 410 2293 Diodor.
435 2257 487 2304 ll,
511 2260 562 2297 17
595 2257 690 2294 med.
709 2256 826 2303 XVll‚
856 2259 919 2297 90.

260 2312 383 2348 Strab.
404 2312 486 2349 XV.
507 2325 592 2362 pag.
607 2316 688 2353 710
707 2326 734 2349 s.
753 2315 858 2353 1037
875 2313 919 2350 C·

260 2367 508 2416 Theophrast.
529 2369 622 2405 Hist.
643 2368 763 2405 Plant.
783 2369 844 2415 lv,
870 2372 916 2409 11

260 2436 298 2474 p.
322 2426 400 2463 159
419 2424 623 2472 Schneid.)‚
644 2429 682 2461 et
702 2437 795 2474 quae
819 2437 840 2461 a
863 2438 921 2462 rc-

261 2481 482 2517 centioribus
510 2481 692 2530 disputata
724 2486 831 2527 suut,
863 2482 918 2517 in·-

262 2537 389 2573 ‹licavi.
450 2536 511 2573 'l'u
544 2537 615 2573 vid.
646 2537 807 2586 inprimis
839 2537 922 2574 Sal-

262 2605 353 2629 mas.
376 2593 547 2629 Exercitt.
571 2592 685 2629 Plinn.
709 2605 793 2642 pag.
816 2595 921 2634 1019

266 2661 343 2697 seq.
375 2648 482 2689 1052
512 2661 589 2698 seq.
632 2649 841 2685 Schneider.
875 2649 922 2685 ad

264 2704 511 2755 Theophrast.
530 2705 553 2742 l.
577 2704 597 2741 l.
626 2717 661 2755 p.
683 2707 778 2745 371.
803 2705 923 2741 Wahl.

264 2760 484 2798 Erdbescbr.
510 2774 543 2798 v.
572 2761 717 2798 Ostind.
739 2774 822 2812 pag.
842 2761 924 2802 765

265 2821 302 2854 et
322 2817 480 2856 Heeren.
501 2817 613 2856 ldeen
634 2817 661 2866 l,
686 2821 704 2858 1
729 2830 815 2869 pag.
828 2819 924 2864 360,

976 638 1130 674 quocum
1170 624 1279 675 plane
1315 624 1520 660 faciendum
1553 635 1636 661 esse

975 687 1086 732 puto,
1119 685 1159 717 ut
1190 681 1329 717 arundo
1361 680 1507 727 ludica,
1539 680 1636 716 cuius

976 738 1073 786 apud
1096 738 1324 773 Herodotum
1342 737 1477 773 mentio
1498 737 1552 782 fit,
1568 748 1636 786 pro

976 793 1108 830 Bamln·
1127 794 1304 829 arundine
1327 793 1515 838 habeatur,
1541 805 1637 841 quae

975 850 1055 899 ipsa
1078 850 1114 885 iu
1135 850 1177 885 iis
1199 850 1324 885 Indiae
1342 850 1571 897 regionibus,
1590 848 1639 885 ad

977 918 1067 954 quas
1090 904 1270 940 Herodoti
1297 910 1442 941 narrata
1477 905 1639 954 proxime

977 959 1640 1010 spectant,maximeproveniat.B‹1m·

977 1018 1098 1054 husam
1120 1023 1157 1053 et
1179 1015 1364 1053 Calamam
1382 1016 1530 1065 Rotang
1548 1016 1640 1065 Linj-

978 1074 1037 1110 nei
1073 1085 1094 1109 a
1129 1074 1322 1121 Sprengel.
1343 1073 1439 1110 Hist.
1459 1073 1544 1109 Bot.
1563 1073 1579 1109 I
1602 1085 1637 1122 p.

980 1132 1055 1169 171
1080 1129 1243 1177 intelligi,
1276 1142 1319 1166 ex
1340 1129 1553 1167 Schneideri
1574 1141 1641 1166 an-

976 1187 1169 1223 notatione
1195 1185 1216 1222 l.
1238 1186 1489 1223 animadverti.

1037 1240 1229 1292 φορέουσι
1259 1241 1411 1292 ἐσθῆτα
1447 1240 1638 1292 φλοΐνην]

976 1313 1038 1343 τε,
1066 1299 1165 1348 quod
1184 1303 1268 1348 post
1286 1297 1440 1348 ἐσθῆτα
1459 1297 1569 1346 vulgo
1587 1298 1640 1336 le-

978 1356 1154 1404 gebatur,
1185 1368 1264 1391 cum
1287 1360 1440 1392 receutt.
1465 1355 1550 1392 edd.
1579 1367 1640 1392 su-

976 1411 1069 1448 stuli.
1129 1412 1295 1460 Sequens
1315 1408 1380 1461 ἣν,
1412 1412 1510 1460 quod
1530 1411 1560 1447 si
1580 1424 1639 1449 re-

976 1469 1143 1513 tinueris,
1173 1468 1222 1504 ad
1242 1467 1548 1514 καταπλέξαντες
1570 1469 1641 1504 erit

978 1524 1223 1570 referendum,
1253 1524 1391 1573 aliquot
1421 1524 1501 1561 libri
1531 1525 1641 1561 omit-

979 1585 1086 1627 tunt,
1119 1581 1298 1630 probante
1327 1582 1459 1618 Struve
1485 1581 1593 1630 Spec.
1623 1578 1641 1615 I

981 1637 1131 1680 Quaest.
1150 1637 1197 1674 de
1217 1636 1301 1673 dial.
1318 1636 1457 1674 Herod.
1469 1649 1553 1687 pag.
1570 1638 1640 1682 22,

981 1694 1117 1744 quippe
1139 1705 1210 1741 qua
1229 1705 1318 1731 voce
1338 1694 1543 1744 importuna
1563 1692 1640 1730 eie-

979 1755 1037 1787 cta
1057 1750 1178 1786 omnia
1188 1750 1324 1799 optime
1334 1751 1546 1800 procedant,
1561 1761 1640 1786 cum

980 1807 1192 1843 Herodotus
1220 1807 1255 1842 iu
1278 1806 1409 1843 talibus
1425 1805 1641 1856 plerumque

981 1858 1206 1908 οἷσυνδέτως
1227 1861 1324 1911 loqui
1347 1863 1476 1900 soleat.

1037 1918 1191 1969 ἐσθῆτα
1203 1919 1389 1969 φλοΐνην]
1404 1918 1521 1956 Docet
1533 1918 1643 1955 lVes-

980 1975 1042 2012 sel.
1053 1975 1181 2012 Atticis
1201 1973 1342 2022 φλέως,
1354 1976 1501 2012 Ionibus
1514 1975 1643 2024 φλοῦς

979 2032 1128 2069 herbam
1148 2043 1228 2069 esse
1248 2032 1456 2081 palustrem,
1468 2032 1575 2082 scirpi
1587 2032 1643 2067 in-

980 2093 1055 2124 star
1087 2086 1291 2135 (Nostrum
1320 2087 1458 2136 Bast),
1495 2092 1641 2125 auctore

978 2144 1124 2182 Polluce
1143 2144 1189 2190 X,
1205 2146 1297 2191 178,
1312 2145 1371 2182 ubi
1387 2141 1512 2194 ἐσθής
1530 2143 1642 2191 φλοΐ-

978 2216 1028 2251 νη
1057 2202 1180 2248 (vestis
1203 2203 1351 2251 scirpea,
1382 2214 1410 2239 s,
1441 2213 1484 2238 ex
1504 2199 1640 2249 phleo),

977 2257 1057 2295 coll.
1104 2257 1264 2295 Pausan.
1307 2257 1415 2303 vlu,
1453 2259 1530 2302 22,
1571 2261 1638 2293 etc.

977 2314 1177 2360 Schweigh.
1207 2312 1332 2350 laudat
1359 2313 1533 2350 Niebuhr.
1558 2312 1641 2348 ltin.

977 2370 1009 2409 ll
1034 2383 1067 2420 p.
1082 2373 1136 2409 7O
1159 2371 1278 2417 ibique
1297 2369 1371 2406 tab.
1395 2369 1555 2406 aen.Xll
1575 2368 1640 2417 fig.

977 2427 1021 2463 C.
1053 2426 1186 2474 Auigit
1204 2426 1361 2462 Heeren.
1386 2425 1406 2462 l.
1429 2424 1451 2461 l.
1470 2426 1533 2470 1,3
1554 2437 1639 2474 pag.

979 2483 1060 2521 328
1081 2494 1158 2530 seq.
1180 2482 1392 2518 vestimenta
1411 2482 1508 2531 apud
1529 2481 1641 2518 ludos

979 2538 1231 2585 antiquissimo
1268 2550 1357 2575 aevo
1396 2550 1439 2574 ex
1471 2538 1640 2575 arborum

980 2593 1110 2630 cortice
1132 2598 1284 2643 parata,
1313 2599 1422 2642 atque
1445 2594 1641 2631 Herodoto

981 2655 1019 2687 et
1043 2649 1191 2686 Ctesiae
1212 2650 1288 2685 lud.
1309 2652 1362 2690 22
1382 2662 1644 2688 commemora-

981 2711 1040 2750 tw,
1079 2705 1200 2754 qualia
1239 2706 1540 2744 anachoretarum
1579 2710 1643 2744 aut

981 2763 1242 2812 poeniteutiam
1283 2764 1468 2811 agentium
1501 2763 1642 2813 suppli-

982 2819 1185 2856 cantinmve
1205 2818 1389 2857 hominum
1407 2819 1518 2858 fuisse
1537 2832 1558 2858 e
1572 2819 1643 2856 Sa·
