1863 3256
52 260 56 274 l

52 290 55 308 l

40 309 55 357 {l

514 172 1190 212 MELPOMENE.1V.

1397 179 1479 218 439

194 281 468 337 3τριηκόσιοι
497 282 569 324 καὶ
597 282 832 336 τρισχίλιοι.
891 278 1051 323 τούτου
1086 284 1167 323 τοῦ
1196 278 1403 335 πελάγεος
1432 284 1477 326 τὸ
1489 293 1528 325 61

222 351 357 406 στόμα
394 351 481 394 ἐστὶ
521 348 649 405 εὖρος
686 352 877 405 τέσσερες
918 349 1103 395 στάδιοι·
1153 354 1291 407 μῆκος
1320 351 1365 395 δὲ
1395 355 1476 394 τοῦ

219 422 447 478 στόματος,
479 424 501 468 ὁ
535 424 693 481 αὐχήν,
725 422 772 466 τό
795 420 846 477 δή
871 421 1102 477 Βόσπορος
1124 421 1347 478 κέκληται,
1378 420 1476 466 κατ’

161 562 271 598 modo
298 574 371 598 non
401 564 463 609 eit,
494 564 566 612 qua
602 563 813 600 Herodotus

160 618 244 655 velit
280 622 406 667 parte,
445 619 513 656 sed
551 619 597 655 ab
637 617 815 655 Heraclea

159 674 244 711 inde
287 685 401 721 usque
441 675 491 711 ad
531 674 812 723 Borysthenem,

159 730 231 778 qua
248 728 457 767 latissimum
477 743 557 769 esse
578 731 702 767 dicunt
714 731 812 767 Pon-

158 795 257 830 tum,
282 785 379 822 illam
407 788 588 825 sumseris.
629 786 687 823 Cf.
720 799 811 835 quo-

157 855 228 892 que
259 842 409 880 Rennel.
440 843 460 879 l.
490 843 512 881 l.
532 856 617 893 pag.
633 843 727 885 469.
763 842 812 879 Et

155 903 281 936 monet
322 911 469 948 quoque
504 900 654 937 Dureau
695 899 741 936 (le
777 898 811 936 la

155 954 266 992 Malle
287 954 309 991 l.
331 955 352 992 l.
373 969 459 1005 pag.
484 958 557 996 181
586 955 809 992 latitudinem

155 1011 264 1049 Ponti
293 1011 339 1048 ab
358 1011 539 1049 Herodoti
560 1016 680 1050 aetate
697 1024 809 1060 usque

154 1068 203 1104 ad
221 1072 382 1105 nostrum
400 1071 545 1118 tempus
572 1069 687 1106 videri
703 1069 809 1105 valde

154 1124 390 1171 diminutam,
420 1125 534 1162 multa
560 1129 657 1162 terra
675 1125 723 1161 ad
740 1125 808 1160 flu-

152 1181 288 1217 minum
326 1181 418 1217 ostia
450 1181 662 1231 praesertim
694 1193 809 1229 agge-

152 1242 220 1274 sta.
260 1236 341 1274 Nec
357 1237 552 1274 admodum
570 1237 743 1275 recedunt
761 1236 807 1272 ab

149 1293 373 1331 Herodoteis
408 1293 584 1344 ‘numeris
643 1291 808 1330 milliaria

151 1348 291 1387 Gallica
313 1350 493 1402 CXXIV}
524 1350 696 1398 (lienes);
726 1348 807 1398 qui-

150 1407 217 1443 bus
260 1418 383 1443 veram
421 1406 531 1443 Ponti
576 1405 804 1443 latitudinem

149 1462 326 1500 contineri
348 1462 479 1500 asserit
499 1462 606 1499 Plinii
628 1462 804 1512 interpres

148 1518 286 1556 Gallus.
315 1519 400 1563 Quo
419 1519 534 1567 magis
555 1531 577 1556 a
597 1531 682 1557 vero
697 1518 804 1556 aber-

148 1587 248 1613 rasse
275 1579 444 1625 putamus
472 1574 712 1620 Larcherum,
742 1573 804 1623 qui

148 1643 216 1681 pro
239 1631 403 1678 diversa,
434 1645 542 1681 quam
567 1631 688 1681 ponit,
726 1634 804 1667 sta-

147 1687 288 1724 diorum
328 1688 470 1725 ratione
495 1688 638 1724 nonnisi
664 1685 804 1724 LXVII

147 1742 310 1781 milliaria
319 1743 457 1781 Gallica
467 1744 548 1782 hinc
558 1743 652 1781 effici
662 1743 803 1790 statuit,

147 1813 252 1846 cum,
280 1799 440 1848 vulgaria
467 1800 497 1836 si
522 1805 708 1837 sumantur
727 1804 802 1835 sta-

146 1857 231 1904 dia,
267 1856 423 1894 existant
449 1856 652 1894 CXXXVI!
677 1855 802 1893 millia-

146 1913 198 1949 ria
240 1911 379 1950 Gallica
419 1917 458 1951 et
494 1913 594 1962 quod
634 1912 799 1950 excurrit.

146 1969 268 2006 Kruse
294 1968 315 2006 l.
343 1968 366 2005 l.
397 1981 483 2019 pag.
503 1971 555 2010 26
580 1969 636 2006 bic
653 1981 799 2018 quoque

146 2025 305 2062 noctium
344 2025 473 2063 itinera
504 2025 629 2062 addita
661 2029 799 2071 censet,

145 2094 218 2130 quo
258 2082 373 2119 maior
422 2082 592 2120 existeret
634 2081 800 2128 latitudo,

145 2149 240 2186 quae
282 2151 410 2176 revera
445 2138 494 2175 sit
528 2137 596 2175 LII
640 2138 798 2176 milliarr.

146 2194 371 2232 Germanice.
417 2195 525 2232 trium
560 2195 699 2232 dierum
737 2194 797 2231 iti-

145 2263 232 2288 nere
267 2263 362 2300 quae
401 2251 527 2288 confici
562 2251 712 2301 possint.
744 2272 795 2278 —-

145 2306 202 2343 Ad
228 2308 340 2344 verba
366 2309 416 2361 τῇ
439 2302 652 2356 εὐρύτατος
680 2301 799 2353 αὐτος

147 2360 298 2402 ἑωυτοῦ
320 2347 415 2402 conl'.
432 2363 468 2410 l,
500 2365 588 2405 193.
620 2365 713 2405 203.

201 2414 344 2458 τούτου
395 2422 467 2458 τοῦ
517 2416 706 2471 πελάγεος
755 2417 798 2458 το“

149 2469 271 2524 στόμα
287 2473 367 2514 ἐστι
390 2470 503 2527 εὖρος
519 2474 693 2526 τέσσερες
709 2471 799 2515 στοῖ-

149 2529 249 2580 διοι]
278 2531 458 2569 Observat
477 2533 599 2571 Kruse
623 2533 644 2569 l.
669 2532 692 2570 l.
712 2545 796 2583 pag.

148 2587 201 2625 29
224 2599 346 2623 vocem
366 2585 489 2639 στόμα
508 2590 609 2639 apud
627 2589 799 2627 Herodo-

147 2646 224 2679 tum
266 2642 398 2692 duplici
434 2657 541 2682 sensu
578 2645 716 2696 accipi,
761 2649 799 2683 et

148 2697 317 2745 arctiori,
366 2699 414 2735 de
442 2699 501 2737 illo
527 2701 686 2752 Bospori
718 2703 798 2739 loco

149 2753 303 2791 maxime
337 2758 514 2802 angusto,
556 2769 672 2807 prope
704 2757 799 2794 Iovis

148 2810 227 2847 Urii
252 2809 424 2860 templum
455 2810 514 2857 (ut
530 2809 736 2861 hocloco),
763 2817 801 2851 et

870 560 989 597 latiori
1005 561 1052 598 de
1072 561 1170 597 omni
1188 561 1346 612 Bospori
1366 560 1529 610 longitu-

870 616 978 662 dine,
1007 621 1048 653 ut
1078 618 1113 653 in
1142 617 1261 655 verbis
1287 616 1449 667 proxime
1469 630 1527 654 se-

869 672 1087 721 quentibus:
1121 675 1249 723 μῆκος
1283 670 1326 712 δὲ
1350 675 1422 712 τοῦ
1440 669 1525 712 στό-

870 742 1009 779 ματος;
1050 729 1178 778 quibus
1208 730 1295 779 ipsis
1327 729 1524 780 perspicui·

870 786 954 822 tatis
980 797 1089 822 causa
1114 786 1242 822 addita
1266 790 1390 835 putem
1413 786 1522 823 haec:

869 839 892 880 ό
917 836 1065 892 αὕχήν,
1096 838 1139 880 τὸ
1165 839 1216 893 δή
1238 838 1440 893 Βόσπορος
1464 841 1522 881 κε’-

867 900 1024 947 κληται,
1054 911 1101 935 ne
1131 900 1212 947 quis
1241 898 1376 936 scilicet
1396 911 1520 936 vocem

867 951 992 1004 στόμα
1008 966 1114 992 sensu
1137 955 1280 992 arctiori
1297 955 1354 992 hic
1373 967 1521 1004 quoque

864 1011 1023 1061 positum
1039 1010 1201 1060 accipiat.
1231 1010 1449 1059 Intelligitur
1457 1022 1522 1048 au-

865 1071 951 1113 tem,
969 1070 1010 1104 ut
1025 1067 1146 1104 Kruse
1165 1066 1187 1103 1.
1203 1066 1225 1103 l.
1244 1079 1329 1117 pag.
1342 1070 1395 1108 30
1413 1079 1520 1117 seqq.

866 1123 1015 1168 statuit,
1060 1122 1163 1160 locus
1209 1136 1326 1173 prope
1363 1123 1524 1161 Anadoh'

867 1179 1019 1224 Kavak,
1051 1183 1091 1215 ut
1118 1191 1212 1216 nunc
1242 1183 1414 1226 vocatur,
1443 1191 1522 1216 ma-

864 1236 958 1273 xime
982 1234 1041 1272 ille
1059 1235 1206 1284 quidem
1226 1248 1292 1285 per
1312 1239 1425 1272 totum
1445 1239 1520 1272 tra-

863 1296 958 1329 ctum
976 1295 1162 1340 angustus.
1202 1290 1251 1328 Et
1270 1304 1358 1329 sane
1381 1292 1417 1328 in
1437 1291 1520 1328 lati-

862 1348 989 1385 tudine
1036 1347 1231 1384 indicanda
1276 1347 1397 1397 plures
1438 1361 1518 1384 cum

861 1404 1055 1441 Herodoto
1112 1404 1343 1441 consentiunt
1397 1416 1517 1441 rerum

861 1460 1074 1510 scriptores,
1109 1461 1242 1497 Strabo
1255 1488 1264 1506 ,
1285 1460 1448 1497 Eustath.
1468 1461 1517 1497 ad

860 1517 1013 1565 Dionys.
1043 1517 1184 1565 Perieg.
1207 1516 1228 1553 l.
1246 1516 1291 1561 l.,
1321 1515 1403 1561 alii3
1441 1517 1517 1553 dis·

860 1573 969 1610 sentit
991 1573 1122 1621 Scylax
1141 1576 1266 1622 septem
1285 1576 1323 1610 et
1342 1572 1516 1621 Polybius

860 1629 1040 1666 duodecim
1058 1641 1198 1679 ponens
1219 1628 1360 1674 stadia3
1390 1641 1516 1665 recen-

860 1687 971 1723 tiores
995 1685 1106 1722 modo
1139 1688 1289 1734 quatuor
1317 1685 1426 1721 modo
1451 1697 1515 1721 sex

860 1742 988 1779 stadiis
1034 1741 1103 1778 loci
1145 1742 1247 1778 huius
1284 1741 1512 1778 latitudinem

859 1798 1048 1836 definiunt.
1075 1798 1331 1846 Vid.Breiger.
1351 1796 1409 1835 1.1.
1427 1809 1512 1847 pag.

858 1857 912 1897 27
941 1859 976 1892 et
998 1854 1119 1891 Kruse
1142 1856 1164 1890 l.
1185 1854 1208 1890 l.
1237 1867 1321 1904 pag.
1341 1852 1393 1894 41
1407 1881 1419 1900 ,
1449 1854 1511 1902 qui

858 1910 1098 1948 differentiam
1131 1910 1182 1947 ita
1211 1909 1286 1947 tolli
1314 1922 1424 1960 posse
1441 1922 1512 1959 pu-

855 1972 928 2013 tat,
995 1971 1036 2004 ut
1090 1971 1294 2016 temporum
1356 1967 1510 2003 decursu

855 2024 924 2061 loci
951 2027 1082 2061 natura
1106 2023 1262 2070 mutata,
1296 2023 1413 2073 ipsum
1439 2023 1511 2058 sre-

855 2085 943 2127 tum,
965 2080 1048 2117 olim
1066 2080 1212 2126 arctius,
1238 2080 1308 2116 iam
1329 2079 1434 2115 latius
1455 2078 1509 2114 sa-

855 2142 950 2174 ctum
981 2136 1092 2173 fuisse
1123 2136 1356 2174 existimetur.
1400 2135 1508 2172 Conf.

855 2194 965 2231 etiam
993 2192 1028 2230 Γ
1031 2192 1198 2229 zschuck
1219 2192 1273 2228 ad
1298 2190 1384 2228 Mel.
1414 2194 1508 2228 nott.

855 2263 984 2299 exegg.
1014 2248 1094 2285 V.01
1126 2248 1173 2285 111
1203 2247 1244 2284 P.
1265 2247 1280 2284 Ι
1308 2260 1394 2297 pag.
1414 2247 1507 2287 569.

854 2327 910 2334 -
937 2305 996 2342 De
1023 2305 1212 2341 accusativi
1236 2298 1349 2354 εὖρος
1368 2303 1508 2341 ratione

855 2363 949 2399 conf.
983 2360 1116 2397 Matth.
1148 2361 1213 2398 Gr.
1238 2361 1304 2398 Gr
1344 2358 1382 2410 ἓ.
1410 2358 1507 2405 425,

855 2419 903 2464 5,
933 2420 960 2458 2
989 2430 1073 2467 pag.
1098 2417 1190 2459 785.

910 2472 930 2513 ὁ
951 2469 1090 2524 αὐχήν,
1111 2470 1153 2513 τό
1170 2470 1219 2523 δή
1233 2468 1435 2522 Βόσπορος
1447 2469 1507 2509 κέ-

853 2529 1005 2581 κληται]
1021 2530 1077 2567 Ad
1092 2535 1306 2568 structuram
1317 2529 1361 2566 cf.
1373 2527 1506 2565 Matth.

855 2585 890 2638 §.
901 2589 994 2635 428,
1005 2586 1042 2628 5.
1063 2585 1124 2624 Ad
1135 2586 1435 2636 significationem
1447 2597 1509 2620 vo·

855 2645 904 2682 cis
915 2659 965 2682 av
970 2658 1044 2694 χηι
1056 2642 1347 2692 cognoscendam
1358 2641 1509 2682 faciunt,

856 2713 951 2749 quae
967 2700 1062 2747 adl,
1091 2702 1146 2740 72
1166 2699 1352 2737 notavimi.
1353 2709 1380 2732 s.
1412 2694 1508 2730 Add.

856 2756 929 2803 lV,
973 2757 1052 2796 118
1091 2754 1153 2795 ἐπι
1190 2757 1242 2793 τῶ
1274 2747 1408 2800 αυχένι
1438 2750 1510 2786 τοῦ

859 2808 1067 2863 Βοσπόρου
1084 2815 1122 2850 et
1136 2810 1285 2849 Maxim
1306 2806 1396 2854 Tyr.
1413 2805 1511 2843 Diss.
