1863 3256
0 783 5 1133 l

0 1136 5 1458 Ι

427 219 987 259 MELPOMENE.

133 330 207 373 καὶ
243 334 323 372 τοῦ
354 329 509 380 παιδὸς
540 326 679 373 αὐτοῦ
703 328 971 384 Ἀρκεσίλεω,
1012 329 1221 384 ἄρξαντος
1252 334 1394 378 ἑκκαί-

135 403 237 444 δεκα
274 402 387 451 ἔτεα,
429 403 574 444 οἴκεον
615 403 657 444 οἱ
696 404 955 456 Κυρηναῖοι,

1046 222 1107 260 1v.
1314 230 1397 271 557

1000 400 1142 452 ἐόντες
1177 405 1392 453 τοσοῦτοι,
1450 402 1488 428 ¹³*

106 471 237 514 2ὅσοι
267 472 402 528 ἀρχήν
433 472 475 523 ἐς
503 471 583 528 τήν
613 470 819 528 ἀποικίην
846 470 1104 528 ἐστάλησαν
1138 472 1205 516 ἐπὶ
1235 472 1281 515 δὲ
1307 487 1386 514 του
1400 476 1541 533 [hh

132 544 306 597 τρίτου,
352 543 522 587 Βάττεω
559 547 638 587 τοῦ
668 542 946 598 Εὐδαίμονος
974 545 1262 599 καλεομένου,
1297 541 1392 586 Ἐλ-

133 620 268 671 ληνας
311 614 478 666 πάντας
524 614 695 670 ὥρμησε
740 616 938 671 χρήσασα
983 614 1009 670 ἡ
1056 616 1205 670 Πυθίη
1252 614 1396 657 πλέειν

133 685 474 741 συνοικήσοντας
523 687 813 741 Κυρηναίοισι
860 684 1052 743 Λιβύην·

74 841 247 866 naeorum
277 829 315 865 in
347 828 476 867 eodem
498 829 611 866 ferme
639 832 736 866 statu

74 890 373 936 permanserunt:
428 886 494 922 sub
526 885 635 923 tertio
667 887 733 923 ‹le-

74 955 171 979 mum
192 956 293 991 rege,
317 942 379 992 qui
401 943 468 979 fuit
478 943 609 979 Battus
630 942 734 979 istius

75 998 231 1035 nominis
260 999 314 1045 II,
354 992 577 1049 Εὐδαίμων
601 999 733 1039 dictus.

75 1055 226 1092 Graecis
241 1056 409 1093 divinitus
428 1057 464 1092 in
476 1055 633 1092 Africam
646 1068 732 1093 evo-

73 1113 185 1157 catis,
214 1113 465 1163 amplificatae.
513 1113 612 1158 Sed,
640 1112 667 1148 si
689 1111 732 1148 li-

3 1187 4 1195 *
74 1173 153 1215 cet,
212 1170 377 1219 suspicor
428 1169 598 1218 equidem
649 1173 734 1205 ante

76 1224 167 1262 haec
191 1227 300 1263 verba
320 1223 384 1265 ἐπὶ
407 1224 477 1276 μέν
495 1240 569 1263 νυν
589 1225 630 1262 Β.
649 1224 733 1262 olim

77 1281 147 1318 alia
165 1282 347 1330 quaedam
368 1282 483 1329 lecta,
515 1295 608 1330 quae
629 1282 732 1318 nobis

76 1339 250 1388 perierint
264 1367 275 1385 ‚
319 1340 365 1376 de
401 1339 546 1376 condita
576 1339 733 1387 Cyrene,

77 1407 151 1443 quo
188 1396 383 1432 referretur
427 1394 623 1445 appellatio
661 1396 734 1432 τοῦ

76 1450 257 1490 οἰκιστέω
277 1457 389 1501 atque
412 1452 448 1489 in
470 1451 525 1488 his
547 1452 640 1488 sorte
661 1455 733 1487 tra-

76 1508 213 1555 ditum,
251 1509 398 1558 quando
425 1508 557 1546 Battus
584 1508 732 1558 expedi-

72 1568 151 1602 tum
198 1566 379 1615 acceperit
427 1578 531 1602 usum
571 1564 730 1613 linguae.

71 1620 157 1657 vid.
175 1622 300 1659 lustin.
322 1622 423 1668 XIII,
437 1625 475 1662 7.
508 1621 663 1658 Pausan.
683 1622 731 1669 X,

74 1678 127 1717 15
141 1677 178 1728 §-
190 1677 228 1717 4.
259 1679 378 1715 Instar
388 1678 486 1715 Batti
502 1679 597 1716 forte
615 1693 732 1729 τραυ-

8 1734 11 1747 ¹
70 1731 139 1780 20¹9
156 1735 284 1772 Croesi
307 1736 401 1771 filius
424 1736 460 1771 in
479 1735 597 1771 subito
615 1739 732 1773 terro-

70 1804 111 1828 re
131 1793 255 1828 vitium
275 1792 469 1841 nodumque
497 1792 641 1839 linguae
668 1805 732 1828 *ric-

65 1850 146 1898 pz't,
181 1849 357 1898 planeque
386 1853 417 1885 et
443 1849 635 1885 articulate
662 1848 731 1885 elo-

71 1908 202 1953 (Iunius
233 1909 282 1941 est
311 1905 404 1942 Gell.
437 1905 486 1942 N.
517 1906 592 1942 Att.
615 1905 661 1951 V,
690 1909 728 1947 9.

70 1960 252 1998 Herodot.
280 1963 318 2008 I,
357 1962 451 2002 85.“
508 1961 728 1999 Valet-en.

70 2016 161 2054 Mihi
191 2018 226 2054 in
259 2018 441 2055 Herodoti
474 2019 595 2057 verbis
639 2019 728 2056 nihil

69 2074 215 2111 videtur
233 2075 531 2123 desiderandum,
563 2089 631 2113 nec
648 2089 727 2113 ma-

69 2130 126 2179 gis
148 2130 303 2179 Thrigio
324 2131 346 2169 l.
370 2131 393 2168 I.
420 2145 507 2182 pag.
537 2131 590 2172 64
622 2146 727 2182 seqq.

69 2187 267 2236 quidquam
299 2188 428 2226 deesse
463 2189 626 2235 videtur,
666 2190 730 2238 qui

67 2244 166 2281 idem
185 2258 221 2294 p.
246 2246 326 2285 122
347 2257 449 2294 seqq.
471 2245 573 2296 plura
592 2246 638 2283 de
659 2245 728 2284 hoe

65 2301 185 2351 primo
215 2301 326 2338 Batto
367 2302 497 2348 affert,
558 2315 632 2352 quo
670 2316 728 2340 re-

1 2387 3 2390 .
68 2363 204 2404 gnante
221 2357 380 2408 templa,
410 2360 544 2406 aedes,
574 2358 644 2395 alia
666 2372 730 2396 ex-

3 2446 4 2454 ,
68 2418 203 2450 structa
233 2427 312 2452 esse
341 2414 402 2451 alii
428 2420 608 2452 enarrant.
668 2415 728 2453 Ad

68 2468 285 2507 locutionem
319 2466 408 2510 ὅσοι
433 2495 484 2502 -—
507 2467 728 2521 ἐστάλησαν

68 2526 165 2562 conf.
194 2531 285 2563 nott.
307 2529 354 2564 ad
377 2528 439 2574 IV,
460 2527 552 2569 147.
604 2524 729 2579 α’ρχῆν

68 2581 126 2618 hie
143 2581 237 2619 valet
257 2585 301 2618 ab
325 2586 452 2629 inz'tz'05
503 2587 547 2623 cf.
565 2586 604 2633 I,
635 2584 728 2627 140.

69 2639 135 2679 86.
165 2637 210 2683 ΙΙ,
234 2641 286 2677 28
310 2641 385 2677 init.

127 2692 191 2731 ἐπὶ
217 2691 258 2732 δὲ
278 2698 348 2733 τοῦ
369 2696 517 2748 τρίτου]
548 2700 726 2748 „Optime

69 2755 155 2800 post
180 2750 215 2786 h.
249 2763 282 2787 v.
319 2752 539 2802 interpunxit
570 2756 724 2793 Palmer.

73 2806 243 2843 Exercitt.
268 2808 303 2844 in
325 2808 389 2847 Gr.
412 2810 531 2847 Auctt.
552 2825 636 2860 pag.
657 2812 724 2852 24.

68 2863 166 2901 Nam
189 2863 341 2912 Battus,
386 2865 467 2902 -eius
492 2869 646 2905 nominis
673 2882 724 2906 se-

1111 684 1392 730 ἐπεκαλέοντο

791 830 946 876 cundus,
998 829 1102 867 Felelc
1144 830 1348 881 appellatus
1379 835 1450 878 est,

791 900 864 924 non
886 889 1021 924 tertius.
1051 884 1137 925 Ἐπὶ
1155 889 1287 938 τρίτου
1307 901 1449 924 succes-

792 944 903 980 sionis
934 946 1096 981 ordinem
1125 945 1288 993 requirit.
1345 945 1449 982 Bene

790 1000 971 1038 Plutarch.
1001 1002 1036 1038 in
1057 1002 1193 1037 Coriol.
1217 1000 1289 1051 [cp.
1312 999 1379 1050 11]
1409 1015 1447 1052 p.

789 1059 872 1097 218
899 1057 971 1094 F.“
1024 1057 1298 1106 lVessclz'ng.
1332 1059 1448 1095 eltans

790 1118 867 1150 not.
892 1115 940 1151 ad
960 1114 1111 1151 Diodor.
1132 1115 1205 1151 Sic.
1235 1115 1281 1151 T.
1302 1114 1333 1150 II
1361 1127 1447 1164 pag.

791 1171 884 1210 551.
915 1170 1024 1208 Unde
1046 1175 1147 1220 patet
1170 1184 1232 1208 eos
1259 1170 1352 1217 falli,
1385 1172 1448 1219 qui

789 1225 926 1264 huncce
951 1227 1101 1264 Battum
1131 1227 1379 1264 Battiadarum
1411 1229 1447 1264 in

791 1283 884 1319 serie
902 1286 1061 1332 quintum
1081 1285 1191 1321 fuisse
1211 1282 1349 1330 volunt,
1373 1294 1448 1320 non

791 1342 942 1375 tertium.
990 1340 1049 1377 De
1077 1354 1150 1389 quo
1169 1353 1289 1377 errore
1310 1340 1448 1377 monuit

791 1395 931 1444 'I'hrige
954 1398 975 1432 l.
1000 1395 1021 1433 l.
1043 1410 1077 1446 p.
1100 1399 1178 1436 127
1201 1409 1304 1445 seqq.
1335 1396 1450 1433 Tem-

788 1465 918 1502 porum
941 1453 988 1489 ad
1008 1454 1166 1489 rationes
1183 1454 1283 1502 quod
1304 1454 1447 1500 attinet,

788 1514 913 1546 monet
933 1509 1092 1546 Schultz.
1113 1509 1289 1560 Apparat.
1309 1511 1385 1546 crit.
1410 1523 1447 1560 p.

788 1567 842 1606 26
860 1565 1010 1602 Battum
1031 1567 1192 1614 Cyrenes
1221 1567 1446 1604 conditorem

787 1636 940 1670 regnum
963 1624 1122 1660 tenuisse
1148 1624 1196 1660 ad
1220 1623 1362 1660 XXXII
1382 1636 1447 1660 an-

787 1692 854 1715 nos
887 1680 953 1725 (ab
984 1693 1067 1716 ann.
1089 1682 1171 1719 632
1191 1701 1247 1706 —
1267 1682 1347 1720 600
1372 1680 1448 1717 Sive

787 1748 820 1773 a·
847 1738 925 1777 631
950 1758 1006 1763 -—
1027 1737 1132 1782 599,
1174 1749 1271 1785 quae
1304 1736 1448 1785 'l'hrigii

787 1797 843 1830 est
874 1794 1053 1830 sententia
1097 1793 1120 1830 l.
1148 1792 1172 1831 l.
1202 1806 1288 1842 pag.
1323 1796 1446 1840 122),

787 1862 869 1886 cum
900 1850 961 1898 qui
997 1850 1043 1887 ab
1071 1850 1265 1887 Herodoto
1304 1850 1337 1887 ei
1379 1851 1446 1886 tri-

786 1906 945 1943 buantur
979 1905 1047 1943 XL
1074 1907 1181 1953 anni,
1227 1907 1275 1943 ad
1306 1906 1447 1955 regiam

785 1965 971 2013 pertinere
1029 1964 1222 2001 videantur
1276 1968 1446 2014 potesta-

785 2024 880 2068 tem,
930 2032 953 2057 a
997 2020 1108 2057 Batto
1155 2020 1242 2057 inde
1292 2033 1314 2057 a
1360 2019 1446 2056 Pla-

785 2080 850 2114 tea
880 2077 1028 2114 condita
1057 2082 1294 2127 occupatam3
1332 2076 1444 2113 Batto

785 2134 1003 2171 successisse
1030 2133 1250 2170 Arcesilaum
1273 2134 1308 2180 1,
1348 2146 1445 2170 anno

785 2193 891 2236 6003
931 2204 1039 2239 quem
1060 2204 1125 2240 per
1145 2191 1231 2227 XVI
1253 2203 1369 2226 annos
1389 2203 1446 2227 re-

786 2252 962 2295 gnantem
996 2247 1181 2296 excepisse
1213 2246 1363 2283 Battum
1398 2245 1444 2293 ll,

786 2316 814 2339 s.
835 2302 986 2340 Felicem
1016 2316 1111 2340 anno
1143 2302 1224 2343 584
1248 2316 1280 2340 a.
1301 2303 1387 2341 Chr.
1415 2315 1444 2339 s,

787 2360 936 2410 Olymp.
962 2359 1107 2406 XLIX,
1139 2362 1173 2398 1.
1223 2359 1276 2397 Ac
1305 2360 1446 2408 Thrige

786 2429 956 2465 quoque,
987 2417 1049 2465 qui
1070 2416 1092 2453 l.
1112 2415 1134 2452 l.
1155 2429 1239 2466 pag.
1263 2419 1341 2457 127
1363 2429 1444 2465 sqq.

789 2474 868 2513 196
899 2486 976 2523 seq.
1016 2473 1052 2509 in
1078 2473 1181 2510 huius
1211 2473 1317 2523 primi
1343 2473 1446 2509 Batti

785 2530 936 2578 inquirit
965 2534 1153 2579 tempora,
1191 2529 1240 2566 nil
1268 2530 1444 2578 impedire

784 2586 857 2633 ait,
887 2599 960 2636 quo
980 2586 1097 2623 minus
1121 2588 1166 2623 ab
1186 2599 1282 2623 anno
1304 2586 1386 2626 533
1408 2598 1442 2621 a.

784 2643 873 2680 Chr.
888 2656 923 2680 n.
943 2644 1047 2691 regni
1067 2648 1268 2680 statuamus
1290 2643 1442 2686 initium,

782 2705 1012 2749 mortemque
1050 2712 1226 2749 ponamus
1268 2699 1303 2734 in
1346 2710 1442 2733 anno

784 2757 889 2803 560,
931 2757 999 2794 etsi
1030 2757 1119 2793 certi
1141 2756 1230 2803 quid
1251 2754 1319 2789 hac
1344 2754 1379 2788 in
1403 2764 1442 2789 re

783 2814 955 2849 constitui
985 2815 1154 2860 nequeat.
1206 2810 1301 2846 Add.
1330 2809 1373 2845 C.
1395 2809 1440 2845 Ο.

782 2868 927 2907 muller.
950 2868 1167 2905 Orchomcn.
1185 2879 1223 2917 p.
1241 2863 1334 2906 344.

1451 535 1519 628 alig

1451 337 1501 362 800
1521 337 1579 364 ad.
1575 339 1638 365 51441
1673 340 1727 367 sub

1453 370 1601 405 11111011

1500 404 1577 430 ‹iulct
1594 381 1642 437 ’,ί-
1636 374 1729 433 “risaei

1451 417 1597 495 ‹›r;i‹:itil‹i¹:'⁸
1588 426 1614 463 {ll
1636 440 1677 472 Cy
1685 449 1729 466 re-

1602 473 1640 497 ati
1652 467 1713 499 *⁹15¹

1561 480 1700 541 uitium

1496 512 1719 598 ”>1ίῑιι]τ(ξῑί’«

1522 578 1669 637 ’μ
1653 573 1727 641 nii}
