1946 3272
367 842 435 886 87
494 846 552 898 ὥς
582 846 773 903 βασιλέα.

161 905 288 932 Oebaris
315 906 440 932 artifici-

501 171 585 212 154

897 175 1370 216 HERODOTI

499 279 673 326 ὐόντων
701 282 747 325 δὲ
775 282 886 326 κατὰ
925 283 975 327 τὸ
1012 285 1294 338 προάστειον,
1337 282 1396 336 ὠς
1424 285 1535 328 κατά
1564 290 1693 331 τοῦτο
1723 288 1772 332 τὸ

497 353 658 408 χωρίον
687 353 886 408 ἐγίνοντο
917 357 988 398 ἵνα
1017 359 1094 411 τῆς
1122 356 1443 411 παροιχομένης
1469 356 1626 408 νυκτὸς
1655 375 1773 402 κατε-

497 422 646 467 δέδετο
676 422 703 480 ἡ
739 424 878 480 θήλεα
918 427 1069 476 ἵππος,
1121 427 1313 470 ἐνθαῦτα
1353 424 1376 470 ὁ
1406 430 1603 480 Δαρείου
1645 430 1774 480 ἵππος

496 495 796 551 προσδραμών
839 496 1098 552 ἐχρεμέτισε·
1156 496 1246 551 ἅμα
1292 498 1337 541 δὲ
1375 502 1436 554 τῷ
1475 501 1590 556 ἵππῳ
1640 503 1771 543 τοῦτο

493 565 749 622 ποιήσαντι,
791 565 989 622 ἀστραπή
1021 566 1063 618 ἐξ
1094 568 1269 624 αἰθρίης
1300 570 1372 612 καὶ
1401 570 1564 626 βροντή
1592 570 1770 625 ἐγένετο.
1784 576 1829 611 65

467 636 783 693 3ἓπιγενόμενα
823 636 868 680 δὲ
912 642 1049 681 ταῦτα
1087 643 1148 696 τῷ
1189 641 1390 697 Δαρείῳ,
1440 640 1636 684 ἐτελέωσέ
1681 657 1770 696 μιν,

498 708 641 761 ὥσπερ
673 706 720 749 ἐκ
751 708 969 751 συνθέτου
997 725 1070 752 τευ
1099 709 1310 765 γενόμενα
1328 726 1336 734 ·

1398 713 1441 754 οἱ
1478 712 1523 755 δὲ
1535 744 1545 760 ,
1584 717 1773 755 καταθο-

498 777 647 833 ρόντες
677 775 764 820 ἀπὸ
802 782 889 822 τῶν
927 781 1093 829 ἵππων,
1134 781 1432 835 προσεκύνεον
1471 782 1550 826 τόν
1579 788 1771 837 Δαρεῖον

836 851 889 892 Οἱ
925 850 1006 905 μὲν
1045 849 1099 905 δή
1145 862 1253 905 φασι
1291 852 1371 894 τόν
1407 853 1594 909 Οἰβάρεα
1632 858 1771 897 ταῦτα

159 947 209 1000 :23
225 939 359 999 323³„
382 940 439 966 ³11„
497 917 853 974 μηχανήσασθαι·
915 922 959 963 οἱ
988 920 1058 972 δὲ,
1087 919 1250 964 τοιάδε·
1291 923 1385 978 (καὶ
1411 923 1497 979 γάρ
1528 923 1598 968 ἐπ’
1628 924 1827 981 α’μφό-7ο

466 997 600 1043 Ξτερα
629 990 795 1045 λέγεται
822 989 913 1034 ύπὸ
949 992 1207 1046 Περσέων)
1247 992 1303 1044 ὡς
1332 997 1406 1049 τῆς
1444 996 1580 1038 ἵππου
1609 994 1772 1051 ταύτης

494 1065 583 1105 τῶν
603 1060 784 1116 ἄρθρων
812 1061 1053 1114 ἐπιψαύσας
1081 1067 1134 1120 τῇ
1159 1063 1287 1119 χειρὶ,
1317 1065 1407 1120 ἔχοι
1429 1063 1569 1122 αὐτήν
1598 1064 1772 1119 κρύψας

492 1132 539 1177 ἐν
577 1136 677 1190 τῇσι
717 1130 945 1187 ἀναξυρίσι
960 1150 967 1158 ·

1031 1133 1087 1185 ὥς
1128 1135 1173 1178 δὲ
1214 1134 1302 1190 ἅμα
1339 1139 1401 1192 τῷ
1447 1136 1555 1194 ἡλίῳ
1602 1134 1770 1179 ἀνιόντι

491 1204 701 1248 ἀπίεσθαι
729 1203 900 1260 μέλλειν
928 1206 1031 1258 τοὺς
1058 1209 1241 1258 ἵππους,
1271 1205 1349 1250 τὸν
1386 1205 1577 1261 Οἰβάρεα
1606 1211 1767 1250 τοῦτον

490 1276 713 1330 ἐξείραντα
742 1275 823 1332 τήν
851 1281 997 1332 χεῖρα,
1028 1278 1139 1333 πρός
1169 1282 1250 1322 τοῦ
1273 1280 1466 1332 Δαρείου
1493 1279 1630 1321 ἵππου
1658 1278 1765 1330 τούς

487 1351 713 1403 μυκτῆρας
750 1353 1051 1404 προσενεῖκαι·
1109 1348 1188 1392 τόν
1225 1349 1292 1401 δὲ,
1338 1350 1627 1405 αἰσθόμενον,
1669 1357 1823 1407 ‹pot-75

488 1417 708 1474 μάξασθαί
737 1436 780 1463 τε
807 1421 880 1464 καὶ
908 1421 1162 1477 χρεμετίσαι.

489 1568 671 1616 ἐτελέωσέ
699 1570 781 1621 μιν]
814 1583 890 1607 eum
917 1583 1099 1607 consuma-

431 1631 539 1674 runt,
569 1628 591 1663 i.
624 1641 654 1665 c.
688 1628 942 1677 confirmarunt
969 1640 1098 1676 regem,

431 1686 716 1732 inaugurarunt.
778 1684 918 1720 Confer
950 1683 976 1730 Ι,
1007 1686 1098 1724 120.

432 1741 657 1790 W'esseling.
686 1742 772 1777 citat
804 1740 875 1790 Ep.
906 1740 955 1776 ad
980 1740 1098 1777 Hebr.

431 1796 480 1845 ll,
497 1800 558 1838 10.
589 1793 720 1848 ὥσπερ
743 1795 785 1835 ἐκ
802 1795 1000 1835 συνθέτου
1017 1810 1095 1843 τευ,

429 1853 453 1889 ἰ.
481 1867 512 1890 e.
544 1856 650 1903 quasi
670 1867 714 1890 ex
743 1854 937 1903 composito.
998 1853 1097 1889 Citat

428 1910 592 1948 Thomas
616 1910 716 1958 Mag.
737 1923 772 1959 p.
792 1911 886 1955 823,
906 1909 967 1946 ubi
987 1908 1094 1946 haec:

432 1960 633 2004 σύνθετον
660 1961 709 2004 ου’
728 1961 850 2014 μόνον
871 1961 915 2003 τό
945 1964 1095 2015 συγκεί-

431 2036 554 2073 μενον
587 2021 630 2061 ἐκ
659 2024 795 2068 τινῶν,
826 2016 924 2060 οἷλλοὲ
957 2020 1025 2059 καὶ
1066 2018 1095 2071 ἦ

430 2079 657 2129 συμφωνία.
725 2077 786 2115 Ad
824 2074 1094 2130 προσεκύνεον

428 2136 525 2172 conf.
549 2140 640 2172 nott.
663 2135 712 2172 ad
736 2135 778 2182 ΙΙ,
796 2137 861 2175 80.

579 2192 689 2241 Cap.
717 2191 941 2230 LXXXVII.

484 2246 567 2298 ἔχοι
598 2244 724 2297 αὐτήν
757 2243 919 2297 κρύψας
940 2247 982 2287 ἐν
1003 2249 1094 2301 τῇσι

430 2298 651 2355 ἀναξυρίσι]
684 2306 705 2341 i.
725 2318 756 2342 e,
790 2305 912 2341 dicunt
940 2326 995 2332 —
1017 2318 1093 2341 eum

429 2373 570 2396 manum
618 2363 767 2397 tenuisse
803 2361 1015 2397 occultatam
1054 2364 1092 2398 in

430 2418 575 2453 braccis.
635 2418 728 2453 Cum
750 2422 898 2454 recentt.
921 2418 1006 2453 odd.
1031 2431 1090 2455 re-

429 2474 554 2523 scripsi
586 2472 666 2523 ἕχοι
696 2486 762 2522 pro
795 2472 883 2522 ἔχει,
914 2473 1012 2510 libris
1040 2475 1091 2510 sic

426 2530 646 2566 iubentibus.
687 2529 745 2566 De
761 2530 871 2566 verbo
894 2528 1008 2578 ἔχειν,
1025 2530 1091 2565 ad-

427 2586 551 2623 iuncto
571 2586 760 2636 participio
778 2586 873 2622 conf.
896 2586 925 2632 1,
946 2588 1011 2625 27.
1026 2587 1091 2625 28.

429 2641 487 2680 De
516 2642 706 2679 Persarum
734 2642 890 2689 braccis,
929 2654 957 2678 s.
997 2637 1090 2679 αἰά-

429 2698 559 2748 ξυρίσι
587 2700 682 2735 conf.
706 2698 743 2744 1,
772 2700 836 2738 71.
884 2697 981 2735 Add.
1010 2698 1090 2743 VH,

431 2757 483 2794 67
507 2759 543 2792 et
563 2755 734 2804 Mongez.
753 2753 861 2791 Mem.
886 2756 932 2792 de
951 2753 1090 2792 l'lnstit.

433 2810 484 2848 lV
503 2823 589 2862 pag.
610 2814 664 2852 32
682 2824 786 2862 seqq.
808 2812 862 2851 48
882 2823 958 2861 seq.

1215 1564 1408 1609 ἀπίεσθαι
1447 1567 1600 1619 μέλλειν
1633 1566 1728 1616 τούς
1757 1569 1821 1609 ἵπ-

1156 1626 1282 1676 πους]
1315 1640 1417 1676 equos
1455 1626 1514 1663 hic
1550 1625 1719 1675 intelligit
1759 1640 1821 1664 sesi:

1156 1683 1447 1729 coniuratorum,
1488 1684 1535 1720 ‹le
1564 1683 1717 1733 imperio
1752 1684 1819 1721 de-

1156 1740 1325 1777 certaturi
1359 1740 1421 1788 qui
1450 1743 1567 1776 erant.
1624 1735 1820 1778 ἀπίεσθαι

1155 1795 1364 1846 simpliciter
1391 1795 1489 1832 valet
1511 1796 1609 1831 abire
1632 1797 1678 1833 ad
1701 1795 1819 1833 locum

1154 1853 1375 1899 certaminis,
1408 1853 1482 1889 sive
1500 1852 1699 1901 procedere.
1758 1852 1818 1890 Ad

1153 1907 1356 1958 ἐξείραντα
1385 1909 1480 1945 conf.
1507 1908 1641 1945 Matth.
1662 1909 1729 1946 Gr.
1750 1909 1816 1946 Gr.

1151 1978 1187 2015 p.
1206 1963 1300 2005 454.

1209 2016 1489 2071 φριμάξασθαί
1517 2035 1558 2059 τε
1589 2019 1657 2059 καὶ
1685 2035 1817 2073 χρεμε-

1151 2077 1271 2127 τίσαι]
1306 2078 1439 2114 Glossa
1458 2077 1695 2115 Herodotea:
1726 2092 1816 2128 φρι-

1153 2130 1381 2185 μάξασθαι·
1423 2131 1706 2184 φρυάξασθαι,
1738 2149 1816 2183 φυ-

1153 2193 1283 2237 σήσαι.
1344 2190 1398 2227 Ac
1418 2187 1712 2241 φριμάττεσθαι
1729 2203 1816 2242 pro-

1150 2248 1228 2298 pric
1253 2249 1300 2285 de
1323 2248 1431 2292 hirco,
1463 2242 1736 2297 φρυάττεσθαι
1767 2247 1814 2284 de

1150 2317 1234 2354 equo
1257 2305 1326 2341 dici
1346 2308 1498 2340 monent
1525 2308 1669 2340 veteres
1692 2315 1814 2350 gram-

1150 2361 1282 2407 matici,
1313 2359 1540 2406 Ammonius,
1572 2359 1630 2396 De
1650 2359 1726 2395 diff.
1750 2372 1813 2395 vo-

1148 2417 1249 2454 cabb.
1273 2430 1309 2466 p.
1333 2416 1412 2456 144
1438 2416 1518 2462 (ubi
1541 2416 1613 2453 vid.
1636 2415 1811 2452 Valcken.

1148 2471 1419 2509 Animadverss.
1442 2485 1477 2521 p.
1501 2470 1616 2520 226),
1647 2471 1811 2509 Thomas

1148 2528 1249 2576 Mag.
1275 2542 1310 2578 p.
1333 2531 1426 2569 901.
1479 2528 1556 2564 Sed
1581 2529 1811 2566 Herodotum

1150 2586 1197 2621 de
1234 2585 1317 2633 equi
1350 2585 1490 2621 hinnitu
1528 2581 1810 2634 φριμάξασθαι

1149 2642 1282 2677 dixisse
1308 2653 1477 2691 expresse
1505 2642 1644 2678 monuit
1673 2642 1809 2678 suidas

1149 2710 1175 2733 s.
1196 2710 1228 2734 v,
1249 2696 1327 2734 coll.
1349 2697 1470 2734 Schol.
1497 2697 1545 2733 ad
1568 2697 1725 2735 Theocr.
1753 2697 1805 2734 ld.

1148 2753 1193 2800 V,
1212 2753 1299 2794 141.
1331 2754 1427 2790 Add.
1448 2753 1632 2791 Schaeser.
1652 2755 1700 2791 ad
1716 2754 1806 2791 Dio-

1147 2823 1225 2859 nys.
1244 2810 1359 2848 llalic.
1374 2810 1431 2849 De
1453 2823 1612 2862 compos.
1625 2810 1750 2849 verbb.
1769 2823 1806 2861 p.
