1863 3256
44 367 142 412 202

523 253 1081 294 MELPOMENE.
1144 256 1206 292 [V.

193 584 360 623 ναικῶν
381 580 486 631 τούς
516 581 680 635 μαζοὺς
702 578 989 633 ἀποταμοῦσα
1008 577 1242 633 περιέστιξε
1273 579 1344 621 καὶ
1364 578 1461 621 τού-

644 650 747 701 τούς
793 651 839 693 δὲ
878 651 1060 701 λοιπούς
1102 655 1191 693 τῶν
1228 652 1462 704 Βαρκαίων

163 658 184 691 2
195 663 311 694 τοισι
347 650 396 694 τὸ
437 656 586 707 τεῖχος.

1375 262 1459 301 637

307 365 421 417 Τούς
460 366 540 422 μέν
576 382 662 409 νυν
707 363 990 416 αἰτιωτάτους
1030 369 1117 407 τῶν
1148 367 1380 417 Βαρκαίων
1422 367 1706 424 ἡίιὸνιιεησιηειε
1727 388 1794 407 eru-

194 439 425 493 Φερετίμη,
457 437 548 480 ἐπεί
574 437 618 480 τέ
650 438 693 479 οῖ
717 436 763 479 ἐκ
793 441 881 479 τῶν
902 435 1106 491 Περσέων
1135 436 1457 491 παρεδόθησαν,

194 507 506 553 ἀνεσκολόπισε
535 508 682 564 κύκλῳ
716 512 797 552 τοῦ
826 509 1009 563 τείχεος·
1063 511 1152 550 τῶν
1190 507 1236 550 δέ
1267 519 1349 561 σφι
1379 524 1458 562 γυ-

192 724 319 778 ληῖήν
350 722 540 765 ἐκέλευσε
570 721 732 764 θέσθαι
761 721 866 772 τούς
888 722 1084 776 Πέρσας,
1114 722 1226 778 πλὴν
1259 722 1356 766 ὅσοι
1386 719 1578 765 oco-5011...

191 797 282 837 τῶν
302 788 417 849 ἦσαν
443 791 681 836 Βαττιάδαι
703 809 746 836 τε
769 793 842 836 καὶ
862 798 941 837 τοῦ
972 793 1118 850 φόνου
1151 792 1205 837 οὐ
1225 795 1458 849 μεταίτιοι·

45 867 144 913 203
185 864 383 908 τούτοισι
413 864 468 909 δὲ,
489 863 569 920 τὴν
598 863 728 909 πόλιν
759 865 961 920 ἐπέτρεψε
994 864 1021 922 ἡ
1055 867 1280 921 Φερετίμη.

193 930 255 979 ὦν
285 936 337 993 δή
372 934 554 987 λοιπούς
582 939 670 979 τῶν
701 940 939 992 Βαρκαίων
966 939 1010 980 οἱ
1041 938 1209 992 Πέρσαι
1240 935 1459 991 ἀνδραπο-

193 1006 420 1063 δισάμενοι
452 1005 648 1065 ἀπῄεσαν
678 1008 842 1054 ὀπίσω·
894 1010 966 1054 καὶ
994 1008 1086 1052 ἐπεί
1114 1026 1158 1053 τε
1189 1008 1257 1052 ἐπὶ
1287 1013 1340 1065 τῇ
1373 1011 1458 1051 Κυ-

317 1200 427 1251 Cap.
448 1201 563 1239 CCH.

194 1253 289 1303 τούς
327 1255 476 1307 μαζούς
508 1253 798 1308 οἷποταμοῦσα]

139 1314 243 1352 Unus
272 1314 456 1351 sanci-ofni
486 1314 577 1352 liber
611 1311 800 1365 μαστούς,

138 1371 479 1417 Grammaticorum,
488 1373 630 1422 opinor,
640 1384 683 1409 ex
694 1383 803 1420 prae-

139 1431 267 1477 cept0‚
298 1428 358 1476 qui
379 1424 495 1478 μαζὸς
511 1429 557 1465 de
579 1428 670 1464 virili
687 1440 802 1464 niam·

138 1496 221 1530 ma,
261 1481 420 1534 μασθός
449 1486 497 1522 de
525 1485 707 1522 foeminea
732 1483 800 1521 dici

139 1541 296 1588 docent3
316 1539 486 1578 Ammon.
504 1555 538 1591 p.
551 1543 617 1582 91.
637 1541 802 1577 Thomas

139 1597 242 1646 Mag.
263 1610 300 1648 p.
324 1598 418 1640 599.
470 1597 605 1647 Neque
626 1610 714 1634 vero
735 1597 803 1632 hoc

139 1658 375 1705 praeceptum
409 1667 672 1704 usquequaque
704 1657 802 1690 stare

139 1723 251 1760 posse
275 1712 364 1748 satis
382 1712 506 1748 docuit
522 1710 799 1748 Drakenborch.

140 1767 187 1803 ad
210 1766 344 1805 Thom.
361 1767 461 1817 Mag.
481 1767 503 1804 l.
523 1767 544 1804 1.
590 1767 729 1805 'Noster
747 1767 802 1803 fe-

140 1823 246 1860 minis
279 1825 407 1861 tribuit
435 1821 585 1875 μαστόν
603 1824 675 1867 ΙΙΙ,
710 1824 801 1863 133.

140 1879 185 1924 V,
209 1883 282 1928 18,
312 1878 434 1932 μαζόν
457 1881 502 1927 ΙΙ,
521 1881 586 1922 85.
616 1881 680 1926 IX,
707 1882 800 1927 112,

141 1937 204 1973 ubi
231 1950 299 1988 pro
328 1935 480 1989 μαζούς
499 1939 573 1975 duo
597 1937 704 1974 codd.
731 1952 802 1986 μα-

142 1990 272 2040 στούς.
311 1994 370 2031 Ad
403 1990 684 2034 ἀνεσκολόπισε
706 1994 802 2031 conf.

141 2054 232 2087 nott.
260 2051 308 2088 ad
334 2051 406 2099 ΙΙΙ,
440 2053 520 2094 132
545 2056 581 2089 et
601 2052 649 2088 ad
669 2045 801 2104 κύκλῳ

141 2106 176 2153 Ι,
215 2107 306 2148 185.
336 2107 382 2155 ΙΙ,
417 2111 504 2150 170.
536 2109 598 2155 IV,
618 2111 685 2149 72.
714 2110 802 2148 180.

141 2162 302 2200 Verbum
321 2163 535 2215 περιέστιξε
559 2169 713 2202 testatur
744 2169 804 2211 (ut

141 2220 194 2256 ait
224 2221 464 2270 wesseling.)
503 2225 675 2271 tanquam
707 2234 803 2271 pun-

143 2278 209 2313 ctis
233 2280 370 2314 moenia
394 2278 512 2328 fuisse
537 2278 706 2315 distincta
729 2291 804 2314 mu-

143 2333 265 2371 lierum
292 2338 452 2372 mammis
476 2336 522 2372 ab
541 2335 688 2372 immani
706 2335 805 2384 regi-

142 2403 204 2427 na.
235 2390 296 2428 Tu
318 2392 413 2429 conf.
433 2392 503 2438 IV,
533 2394 570 2432 2.

198 2443 292 2494 τοῦς
304 2445 347 2487 δὲ
361 2447 525 2494 λοιπούς
537 2470 582 2475 —
592 2448 710 2498 ληΐην
723 2446 804 2487 ε’κέ-

144 2505 256 2541 λευσε
285 2504 460 2556 θέσθαι]
504 2505 702 2555 „Reliquos
725 2517 803 2542 vero

145 2557 265 2596 Persis
306 2562 481 2613 praedae.
509 2562 580 2599 loco
620 2564 802 2612 permisit5

143 2616 313 2666 proprie,
346 2617 452 2656 iussit
481 2619 613 2657 Persas
650 2624 691 2656 ut
719 2618 803 2657 reli-

143 2685 237 2721 quos
279 2674 440 2723 praedae
472 2674 552 2713 loco
580 2676 649 2713 sibi
684 2676 801 2713 habe-

144 2732 239 2775 rent,
266 2728 288 2765 i.
311 2742 341 2766 e.
362 2731 541 2780 mancipia
561 2733 734 2780 facerent,
765 2733 803 2770 in

144 2785 354 2822 servitutem
388 2786 612 2825 abducerent
643 2794 705 2825 aut
735 2789 802 2826 sub

145 2841 251 2877 hasta
271 2842 513 2879 vmderentf‘
551 2843 800 2894 Schweigh.

145 2897 182 2933 in
207 2896 298 2935 Lex.
320 2898 461 2936 Herod.
488 2910 516 2935 s,
544 2912 577 2936 v.
596 2901 701 2951 ληΐη.
740 2901 776 2939 Τ
778 2914 801 2938 ιι

1344 863 1460 915 Τούς

859 1200 957 1237 adde
1005 1200 1053 1236 sis
1101 1203 1193 1236 nott.
1243 1199 1290 1236 ad
1340 1197 1522 1235 Plutarch.

858 1256 987 1306 Pyrrh.
1014 1258 1065 1296 18
1084 1268 1169 1306 pag.
1197 1258 1279 1297 200
1302 1257 1348 1293 de
1372 1269 1439 1292 usu
1459 1268 1524 1291 vo-

859 1315 909 1349 cis
947 1314 1042 1351 λεία.
1100 1312 1188 1348 Mox
1221 1326 1301 1349 cum
1331 1313 1447 1349 Gaisf.
1485 1315 1525 1348 et

858 1370 992 1406 Matth.
1033 1369 1120 1405 dedi
1153 1364 1288 1407 αιῖταῖν
1329 1370 1416 1418 (pro
1451 1363 1520 1406 αὕ-

858 1424 977 1474 τέων)
1009 1429 1045 1462 et
1065 1418 1169 1475 ἦσαν
1190 1438 1258 1475 pro
1279 1424 1388 1471 ἕσαν,
1417 1426 1524 1461 item-

859 1495 931 1531 que
975 1479 1166 1531 ἐπέτρεψε
1205 1495 1271 1532 pro
1311 1480 1524 1532 ἐπέτραψε,

859 1552 938 1575 cum
982 1538 1138 1587 utraque
1173 1539 1288 1575 forma
1317 1539 1524 1588 promiscue

858 1595 997 1632 Noster
1024 1607 1109 1631 usus
1133 1608 1213 1632 esse
1235 1596 1414 1632 videatur.
1450 1595 1523 1640 Cf„

860 1653 889 1689 si
916 1652 1008 1688 tanti
1035 1658 1114 1696 est,
1145 1652 1198 1698 ΙΙ,
1231 1654 1295 1692 64.
1331 1654 1423 1692 120.
1460 1650 1521 1697 ΙΙΙ,

862 1710 950 1750 130.
984 1708 1040 1754 V,
1073 1711 1165 1749 106.
1195 1708 1285 1755 vll,
1316 1708 1405 1748 156.

1051 1798 1157 1848 Cap.
1189 1798 1321 1835 coin.

916 1874 1098 1934 α’πῄεσαν
1120 1873 1260 1928 ὀπίσω]
1291 1877 1456 1915 Pertinet
1471 1877 1519 1913 ad

858 1936 897 1973 id
921 1936 1092 1986 loquendi
1110 1948 1250 1984 genus,
1281 1936 1328 1972 de
1349 1947 1420 1984 quo
1441 1946 1520 1970 mo-

860 1995 1000 2030 nuimus
1035 1993 1081 2030 ad
1120 1992 1192 2037 ΙΙΙ,
1247 1994 1308 2032 16.
1371 1991 1517 2028 Verba:

861 2049 946 2089 ε’πεί
964 2064 1004 2089 τε
1025 2049 1088 2089 ἐπὶ
1108 2051 1158 2103 τῇ
1179 2049 1426 2099 Κυρηναίων
1447 2041 1522 2086 πό·-

861 2110 897 2146 λι
929 2105 1148 2156 ἐπέστησαν
1177 2106 1318 2143 valent:
1370 2118 1446 2142 cum
1474 2103 1524 2141 (ul

860 2166 973 2214 ipsam
989 2165 1104 2201 urbem
1121 2176 1247 2212 agmen
1263 2164 1473 2200 constitisset
1495 2173 1524 2197 s.

862 2221 1084 2258 consedisset.
1122 2220 1264 2269 Vulgo:
1296 2233 1372 2256 cum
1394 2219 1442 2256 ad
1463 2230 1524 2254 ur-

862 2279 934 2315 bem
963 2280 1201 2315 accessissent.
1247 2276 1306 2313 Ad
1327 2277 1439 2313 verba
1455 2271 1526 2313 λό-

861 2331 952 2387 γιόν
981 2350 1017 2373 τι
1037 2330 1320 2384 ἀποσιεύμενοι
1341 2334 1436 2369 conf.
1460 2331 1524 2378 lv,

866 2392 944 2432 154
976 2393 1064 2441 ibiq.
1094 2395 1190 2427 nott.
1220 2412 1276 2417 —-
1335 2390 1524 2438 διεξῆκαν

862 2448 937 2499 (cui
956 2461 1040 2485 mox
1058 2448 1257 2498 respondet
1278 2442 1523 2496 διεξιούσης)

863 2499 1011 2551 αὐτοῦς
1042 2501 1108 2543 fita*
1135 2507 1207 2543 τοῦ
1235 2501 1523 2550 ἅστεοςίηῑεΙΙί-

860 2575 930 2611 go:
972 2565 1159 2599 transitum
1181 2574 1246 2612 per
1264 2562 1382 2598 urbem
1402 2559 1523 2597 Persis

856 2620 1090 2669 permiserunt
1118 2632 1147 2655 s.
1176 2617 1306 2655 Persas
1320 2631 1384 2668 per
1404 2617 1521 2652 urbem

861 2678 1013 2712 transire
1045 2678 1221 2722 siverunt,
1264 2679 1302 2711 ut
1330 2673 1403 2719 ΙΙΙ,
1439 2672 1519 2712 158

860 2731 1001 2783 ἐσῆκε,
1035 2733 1110 2780 ΙΙΙ,
1142 2734 1195 2771 77
1229 2731 1393 2780 παρῆκε.
1449 2728 1523 2765 Pro

859 2786 992 2840 Βάρης
1003 2788 1185 2825 Sancrosti
1206 2786 1295 2823 liber
1307 2782 1519 2835 Μάνδρης.

860 2845 921 2882 Tu
949 2845 1023 2881 vid.
1055 2844 1130 2890 IV,
1163 2844 1253 2882 167.
1277 2864 1326 2869 —
1364 2841 1422 2878 Ad
1447 2836 1520 2880 otiu

861 2900 905 2939 ἔα
923 2901 1019 2938 conf.
1041 2898 1105 2945 IV,
1127 2901 1216 2940 164.

1516 413 1623 440 demas
1647 416 1676 440 in
1695 415 1796 441 caedis

1517 446 1570 473 tilii
1598 448 1748 482 principes
1767 452 1797 474 et

1533 487 1637 507 eorum
1657 490 1778 508 nunes:

1518 519 1599 558 370

1521 568 1644 596 narravi
1677 571 1796 604 reliqui,

1519 608 1640 633 praeter
1681 604 1795 630 Bama-

1520 634 1573 660 aas
1591 642 1620 661 et
1639 637 1738 662 caedis
1752 638 1793 663 in>

1520 673 1635 701 seniles,
1656 670 1684 695 in
1703 671 1795 696 ›vrvi-

1518 706 1612 728 tutciu
1646 703 1779 729 abducunt

1534 870 1645 897 Persae
1681 872 1779 897 conati

1518 912 1586 930 sero
1620 909 1649 931 et
1683 904 1794 930 frustra

1520 937 1661 971 Cyrenen

1517 980 1612 1006 pare,
1641 972 1672 998 in
1698 973 1794 1005 Aegy

1518 1011 1598 1040 ptum
1636 1004 1798 1032 redeuntes

1516 1039 1668 1074 accipiunt
1703 1047 1718 1064 a
1750 1039 1795 1065 Li-

1517 1073 1613 1107 bybus
1635 1073 1797 1100 detrimen-

1520 1111 1563 1134 ta.

1710 945 1779 963 occu
1786 954 1794 957 Α
