1863 3256
468 150 1155 196 MELPOMENE.1V.

1366 153 1451 191 368

177 267 285 325 βύης
314 267 518 317 πλέοντες
545 264 766 321 γινοίατο,
805 261 879 304 καὶ
910 259 1122 314 μένεσκον
1149 256 1230 300 τὸν
1260 255 1450 311 ἄμητον·

175 340 430 394 θερίσαντες
461 335 497 381 δ’
527 335 582 380 ἂν
601 334 679 380 τὸν
709 338 853 382 σῖτον,
883 330 1056 374 ἔπλεον·
1089 328 1199 372 ὥστε
1222 327 1304 370 δύο
1324 327 1455 370 ἐτέων

177 409 525 462 διεξελθόντων,
584 406 714 463 τρίτῳ
764 404 850 448 ἔτεϊ
899 400 1151 458 κάμψαντες
1194 397 1512 453 ἩρακληίαςΩΟ

151 480 363 537 7στήλας,
424 478 633 522 ἀπίκοντο
671 477 714 527 ἐς
754 477 993 530 Αἴγυπτον.
1051 472 1125 516 καὶ
1156 471 1329 527 ἔλεγον,
1360 469 1455 524 ἐμοὶ

177 551 257 606 μὲν
294 548 348 593 οὐ
383 546 536 598 πιστά,
585 546 701 606 ἄλλῳ
741 546 788 589 δὲ
828 543 881 601 δή
920 560 1025 602 τεῳ,
1075 543 1134 594 ὥς
1175 539 1455 597 περιπλώον-

177 637 245 671 τες
283 619 364 676 τήν
402 616 597 674 Λιβύην,
654 616 734 660 τόν
775 615 923 672 ἠέλιον
963 615 1091 671 ἔσχον
1128 613 1171 664 ἐς
1216 614 1270 657 τὰ
1310 611 1451 666 δεξιά·

120 817 256 856 institui
294 817 466 868 potuerit.
534 814 615 854 Nec
659 820 784 854 tamen

121 876 174 912 ita
195 874 386 923 regionum
406 874 535 911 harum
558 873 706 922 ignaros
727 874 787 910 fu-

120 933 194 970 isse
219 931 447 977 Phoenices,
486 931 524 967 in
561 942 714 968 excursu
738 930 786 967 ad

121 989 156 1026 h.
181 987 202 1025 l.
225 989 442 1025 monuimus.
501 986 666 1034 Accedit,
686 986 786 1036 quod

123 1045 193 1082 illis
235 1045 272 1081 in
313 1045 525 1093 regionibus
563 1043 791 1080 calidissimis

122 1101 251 1139 messis
287 1101 387 1139 brevi
424 1101 546 1151 spatio
585 1101 695 1137 trium
733 1100 792 1136 vix

126 1159 306 1196 mensium
327 1158 521 1195 interiecto
542 1161 706 1205 segetem
728 1169 792 1193 ex-

124 1215 259 1265 cipiat,
313 1214 425 1263 idque
475 1214 593 1264 ipsum
646 1218 792 1263 tempus

124 1271 223 1308 haud
254 1271 328 1307 scio
351 1283 398 1307 an
418 1270 662 1308 necessarium
683 1269 793 1306 fuerit

124 1327 371 1366 Phoenicibus
405 1327 453 1364 ad
486 1339 599 1364 naves
626 1326 794 1364 reficien-

125 1384 215 1431 das,
245 1387 375 1421 nautas
398 1383 642 1431 recreandos,
663 1396 794 1432 aegro-

125 1445 248 1479 tantes
278 1441 459 1478 curandos
484 1441 794 1477 commorantibus

125 1498 166 1535 in
183 1498 292 1535 terra.
340 1497 435 1535 Cum
458 1497 553 1535 enim
573 1497 716 1546 longius
737 1509 795 1534 es-

127 1559 184 1593 set
201 1555 289 1602 iter,
324 1555 473 1592 minime
493 1555 590 1591 omni
611 1557 794 1605 apparatu

127 1611 335 1649 necessario
348 1612 519 1660 victuque
533 1611 699 1648 instructi
713 1623 795 1648 esse

127 1673 349 1720 potuerunt:
379 1672 421 1705 ut
444 1669 538 1705 adeo
557 1668 606 1705 ad
629 1671 795 1717 segetem

129 1737 361 1773 messemque
407 1725 614 1762 faciendam
662 1729 796 1774 sponte

129 1787 376 1831 cogerentur,
424 1782 491 1818 nisi
521 1782 618 1819 fame
647 1782 796 1818 interire

129 1838 277 1876 vellent.
315 1839 390 1884 Sic,
416 1843 593 1876 monente
615 1837 796 1876 Rennelio

131 1894 238 1946 (pag.
273 1896 399 1942 688),
442 1895 687 1933 Tamerlanus
724 1894 797 1941 ille,

129 1957 256 1990 contra
273 1952 399 1989 Sinam
418 1965 514 1989 anno
537 1952 644 1993 1405
673 1953 798 2003 profe-

129 2014 208 2046 ctus
234 2021 356 2046 secum
381 2009 484 2046 duxit
502 2008 665 2059 plaustra
689 2008 800 2046 semi-

130 2066 237 2103 nibus
257 2070 409 2113 onusta,
448 2066 580 2115 quibus
603 2067 641 2102 in
668 2066 799 2102 itinere

131 2135 281 2172 campos
303 2128 478 2160 sererent.
511 2123 618 2166 Quae
642 2123 671 2159 si
690 2135 801 2172 repu-

131 2184 272 2223 temus,
302 2181 468 2230 profecto
489 2192 563 2216 non
578 2181 669 2225 erit,
700 2179 800 2228 quod

134 2235 202 2273 hac
230 2237 365 2285 segetis
391 2237 595 2286 messisque
621 2237 800 2274 narratio-

135 2305 182 2330 ne
206 2293 460 2340 offendamur,
491 2306 647 2342 eamque
668 2307 735 2343 pro
759 2293 803 2330 fi-

135 2349 236 2387 ctitia
255 2350 466 2388 habeamus.
513 2349 625 2387 Plura
642 2350 757 2388 Koes.
779 2350 802 2386 l.

136 2405 159 2442 1.
181 2419 216 2456 p.
243 2408 292 2446 18
313 2420 417 2457 seqq.
452 2407 608 2445 Rennel.
630 2406 653 2444 l.
675 2407 699 2443 l.

195 2462 310 2516 τρίτῳ
343 2462 421 2503 ἔτεϊ
449 2460 684 2515 κάμψαντες
710 2478 745 2502 κ.
772 2478 803 2501 τ.

140 2518 187 2567 λ.]
220 2519 323 2557 Haec
343 2522 423 2571 ipsa
441 2522 488 2558 ob
512 2521 627 2558 verba
646 2519 803 2558 Rennel.

140 2575 163 2612 l.
184 2574 207 2611 l.
227 2588 312 2625 pag.
333 2579 429 2617 701.
460 2581 566 2625 702,
609 2578 671 2614 ubi
705 2583 805 2614 tem—

141 2645 208 2683 pus
234 2632 271 2668 in
290 2645 434 2671 omnem
453 2635 723 2685 expeditionem
750 2635 806 2671 in-

142 2693 298 2725 sumtum
326 2690 563 2740 probabiliter
583 2692 806 2729 constituere

142 2746 267 2782 studet
287 2774 297 2792 ‚
357 2745 559 2785 Phoenices
609 2749 807 2786 arbitratur

142 2802 366 2852 aliquamdiu
388 2801 424 2839 in
446 2815 510 2840 ora
528 2804 689 2854 Senegal
708 2818 806 2842 com—

843 818 1007 853 moratos
1026 814 1148 864 ibique
1168 825 1325 851 messem
1343 816 1513 862 praesto-

843 872 937 909 latos
956 884 1056 918 esse3
1082 883 1178 920 quae
1194 883 1274 907 cum
1292 869 1329 906 in
1340 869 1513 919 Septem-

846 929 946 966 brem
969 928 1108 965 incidat
1136 939 1300 964 mensem
1334 928 1434 974 (nam
1456 925 1516 963 lu-

845 985 905 1022 nio
930 998 958 1021 s.
977 984 1068 1022 Iulio
1088 997 1214 1022 mense
1235 983 1403 1031 serunt),
1429 986 1516 1032 post

848 1042 1094 1092 septembrem
1135 1041 1287 1079 eosdem
1329 1039 1515 1089 profectos

847 1098 933 1135 inde
955 1098 1119 1148 proximo
1141 1096 1277 1133 Martio
1302 1108 1430 1133 mense
1452 1109 1516 1134 eo-

848 1167 923 1204 que
953 1155 1104 1192 ineunte
1136 1154 1185 1191 ad
1215 1153 1341 1190 Nilum
1385 1165 1519 1203 perve-

848 1212 949 1248 nisse
977 1210 1075 1257 vult,
1115 1210 1261 1247 duobus
1291 1209 1397 1246 annis
1426 1209 1518 1246 dua-

849 1268 994 1317 busque
1024 1267 1125 1305 tertii
1167 1266 1254 1303 anni
1285 1266 1452 1316 partibus
1483 1266 1522 1303 in

850 1337 995 1361 omnem
1012 1324 1286 1373 navigationem
1307 1324 1520 1359 consumtis.

851 1381 893 1418 ln
932 1394 1043 1430 quam
1097 1381 1253 1418 eandem
1299 1379 1522 1417 sententiam

850 1438 957 1490 plura
1008 1438 1258 1488 disputantem
1300 1436 1372 1473 vid.
1405 1436 1521 1473 Koes.

851 1496 874 1533 1.
895 1494 918 1532 l.
941 1508 978 1545 p.
1000 1497 1052 1536 21
1077 1507 1182 1544 seqq.
1210 1497 1339 1532 contra
1357 1491 1523 1530 Gosseli-

851 1553 952 1590 nium
972 1564 1014 1588 ac
1034 1551 1221 1588 Mannert.
1236 1580 1246 1598 ‚
1285 1562 1440 1599 quorum
1469 1549 1523 1587 al-

853 1609 919 1646 teri
945 1607 1034 1644 illud
1067 1613 1212 1658 tempus
1238 1608 1333 1644 iusto
1361 1605 1522 1655 longius,

853 1665 956 1703 alteri
967 1665 1062 1701 iusto
1074 1665 1219 1702 brevius
1231 1664 1386 1701 videtur.
1401 1685 1447 1690 -—
1462 1662 1522 1700 Ad

852 1722 964 1760 verba
991 1719 1059 1760 καὶ
1088 1721 1234 1773 ἔλεγον,
1264 1718 1351 1771 ἐμοὶ
1372 1717 1444 1770 μὲν
1470 1714 1520 1758 οὗ

853 1776 987 1825 πιστὰ,
1010 1775 1114 1832 ἄλλῳ
1133 1776 1173 1817 ὁὲ
1193 1774 1328 1831 δήτεῳ
1341 1778 1384 1814 cf.
1397 1778 1523 1825 V,86.

912 1831 982 1874 τόν
1011 1831 1148 1886 ἠέλιον
1179 1834 1294 1885 ἔσχον
1318 1833 1357 1880 ἐς
1383 1829 1431 1872 τὰ
1457 1834 1524 1872 ὄε-

855 1887 936 1942 ²5*th
958 1886 1096 1942 ἠέλιον
1113 1892 1200 1930 dedi
1217 1904 1298 1929 cum
1317 1890 1526 1941 Schweigh.

855 1954 895 1988 et
914 1950 1034 1986 Gaisf.
1055 1963 1123 2001 pro
1146 1945 1280 2000 ἥλιον,
1305 1954 1348 1985 ut
1371 1947 1436 1995 lV,
1458 1948 1526 1989 40.

856 2006 895 2053 ἐς
923 2003 970 2044 ro?
1000 2002 1109 2055 δεξιά
1138 2007 1208 2053 (αά
1238 2006 1400 2043 dextram
1430 2018 1527 2055 par—

856 2064 966 2111 tem),
996 2070 1036 2101 ut
1055 2064 1140 2102 alibi
1162 2064 1240 2101 fere
1260 2061 1325 2102 ἐπὶ
1345 2059 1393 2101 τὰ
1414 2055 1524 2110 δεξιά

857 2134 900 2158 ac
921 2120 1073 2168 similia,
1114 2121 1161 2158 de
1182 2120 1316 2170 quibus
1340 2120 1385 2156 cf.
1406 2120 1437 2166 I,
1461 2119 1529 2159 51.

858 2178 932 2225 Vl,
962 2178 1016 2218 33
1039 2178 1164 2226 ibique
1186 2176 1409 2225 wesseling.
1469 2175 1530 2212 Ad

860 2235 1025 2272 dextram
1056 2233 1113 2285 (id
1147 2238 1202 2272 est
1229 2248 1251 2270 a
1274 2233 1529 2284 septentrione)

860 2291 972 2329 solem
988 2291 1160 2329 habuisse
1179 2291 1335 2342 putandi
1355 2295 1441 2327 sunt
1455 2290 1531 2327 Ae-

861 2349 976 2399 gyptii
991 2376 1002 2395 ‚
1060 2361 1143 2385 cum
1192 2347 1361 2385 circulum
1400 2347 1529 2396 aequi-

860 2405 1069 2453 noctialem,
1091 2405 1154 2455 qui
1176 2406 1320 2452 dicitur,
1342 2411 1530 2453 transgre-

863 2464 1039 2500 derentur
1056 2476 1065 2500 z
1095 2462 1197 2511 quod
1215 2463 1333 2512 ipsum
1350 2466 1528 2511 quantum

863 2520 912 2557 ad
939 2520 1160 2557 narrationis
1188 2519 1381 2556 veritatem
1408 2518 1530 2563 faciat,

862 2589 939 2614 non
959 2577 1054 2626 fugit
1076 2577 1173 2613 viros
1202 2577 1352 2623 doctos,
1398 2586 1528 2624 quam-

864 2646 974 2684 quam
994 2634 1190 2671 Herodoto
1208 2633 1257 2670 ob
1275 2645 1356 2670 eam
1368 2659 1378 2678 ,
1416 2642 1527 2679 quam

864 2692 987 2728 animo
1001 2691 1069 2728 sibi
1088 2691 1302 2727 informarat
1315 2694 1436 2725 terrae
1455 2688 1530 2723 for-

863 2760 985 2795 mam,
1024 2748 1154 2785 mirum
1175 2747 1245 2784 hoc
1272 2746 1390 2782 visum
1416 2743 1530 2780 fuisse

864 2818 932 2842 nos
957 2805 1106 2842 minime
1127 2804 1308 2841 miramur.
1347 2801 1406 2838 Cf.
1427 2801 1530 2838 Ren-
