1946 3272
420 235 477 274 40
822 232 1289 273 HERODOTI

420 340 618 385 πάντων·
669 341 844 398 νόμοισι
882 341 928 385 δὲ
966 342 1040 385 καὶ
1086 342 1259 386 ἄλλοισι
1296 344 1485 397 χρᾶσθαι
1528 337 1691 391 αὐτούς

422 423 533 467 φασι
561 413 915 468 κεχωρισμένοισι
943 416 1032 456 τῶν
1063 411 1206 455 ἄλλων
1235 409 1507 465 ἀνθρώπων,
1537 411 1611 454 καὶ
1641 409 1747 466 ὀὴ65

420 483 495 526 καὶ
520 483 628 526 κατὰ
659 484 737 539 τήν
766 485 995 539 βασιληίην
1022 483 1199 535 τοιῷδε·
1237 481 1316 524 τὸν
1345 480 1399 524 ἂν
1428 486 1517 525 τῶν
1546 481 1692 525 ἀστῶν

421 556 605 608 κρίνωσι
645 551 849 610 μέγιστόν
891 568 935 595 τε
979 549 1115 600 εἶναι,
1165 551 1237 595 καὶ
1271 550 1382 594 κατὰ
1419 552 1469 597 τὸ
1499 553 1692 610 μέγαθος

422 625 534 680 ἔχειν
562 624 642 681 τὴν
674 624 821 680 ἰσχύν,
851 626 1011 666 τοῦτον
1040 621 1213 673 ἀξιοῦσι
1241 621 1501 676 βασιλεύειν.

294 687 358 732 21

37 792 40 795 ’
89 748 324 819 ἑῗιιξιίοιριῖὃῗ
328 783 365 811 oa
419 762 724 820 Ἰχθυοφάγοι,

88 851 174 884 perr-
157 825 234 877 '’fai,
239 825 332 878 'K'etin
321 860 365 878 10-
395 837 578 891 Ξέλεγον
624 835 751 880 τάδε·

89 892 158 919 pum
180 892 262 919 [ege.

529 694 597 745 Ἐς
621 694 807 746 τούτους
837 693 889 750 δὴ
915 688 978 736 ὦν
1008 691 1112 743 τούς
1141 689 1307 744 ἄνδρας
1326 689 1384 742 ὡς
1412 691 1623 738 ἀπίκοντο
1649 696 1693 739 οἱ

770 764 964 815 διδόντες
1002 763 1054 806 τὰ
1093 765 1213 816 ὸῶρα
1248 766 1309 818 τῷ
1339 763 1507 818 βασιλέϊ
1536 764 1750 817 αύτῶν,70

810 834 1064 889 ,,Βασιλεύς
1110 831 1133 877 ὁ
1183 833 1390 888 Περσέων
1438 834 1693 891 Καμβύσης,

421 905 692 963 βουλόμενος
721 908 850 962 φίλος
883 923 950 950 τοι
980 907 1053 949 καὶ
1074 907 1212 957 ξεῖνος
1239 903 1466 960 γενέσθαι,
1497 904 1630 962 ἡμέας
1650 922 1695 950 τε

425 976 667 1033 ἀπέπεμψε,
696 977 741 1029 ἐς
768 977 929 1033 λόγους
958 993 1026 1020 τοι
1055 976 1199 1019 ἐλθεῖν
1226 975 1438 1029 κελεύων,
1471 977 1544 1020 καὶ
1574 979 1696 1031 δῶρα

424 1048 564 1092 ταῦτα’
602 1066 672 1093 τοι
709 1051 846 1102 διδοῖ,
893 1053 1008 1093 τοῖσι
1051 1046 1124 1091 καὶ
1162 1045 1292 1098 αὐτὸς
1321 1046 1504 1102 μάλιστα
1547 1047 1695 1104 ἥδεται

396 1128 418 1160 3
429 1119 720 1176 χρεώμενος.“
775 1119 824 1164 ‘0
863 1120 908 1164 ὀὲ
945 1120 1136 1170 Αὺθίοψ,
1183 1116 1342 1173 μαθών
1379 1118 1447 1161 ὅτι
1483 1118 1752 1163 κατόπται75

421 1191 595 1247 ἥκοιεν,
637 1191 748 1247 λέγει
776 1192 886 1245 πρὸς
917 1190 1080 1241 αὐτούς
1108 1190 1276 1233 τοιάδε·
1337 1188 1482 1242 ,,Οὐ’τε
1512 1188 1536 1234 ὁ
1570 1194 1694 1246 Περ-
1729 1211 1734 1214 ·

422 1263 534 1307 σέων
563 1262 766 1319 βασιλεὺς
795 1265 917 1318 δῶρα
945 1261 1082 1317 ὑμέας
1111 1260 1271 1316 ἔπεμψε
1301 1258 1537 1316 φέροντας,
1577 1278 1695 1315 προ-

422 1339 560 1390 τιμῶν
589 1339 756 1378 πολλοῦ
786 1334 883 1390 ἐμοὶ
912 1336 1050 1387 ξεῖνος
1078 1332 1300 1389 γενέσθαι·
1344 1331 1445 1375 οὕτε
1474 1329 1597 1387 ὑμεῖς
1626 1331 1694 1376 λέ-

424 1421 517 1461 γετε
556 1404 743 1464 ἀληθέα,
788 1404 909 1463 ἥκετε
942 1406 1026 1463 γὰρ
1064 1404 1271 1451 κατόπται
1311 1407 1386 1460 τῆς
1417 1402 1521 1460 ἐμῆς
1550 1402 1694 1460 ἀρχῆς.

369 1567 586 1611 ου’λότατον
605 1572 779 1624 τρίχωμα
792 1569 1032 1623 ἔχουσιπάν-

368 1643 448 1667 των
473 1624 719 1679 ἀνθρώπων.
777 1629 899 1679 Atque
922 1631 1032 1667 etiam

368 1685 504 1724 lresaias
543 1685 679 1722 incolas
719 1687 882 1735 regionis
913 1687 1034 1723 Sabae

371 1742 533 1791 corporis
553 1742 775 1792 proceritate
799 1742 960 1791 insignes
984 1743 1036 1779 ait

371 1797 496 1844 XLV,
525 1798 587 1844 14,
614 1799 672 1835 ubi
700 1804 846 1848 praeter
868 1798 1034 1836 Solinum

372 1866 451 1904 cap.
479 1855 557 1900 30,
603 1855 796 1892 duodecim
822 1856 937 1905 pedes
962 1856 1034 1892 Ae-

369 1911 515 1960 thiopes
548 1911 679 1959 longos
704 1923 786 1948 esse
810 1917 1033 1957 narrantem,

368 1966 457 2003 alios
486 1967 686 2016 scripturae
704 1979 832 2004 sacrae
855 1967 955 2004 locos
985 1968 1033 2005 de

369 2035 502 2071 magna
522 2022 739 2073 Aethiopum
764 2027 904 2059 statura
923 2023 1032 2060 affert

372 2078 509 2115 Gesen.
530 2092 564 2129 p.
584 2078 649 2119 95.
683 2078 762 2116 Nec
780 2078 928 2116 multum
945 2080 1033 2116 istos

371 2134 520 2172 differre
567 2148 589 2171 a
626 2134 823 2171 Macrobiis
859 2135 1034 2184 probabi-

370 2190 451 2227 liter
470 2191 640 2228 statuisse
669 2191 889 2228 Heerenium
914 2191 935 2228 1.
955 2191 975 2227 Ι.
997 2205 1033 2242 p.

371 2247 454 2287 350
471 2259 574 2295 seqq.
598 2259 708 2297 supra
730 2247 798 2284 iam
817 2248 1032 2284 monuimus.

371 2302 445 2346 Qui
462 2303 557 2340 idern
577 2304 798 2353 suspicatur,
822 2303 887 2340 has
909 2303 1033 2341 laudes

370 2359 417 2395 de
453 2359 669 2409 Aethiopiae
701 2360 862 2409 gentium
894 2364 1035 2396 statura

370 2414 466 2452 celsa
487 2428 530 2452 ac
552 2416 685 2452 decora
705 2417 849 2453 fluxisse
868 2429 910 2453 ex
932 2428 1034 2452 man-

370 2471 542 2521 cipiorum
557 2472 859 2520 negotiatoribus,
871 2473 931 2520 qui
947 2473 1033 2508 istas

370 2531 499 2576 gentes
540 2527 735 2577 praecipue
765 2527 913 2565 laudare
947 2541 1034 2564 con-

372 2584 565 2621 sueverint.
606 2604 649 2610 —
687 2584 926 2634 „Comparat
953 2597 1033 2620 eum

372 2638 427 2676 his
462 2639 683 2689 Aethiopum
731 2639 898 2677 laudibus
931 2640 1034 2676 fabu-

371 2697 425 2732 las
451 2695 733 2741 Germanorum,
765 2696 1037 2743 Britannorum,

371 2751 407 2787 in
427 2750 537 2788 Edda
557 2752 683 2789 obvias
708 2752 753 2789 de
772 2752 941 2800 Atngnrd
959 2753 1037 2789 edi-

372 2814 432 2844 tor
457 2820 573 2845 novae
603 2808 774 2845 editionis
804 2809 924 2859 operis
955 2808 1037 2846 The

371 2863 509 2913 history
551 2864 594 2902 of
626 2863 779 2914 English
819 2867 949 2916 poetry
989 2865 1036 2913 by

1090 1571 1223 1610 Thom.
1254 1571 1422 1609 W'arton.
1451 1570 1588 1621 (Lond.
1613 1569 1751 1622 1824.)

1091 1628 1210 1666 Praef.
1231 1641 1318 1677 pag.
1337 1630 1430 1668 31.“
1462 1628 1531 1665 Cr.

1147 1681 1245 1722 κατά
1268 1681 1344 1734 τὴν
1366 1684 1579 1735 βασιληΐην
1596 1681 1752 1737 τοιῷδε]

1093 1740 1362 1791 comparentur
1391 1754 1469 1778 curn
1504 1741 1620 1779 hisce:
1661 1740 1756 1779 Dio-

1094 1797 1172 1833 dor.
1201 1797 1311 1834 SicuL
1336 1797 1409 1845 111,
1435 1800 1459 1838 8
1481 1797 1541 1834 fin.
1569 1796 1753 1835 Aristotel.

1093 1853 1200 1891 Polit.
1239 1853 1311 1899 ιν,
1352 1852 1390 1892 4.
1434 1853 1524 1901 (ιν,
1563 1855 1589 1895 3
1634 1851 1670 1904 5.
1713 1856 1751 1894 7.

1092 1907 1282 1959 Schneid.)
1322 1909 1454 1947 Athen.
1486 1910 1587 1956 ΧΙΙΙ,
1612 1913 1639 1952 2
1665 1921 1753 1960 pag.

1092 1967 1183 2006 566.
1205 1964 1322 2002 Nicol.
1338 1965 1553 2003 Damascen.
1568 1965 1752 2016 Excerptt.

1090 2020 1232 2057 Valess.
1264 2035 1300 2071 p.
1330 2023 1424 2063 518,
1496 2023 1603 2067 Quae
1630 2022 1755 2060 attulit

1092 2077 1138 2113 u
1143 2076 1310 2126 esseling.

1147 2132 1215 2171 καὶ
1244 2148 1341 2172 κατα
1370 2131 1410 2173 τὸ
1442 2132 1620 2186 μέγαθος
1652 2133 1755 2185 ἔχειν

1091 2203 1164 2238 την
1196 2187 1324 2241 ίσχυν]
1357 2192 1377 2227 i.
1405 2204 1438 2228 e.
1464 2195 1496 2228 et
1524 2204 1624 2229 cums
1650 2191 1754 2228 robur

1091 2247 1335 2294 magni'tudzm'
1365 2260 1516 2299 carpant
1555 2247 1756 2297 respondere

1092 2301 1263 2340 iudicant.
1295 2303 1352 2341 De
1373 2305 1644 2355 praepositione
1654 2319 1752 2343 κατα

1091 2359 1186 2395 conf.
1211 2359 1238 2406 1,
1273 2362 1362 2401 121.
1394 2361 1439 2408 ΙΙ,
1465 2364 1516 2401 10
1546 2361 1633 2410 ibiq.
1658 2366 1752 2398 nott.

1299 2449 1541 2500 Cap.xxt

1148 2530 1416 2577 προτιμῶν
1468 2531 1618 2568 πολλοῦ
1665 2526 1754 2579 ἐμοὶ

1094 2584 1220 2630 ξεῖνος
1242 2583 1444 2635 γενέσθαι]
1466 2586 1488 2621 i.
1507 2598 1535 2622 e.
1559 2598 1663 2635 quum
1680 2598 1755 2623 ma-

1091 2642 1158 2688 gni
1179 2639 1326 2689 saciat,
1355 2644 1395 2676 ut
1427 2641 1514 2677 mihi
1542 2642 1658 2691 hospes
1680 2643 1755 2692 fiat

1093 2698 1358 2747 amicitiamque
1381 2700 1519 2745 iungat.
1562 2699 1670 2735 Conf.
1694 2712 1755 2736 su-

1093 2764 1160 2803 pra
1182 2752 1228 2798 ΙΙ,
1247 2754 1300 2793 37
1321 2754 1406 2802 ibiq.
1430 2759 1520 2791 nott.
1553 2755 1609 2791 Ad
1631 2767 1754 2792 vocem

1093 2804 1286 2848 κατόπται
1305 2811 1401 2847 cons,
1427 2809 1489 2854 ΙΙΙ,
1512 2813 1561 2851 17
1583 2811 1643 2848 fin.
1666 2811 1756 2862 ibiq.

1093 2870 1184 2902 nott.
