1879 3255
86 607 313 647 Psammeuitus,

86 649 195 669 amisso
221 649 324 676 regno,

86 674 164 710 quod
178 683 228 701 sex
246 682 362 702 menses

90 712 247 741 tenuerat,
284 708 366 735 dolo-

417 154 473 194 22

807 151 1281 190 HERODOTI

419 260 543 318 βύων
581 259 770 305 ἐλθόντα
810 263 933 315 δῶρα
976 258 1261 317 φιλοφρόνως
1300 258 1495 311 ἐδέξατο·
1546 257 1598 302 τοὶ
1641 257 1743 302 δὲ15

419 331 538 388 παρὰ
567 334 834 388 Κυρηναίων
865 331 1108 386 ἀπικόμενα
1139 332 1373 386 μεμφθεὶς,
1406 331 1464 381 ὠς
1492 330 1588 385 ἐμοὶ
1618 331 1688 373 δο-

417 402 526 455 κέει,
569 402 635 446 ὅτι
679 399 735 460 ἦν
775 404 919 459 ὀλίγα·
964 403 1165 457 ἔπεμψαν
1201 402 1286 457 γὰρ
1320 401 1373 458 δὴ
1402 403 1687 458 πεντηκοσίας

417 473 547 530 μνέας
577 473 796 529 ἀργυρίου
828 476 870 517 οἱ
889 477 1160 528 Κυρηναῖοι·
1206 472 1366 524 ταύτας
1394 472 1689 529 δρασσόμενος

293 541 359 588 14
419 544 667 602 αὐτοχειρίῃ
693 546 906 600 διέσπειρε
927 548 979 601 τῇ
1010 547 1206 599 στρατιῇ.
1261 543 1422 600 Ἡμέρῃ
1453 545 1500 587 δὲ
1531 542 1688 601 δεκάτῃ

423 614 497 660 ἄπ’
528 611 581 673 ἧς
611 616 828 672 παρέλαβε
857 616 905 659 τό
936 621 1074 670 τεῖχος
1103 613 1153 657 τὸ
1185 614 1231 657 ἐν
1252 615 1410 671 Μέμφι
1433 615 1688 671 Καμβύσης,

84 742 360 836 ξῖἕῖηἶῧιιῗιὲῖιῗιιέξῖ
415 762 504 801 τῶν
533 759 786 812 Αἰγυπτίων
825 756 1139 814 Ψαμμήνιτον,
1187 756 1506 813 βασιλεύσαντα
1548 761 1689 812 μῆνας

99 818 114 836 ὃ
131 817 147 836 (3
165 817 255 850 prelnl
283 819 290 835 2
327 817 358 836 1⁷1

85 843 172 870 amici

84 884 363 971 Ξὶῗὲἓῖὅὲἓεᾞῇἓῐ
391 904 530 954 2ρᾶτο
562 898 701 943 αὐτοῦ
729 903 805 955 τῆς
835 904 998 956 ψυχῆς,
1029 900 1192 943 ποιέων
1219 897 1381 942 τοιοίδε.
1426 901 1593 951 στείλας
1612 898 1688 943 αὐ-

84 977 361 1044 legigissi'c‘inffizssff
418 973 498 1013 τοῦ
544 970 623 1026 τὴν
669 968 892 1025 θυγατέρα
932 972 1083 1027 ἐσθῆτι
1121 972 1325 1026 δουληΐῃ,
1374 969 1575 1024 ἐξέπεμπε
1617 971 1690 1014 ἐπ’

86 1045 258 1073 ricordiam.

418 1040 541 1095 ὕδωρ
582 1041 769 1097 ἔχουσαν
810 1039 1018 1098 ὑδρήϊον·

425 689 603 738 κατίσας
645 687 686 738 ἐς
724 688 772 731 τὸ
812 686 1076 743 προάστειον
1123 685 1189 729 ἐπὶ
1230 685 1348 743 λύμῃ
1396 686 1474 729 τὸν
1511 685 1745 743 βασιλέαὲο

240 843 362 869 fortuna
416 829 484 880 ἓξ,
515 831 675 872 τοῦτον
699 831 878 880 κατίσας
905 828 987 872 σὺν
1008 828 1176 871 ἄλλοισι
1199 830 1502 883 Αἰγυπτίοισι,
1535 831 1688 872 διεπει-

1078 1041 1323 1097 συνέπεμπε
1362 1041 1409 1084 δὲ
1445 1041 1519 1084 καὶ
1558 1040 1691 1094 ἄλλας

417 1111 669 1169 παρθένους
703 1111 917 1166 ἀπολέξας
947 1112 1128 1170 ἀνδρῶν
1161 1116 1249 1156 τῶν
1277 1111 1487 1167 πρώτων,
1530 1110 1748 1169 ὁμοίως25

415 1305 679 1357 πεντηκοσίας
727 1304 850 1357 μνέας
897 1302 1022 1358 α’ργυ-

360 1361 472 1414 ρίου]
514 1363 656 1400 Atticae
705 1364 735 1400 si
777 1363 1025 1413 intelligantur

363 1420 504 1467 minae,
536 1432 690 1469 quarum
719 1421 910 1469 sexaginta
939 1434 1027 1458 con-

364 1476 493 1513 ficiunt
513 1476 702 1522 talentum,
731 1489 871 1514 summa
891 1489 1025 1525 argen-

364 1532 391 1569 ti
411 1533 481 1570 erit
499 1536 583 1569 octo
603 1532 819 1570 talentorum
843 1538 881 1571 et
901 1534 1027 1583 viginti

364 1589 555 1625 minarum.
613 1589 718 1626 Haec
747 1589 777 1626 si
803 1590 851 1627 ad
881 1595 1027 1627 nostros

363 1657 495 1682 numos
519 1645 714 1691 revocaris,
745 1647 864 1683 existit
887 1659 1029 1683 summa

365 1699 501 1742 12064
543 1700 728 1751 imperiall.
766 1703 842 1740 sive
889 1702 1027 1744 21715

360 1758 514 1795 florenn.
544 1759 594 1798 14
616 1758 773 1807 crucigg.
821 1759 878 1795 Cf.
899 1759 1027 1796 Wurm

360 1813 419 1851 De
457 1814 597 1864 pondd.
636 1819 703 1851 etc.
742 1819 827 1852 ratt.
859 1827 944 1864 pag.
973 1815 1026 1854 56

362 1882 440 1917 seq.
481 1873 520 1907 et
564 1869 662 1907 Tab.
702 1870 800 1906 XllI.
840 1871 936 1908 xlv.
974 1895 1024 1900 —-

366 1920 590 1979 αὐτοχειρίῃ
607 1928 702 1973 (suis
717 1928 828 1976 ipsius
846 1927 1026 1975 manibus)

365 1982 549 2019 invenitur
582 1995 730 2031 quoque
760 1983 798 2029 l,
831 1982 923 2024 140.
961 1984 1026 2031 lll,

366 2039 430 2079 66.
464 2037 528 2078 74.

420 2090 567 2140 ταύτας
597 2089 882 2144 δρασσόμενος]
916 2095 1027 2141 „Ra-

365 2150 437 2186 rior
465 2152 700 2187 constructio,
742 2151 824 2189 vid.
856 2151 1028 2188 Schleus-

365 2207 443 2243 neri
464 2219 548 2243 nov.
571 2206 665 2244 thes.
684 2212 756 2245 vet.
779 2212 860 2244 test.
884 2208 913 2243 lI
940 2221 1027 2257 pag.

366 2264 448 2303 200
467 2275 538 2299 s.v.
563 2258 820 2314 δράσσεσθαι.
839 2287 886 2292 —
912 2278 1027 2302 κατα-

367 2314 607 2369 δράττεσθαι
625 2321 735 2357 etiam
747 2320 944 2368 genitivum
963 2322 1030 2357 ad-

367 2375 524 2412 iunctum
546 2375 656 2413 habet
682 2377 782 2426 apud
803 2376 968 2413 Proclum
992 2378 1029 2414 in

366 2429 482 2469 Alcib.
502 2431 518 2468 1
537 2444 616 2482 cap.
635 2432 732 2473 54.“
766 2432 836 2469 Cr.

582 2521 688 2572 Cap.
721 2521 817 2558 XlV.

422 2599 586 2646 κατίσας
619 2598 658 2645 ἐς
698 2597 743 2638 τό
771 2595 1025 2651 προάστειον]

367 2654 475 2693 Conf.
497 2656 523 2703 l,
551 2657 602 2697 14
626 2657 712 2705 ibiq.
744 2662 836 2694 nott.
863 2656 958 2694 Add.
982 2659 1026 2704 Y,

367 2711 432 2753 25·
454 2715 520 2753 26.
555 2735 602 2740 ——
633 2711 698 2751 ἐπὶ
717 2708 822 2766 λύμῃ
847 2714 1027 2751 invenitur

366 2781 476 2819 supra
499 2769 542 2815 ll,
568 2772 640 2809 121
672 2767 707 2819 5
731 2772 769 2815 4,
799 2770 859 2806 ubi
879 2770 951 2807 vid.

1139 1307 1362 1358 διεπειρᾶτο
1403 1301 1532 1346 αὐτοῦ
1559 1310 1634 1358 τῆς
1667 1316 1747 1357 ψυ-

1082 1364 1166 1415 χῆς]
1189 1363 1310 1401 Koen.
1337 1364 1385 1400 ad
1401 1364 1559 1412 Gregor.
1576 1365 1746 1402 Corinth.

1082 1422 1129 1458 de
1155 1420 1239 1457 dial.
1271 1419 1347 1457 10n.
1378 1419 1500 1471 5.15
1545 1434 1632 1471 pag.
1664 1423 1747 1463 397

1083 1476 1220 1514 mavult
1250 1475 1522 1527 διεπειρὲετο.
1569 1478 1656 1515 Non
1681 1478 1749 1515 ad-

1084 1534 1211 1570 dicunt
1244 1533 1325 1570 libri
1363 1534 1509 1582 scripti,
1550 1535 1618 1571 nisi
1647 1535 1748 1583 quod

1083 1602 1176 1626 unus
1198 1589 1382 1627 Sancrosti
1410 1590 1500 1627 liber
1526 1591 1636 1628 offert
1662 1591 1748 1629 διε-

1084 1660 1173 1696 πειρ
1183 1643 1285 1684 έατο.
1329 1646 1487 1683 Sensum
1506 1645 1574 1684 loci
1594 1648 1644 1684 sic
1664 1647 1750 1684 red-

1085 1703 1149 1739 de:
1180 1704 1335 1739 animum
1357 1705 1430 1740 eius
1450 1703 1607 1740 te11tab·1t
1627 1718 1655 1741 s.
1676 1707 1749 1742 ten-

1085 1762 1162 1795 tare
1187 1758 1335 1795 studuit.
1395 1759 1491 1796 Nam
1520 1761 1557 1796 in
1577 1760 1749 1809 imperse-

1085 1820 1142 1852 cto
1164 1815 1260 1852 inest
1277 1820 1428 1852 conatus
1442 1829 1484 1853 ac
1504 1816 1613 1852 studii
1634 1816 1748 1864 signi-

1084 1871 1217 1908 ficatio.
1261 1871 1320 1908 De
1341 1884 1416 1920 qua
1433 1873 1527 1908 cons.
1544 1872 1572 1919 l,
1590 1874 1642 1912 68
1655 1873 1746 1922 ibiq.

1084 1931 1191 1974 nott.‚
1202 1940 1249 1964 ne
1261 1927 1374 1977 plura.
1390 1924 1527 1978 ψυχήν
1541 1928 1747 1978 Schweigh-

1084 1988 1180 2020 reete
1203 1984 1465 2033 interpretatur
1491 1987 1666 2032 animum,
1697 1986 1749 2023 ci-

1083 2046 1164 2076 tans
1186 2040 1249 2086 w,
1280 2043 1372 2086 128,
1398 2042 1457 2078 ubi
1483 2042 1614 2079 eodem
1639 2055 1749 2080 sensu

1084 2095 1259 2133 Nostrum
1281 2097 1414 2134 dixisse
1442 2102 1567 2148 putat:
1599 2098 1748 2138 διεπει-

1084 2154 1178 2201 ρᾶτο
1202 2148 1333 2191 αὐτῶν
1353 2174 1407 2182 --·
1426 2157 1496 2204 τῆς
1515 2150 1644 2205 ὀργῆς.
1685 2155 1747 2192 In-

1083 2210 1139 2245 fra
1158 2209 1220 2255 lll,
1243 2212 1319 2249 119
1343 2210 1472 2260 legitur
1503 2206 1745 2263 ἀπεπειρᾶτο

1085 2262 1256 2316 γνώμης.
1278 2288 1332 2293 —
1364 2268 1403 2304 ln
1428 2280 1530 2317 seqq.
1558 2269 1606 2305 ad
1635 2268 1746 2306 verba

1084 2317 1150 2360 ἐπ’
1181 2319 1290 2373 ὕδωρ
1321 2324 1394 2360 vid.
1424 2324 1557 2361 Matth.
1586 2325 1651 2361 Gr.
1677 2325 1744 2362 Gr.

1085 2391 1122 2427 p.
1144 2381 1248 2419 1169
1279 2384 1314 2415 et
1338 2380 1498 2417 Fischer.
1528 2381 1573 2416 ad
1599 2380 1744 2417 Weller.

1085 2434 1152 2471 Gr.
1171 2436 1236 2471 Gr.
1261 2435 1322 2481 lll,
1348 2436 1368 2472 b
1392 2449 1477 2486 pag.
1499 2438 1591 2476 243.
1624 2436 1681 2473 Ad
1700 2449 1745 2473 ea

1085 2491 1207 2538 verba,
1221 2504 1316 2539 quae
1328 2493 1491 2541 proxime
1508 2493 1747 2538 antecedunt,

1089 2545 1152 2583 Cr.
1186 2548 1280 2584 cons.
1314 2548 1376 2584 the
1409 2548 1583 2584 Classical
1614 2549 1743 2586 Journ.

1085 2602 1165 2639 Vol.
1189 2603 1217 2639 ll
1242 2617 1276 2653 p.
1304 2605 1387 2645 582
1405 2617 1483 2653 seq.
1511 2627 1558 2631 ——
1602 2600 1745 2644 α’πολὲ-

1083 2659 1152 2705 ξας
1190 2665 1226 2696 et
1259 2673 1354 2708 quae
1388 2666 1609 2710 sequuntur,
1654 2662 1744 2700 citat

1083 2715 1246 2753 Thomas
1265 2716 1414 2765 Magist.
1443 2731 1479 2767 p.
1500 2717 1564 2758 54.
