<?xml version="1.0" encoding="UTF-8"?>
<!DOCTYPE html PUBLIC "-//W3C//DTD XHTML 1.0 Transitional//EN"
    "http://www.w3.org/TR/xhtml1/DTD/xhtml1-transitional.dtd">
<html xmlns="http://www.w3.org/1999/xhtml" xml:lang="en" lang="en">
 <head>
  <title>
</title>
<meta http-equiv="Content-Type" content="text/html;charset=utf-8" />
  <meta name='ocr-system' content='tesseract 3.04.00' />
  <meta name='ocr-capabilities' content='ocr_page ocr_carea ocr_par ocr_line ocrx_word'/>
</head>
<body>
  <div class='ocr_page' id='page_1' title='image "./musaeher02hero/musaeher02hero_0220.png"; bbox 0 0 1863 3256; ppageno 0'>
   <div class='ocr_carea' id='block_1_1' title="bbox 463 198 548 239">
    <p class='ocr_par' dir='ltr' id='par_1_1' title="bbox 463 198 548 239">
     <span class='ocr_line' id='line_1_1' title="bbox 463 198 548 239; baseline 0.012 -1"><span class='ocrx_word' id='word_1_1' title='bbox 463 198 548 239; x_wconf 85' lang='lat'><strong>208</strong></span> 
     </span>
    </p>
   </div>
   <div class='ocr_carea' id='block_1_2' title="bbox 859 200 1331 242">
    <p class='ocr_par' dir='ltr' id='par_1_2' title="bbox 859 200 1331 242">
     <span class='ocr_line' id='line_1_2' title="bbox 859 200 1331 242; baseline 0.002 -3"><span class='ocrx_word' id='word_1_2' title='bbox 859 200 1331 242; x_wconf 88' lang='lat' dir='ltr'>HERODOTI</span> 
     </span>
    </p>
   </div>
   <div class='ocr_carea' id='block_1_3' title="bbox 466 304 1731 368">
    <p class='ocr_par' dir='ltr' id='par_1_3' title="bbox 466 304 1731 368">
     <span class='ocr_line' id='line_1_3' title="bbox 466 304 1731 368; baseline 0.006 -18"><span class='ocrx_word' id='word_1_3' title='bbox 466 304 569 351; x_wconf 77' lang='grc' dir='ltr'><em>οὔτε</em></span> <span class='ocrx_word' id='word_1_4' title='bbox 588 306 673 364; x_wconf 76' lang='grc' dir='ltr'><strong>γοὶρ</strong></span> <span class='ocrx_word' id='word_1_5' title='bbox 704 307 834 366; x_wconf 79' lang='grc' dir='ltr'><em>ἔγωγε</em></span> <span class='ocrx_word' id='word_1_6' title='bbox 863 310 1092 368; x_wconf 77' lang='grc' dir='ltr'><strong><em>ἐνδέκομαι</em></strong></span> <span class='ocrx_word' id='word_1_7' title='bbox 1116 310 1354 368; x_wconf 82' lang='grc' dir='ltr'><strong><em>Ἠριδανόν</em></strong></span> <span class='ocrx_word' id='word_1_8' title='bbox 1383 328 1480 356; x_wconf 82' lang='grc' dir='ltr'><em>τινα</em></span> <span class='ocrx_word' id='word_1_9' title='bbox 1499 312 1731 358; x_wconf 81' lang='grc' dir='ltr'><strong><em>καλέεσθαι</em></strong></span> 
     </span>
    </p>
   </div>
   <div class='ocr_carea' id='block_1_4' title="bbox 409 412 685 419">
    <p class='ocr_par' dir='ltr' id='par_1_4' title="bbox 409 412 685 419">
     <span class='ocr_line' id='line_1_4' title="bbox 409 412 685 419; baseline 0 2837"><span class='ocrx_word' id='word_1_10' title='bbox 409 412 685 419; x_wconf 95' lang='lat' dir='ltr'><strong> </strong></span> 
     </span>
    </p>
   </div>
   <div class='ocr_carea' id='block_1_5' title="bbox 378 465 1075 2881">
    <p class='ocr_par' dir='ltr' id='par_1_5' title="bbox 378 465 1075 2881">
     <span class='ocr_line' id='line_1_5' title="bbox 409 465 1069 516; baseline 0.003 -14"><span class='ocrx_word' id='word_1_11' title='bbox 409 465 586 516; x_wconf 87' lang='lat' dir='ltr'><strong>temporis</strong></span> <span class='ocrx_word' id='word_1_12' title='bbox 605 470 854 516; x_wconf 81' lang='lat' dir='ltr'><strong>penetrasset,</strong></span> <span class='ocrx_word' id='word_1_13' title='bbox 883 478 946 514; x_wconf 91' lang='lat' dir='ltr'><strong>ea,</strong></span> <span class='ocrx_word' id='word_1_14' title='bbox 974 478 1069 515; x_wconf 89' lang='lat' dir='ltr'><strong>quae</strong></span> 
     </span>
     <span class='ocr_line' id='line_1_6' title="bbox 410 520 1069 572; baseline 0 -14"><span class='ocrx_word' id='word_1_15' title='bbox 410 520 611 560; x_wconf 82' lang='lat' dir='ltr'>Phoenices</span> <span class='ocrx_word' id='word_1_16' title='bbox 648 523 799 560; x_wconf 84' lang='lat' dir='ltr'><strong>navibus</strong></span> <span class='ocrx_word' id='word_1_17' title='bbox 834 536 878 560; x_wconf 91' lang='lat' dir='ltr'><strong>eo</strong></span> <span class='ocrx_word' id='word_1_18' title='bbox 915 522 1069 572; x_wconf 83' lang='lat' dir='ltr'><strong>profecti</strong></span> 
     </span>
     <span class='ocr_line' id='line_1_7' title="bbox 410 579 1069 628; baseline -0.002 -12"><span class='ocrx_word' id='word_1_19' title='bbox 410 579 590 616; x_wconf 83' lang='lat' dir='ltr'><strong>narrarint</strong></span> <span class='ocrx_word' id='word_1_20' title='bbox 609 580 684 616; x_wconf 90' lang='lat' dir='ltr'><strong>sive</strong></span> <span class='ocrx_word' id='word_1_21' title='bbox 706 591 855 628; x_wconf 91' lang='lat' dir='ltr'><strong>prorsus</strong></span> <span class='ocrx_word' id='word_1_22' title='bbox 877 579 971 626; x_wconf 86' lang='lat' dir='ltr'><strong>ficta,</strong></span> <span class='ocrx_word' id='word_1_23' title='bbox 993 579 1069 615; x_wconf 91' lang='lat' dir='ltr'><strong>sive</strong></span> 
     </span>
     <span class='ocr_line' id='line_1_8' title="bbox 409 633 1072 683; baseline -0.005 -11"><span class='ocrx_word' id='word_1_24' title='bbox 409 647 495 672; x_wconf 87' lang='lat' dir='ltr'><strong>vera</strong></span> <span class='ocrx_word' id='word_1_25' title='bbox 516 634 616 672; x_wconf 83' lang='lat' dir='ltr'><strong>salsis</strong></span> <span class='ocrx_word' id='word_1_26' title='bbox 638 635 797 670; x_wconf 83' lang='lat' dir='ltr'><strong>admixta</strong></span> <span class='ocrx_word' id='word_1_27' title='bbox 823 635 975 683; x_wconf 88' lang='lat' dir='ltr'><strong>(quibus</strong></span> <span class='ocrx_word' id='word_1_28' title='bbox 1002 633 1072 671; x_wconf 93' lang='lat' dir='ltr'><strong>sci-</strong></span> 
     </span>
     <span class='ocr_line' id='line_1_9' title="bbox 409 689 1071 738; baseline -0.002 -11"><span class='ocrx_word' id='word_1_29' title='bbox 409 690 493 729; x_wconf 88' lang='lat' dir='ltr'><strong>licet</strong></span> <span class='ocrx_word' id='word_1_30' title='bbox 523 690 678 738; x_wconf 89' lang='lat' dir='ltr'><strong>reliquos</strong></span> <span class='ocrx_word' id='word_1_31' title='bbox 707 689 869 727; x_wconf 88' lang='lat' dir='ltr'><strong>homines</strong></span> <span class='ocrx_word' id='word_1_32' title='bbox 907 689 1071 727; x_wconf 88' lang='lat' dir='ltr'><strong>fallerent</strong></span> 
     </span>
     <span class='ocr_line' id='line_1_10' title="bbox 411 745 1070 795; baseline -0.003 -10"><span class='ocrx_word' id='word_1_33' title='bbox 411 751 449 785; x_wconf 92' lang='lat' dir='ltr'><strong>et</strong></span> <span class='ocrx_word' id='word_1_34' title='bbox 476 748 523 783; x_wconf 86' lang='lat' dir='ltr'><strong>ab</strong></span> <span class='ocrx_word' id='word_1_35' title='bbox 553 745 620 782; x_wconf 88' lang='lat' dir='ltr'><strong>illis</strong></span> <span class='ocrx_word' id='word_1_36' title='bbox 649 751 814 783; x_wconf 84' lang='lat' dir='ltr'><strong>arcerent</strong></span> <span class='ocrx_word' id='word_1_37' title='bbox 840 747 1070 795; x_wconf 86' lang='lat' dir='ltr'><strong>regionibus)</strong></span> 
     </span>
     <span class='ocr_line' id='line_1_11' title="bbox 410 802 1072 852; baseline -0.003 -12"><span class='ocrx_word' id='word_1_38' title='bbox 410 804 446 840; x_wconf 90' lang='lat' dir='ltr'><strong>in</strong></span> <span class='ocrx_word' id='word_1_39' title='bbox 467 802 625 838; x_wconf 90' lang='lat' dir='ltr'><strong>medium</strong></span> <span class='ocrx_word' id='word_1_40' title='bbox 644 803 810 852; x_wconf 87' lang='lat' dir='ltr'><strong>proferre</strong></span> <span class='ocrx_word' id='word_1_41' title='bbox 831 804 988 840; x_wconf 90' lang='lat' dir='ltr'><strong>noluerit</strong></span> <span class='ocrx_word' id='word_1_42' title='bbox 1012 803 1072 839; x_wconf 91' lang='lat' dir='ltr'><strong>iis-</strong></span> 
     </span>
     <span class='ocr_line' id='line_1_12' title="bbox 411 858 1073 908; baseline -0.002 -13"><span class='ocrx_word' id='word_1_43' title='bbox 411 871 483 907; x_wconf 88' lang='lat' dir='ltr'><strong>que</strong></span> <span class='ocrx_word' id='word_1_44' title='bbox 502 858 608 907; x_wconf 81' lang='lat' dir='ltr'><strong>ipsis,</strong></span> <span class='ocrx_word' id='word_1_45' title='bbox 652 870 747 906; x_wconf 89' lang='lat' dir='ltr'><strong>quae</strong></span> <span class='ocrx_word' id='word_1_46' title='bbox 776 860 962 908; x_wconf 89' lang='lat' dir='ltr'><strong>proferat,</strong></span> <span class='ocrx_word' id='word_1_47' title='bbox 1005 859 1073 895; x_wconf 89' lang='lat' dir='ltr'><strong>du-</strong></span> 
     </span>
     <span class='ocr_line' id='line_1_13' title="bbox 410 912 1073 965; baseline 0 -14"><span class='ocrx_word' id='word_1_48' title='bbox 410 914 622 951; x_wconf 86' lang='lat' dir='ltr'><strong>bitationem</strong></span> <span class='ocrx_word' id='word_1_49' title='bbox 640 926 742 950; x_wconf 87' lang='lat' dir='ltr'><strong>snam</strong></span> <span class='ocrx_word' id='word_1_50' title='bbox 758 915 978 965; x_wconf 89' lang='lat' dir='ltr'><strong>interponat.</strong></span> <span class='ocrx_word' id='word_1_51' title='bbox 1018 912 1073 951; x_wconf 91' lang='lat' dir='ltr'><strong>Ac</strong></span> 
     </span>
     <span class='ocr_line' id='line_1_14' title="bbox 410 970 1072 1021; baseline 0.003 -14"><span class='ocrx_word' id='word_1_52' title='bbox 410 971 506 1008; x_wconf 90' lang='lat' dir='ltr'><strong>bene</strong></span> <span class='ocrx_word' id='word_1_53' title='bbox 539 974 664 1007; x_wconf 90' lang='lat' dir='ltr'><strong>monet</strong></span> <span class='ocrx_word' id='word_1_54' title='bbox 687 970 843 1008; x_wconf 89' lang='lat' dir='ltr'><strong>Rennel.</strong></span> <span class='ocrx_word' id='word_1_55' title='bbox 871 983 957 1021; x_wconf 86' lang='lat' dir='ltr'><strong>pag.</strong></span> <span class='ocrx_word' id='word_1_56' title='bbox 989 972 1072 1010; x_wconf 80' lang='lat'><strong>397</strong></span> 
     </span>
     <span class='ocr_line' id='line_1_15' title="bbox 410 1026 1072 1075; baseline -0.002 -12"><span class='ocrx_word' id='word_1_57' title='bbox 410 1026 625 1064; x_wconf 89' lang='lat' dir='ltr'><strong>Herodotea</strong></span> <span class='ocrx_word' id='word_1_58' title='bbox 654 1030 832 1075; x_wconf 86' lang='lat' dir='ltr'><strong>tangens,</strong></span> <span class='ocrx_word' id='word_1_59' title='bbox 871 1027 1072 1065; x_wconf 83' lang='lat' dir='ltr'><strong>Phoenices</strong></span> 
     </span>
     <span class='ocr_line' id='line_1_16' title="bbox 411 1082 1073 1134; baseline -0.002 -14"><span class='ocrx_word' id='word_1_60' title='bbox 411 1083 574 1120; x_wconf 84' lang='lat' dir='ltr'><strong>studiose</strong></span> <span class='ocrx_word' id='word_1_61' title='bbox 591 1082 728 1120; x_wconf 82' lang='lat' dir='ltr'><strong>celasse</strong></span> <span class='ocrx_word' id='word_1_62' title='bbox 750 1084 875 1131; x_wconf 80' lang='lat' dir='ltr'><strong>videri,</strong></span> <span class='ocrx_word' id='word_1_63' title='bbox 905 1085 967 1134; x_wconf 91' lang='lat' dir='ltr'><strong>qui</strong></span> <span class='ocrx_word' id='word_1_64' title='bbox 986 1083 1073 1134; x_wconf 90' lang='lat' dir='ltr'><strong>ipsis</strong></span> 
     </span>
     <span class='ocr_line' id='line_1_17' title="bbox 411 1139 1073 1189; baseline 0.005 -14"><span class='ocrx_word' id='word_1_65' title='bbox 411 1139 486 1176; x_wconf 86' lang='lat' dir='ltr'><strong>sint</strong></span> <span class='ocrx_word' id='word_1_66' title='bbox 524 1139 728 1176; x_wconf 88' lang='lat' dir='ltr'><strong>divitiarum</strong></span> <span class='ocrx_word' id='word_1_67' title='bbox 766 1141 909 1187; x_wconf 82' lang='lat' dir='ltr'><strong>sontes,</strong></span> <span class='ocrx_word' id='word_1_68' title='bbox 978 1152 1073 1189; x_wconf 90' lang='lat' dir='ltr'><strong>qnae</strong></span> 
     </span>
     <span class='ocr_line' id='line_1_18' title="bbox 410 1196 1014 1247; baseline 0.002 -15"><span class='ocrx_word' id='word_1_69' title='bbox 410 1196 614 1233; x_wconf 87' lang='lat' dir='ltr'><strong>commercii</strong></span> <span class='ocrx_word' id='word_1_70' title='bbox 635 1196 716 1233; x_wconf 77' lang='lat' dir='ltr'><strong>viae</strong></span> <span class='ocrx_word' id='word_1_71' title='bbox 740 1201 851 1247; x_wconf 82' lang='lat' dir='ltr'><strong>atque</strong></span> <span class='ocrx_word' id='word_1_72' title='bbox 874 1197 1014 1246; x_wconf 88' lang='lat' dir='ltr'><strong>copiae.</strong></span> 
     </span>
     <span class='ocr_line' id='line_1_19' title="bbox 469 1248 1074 1305; baseline 0.002 -14"><span class='ocrx_word' id='word_1_73' title='bbox 469 1248 560 1291; x_wconf 77' lang='grc' dir='ltr'><em>οὔτε</em></span> <span class='ocrx_word' id='word_1_74' title='bbox 600 1249 674 1304; x_wconf 76' lang='grc' dir='ltr'><strong>γὰρ</strong></span> <span class='ocrx_word' id='word_1_75' title='bbox 714 1251 832 1305; x_wconf 74' lang='grc' dir='ltr'><em>ἔγωγε</em></span> <span class='ocrx_word' id='word_1_76' title='bbox 864 1251 1074 1304; x_wconf 77' lang='grc' dir='ltr'><em>ἐνδέκομαι</em></span> 
     </span>
     <span class='ocr_line' id='line_1_20' title="bbox 409 1303 1072 1361; baseline 0 -14"><span class='ocrx_word' id='word_1_77' title='bbox 409 1303 618 1360; x_wconf 84' lang='grc' dir='ltr'><em>Ἠριδανόν</em></span> <span class='ocrx_word' id='word_1_78' title='bbox 645 1308 749 1361; x_wconf 87' lang='grc' dir='ltr'><strong><em>τινα]</em></strong></span> <span class='ocrx_word' id='word_1_79' title='bbox 786 1310 844 1347; x_wconf 88' lang='lat' dir='ltr'><strong>Ad</strong></span> <span class='ocrx_word' id='word_1_80' title='bbox 870 1310 1072 1347; x_wconf 87' lang='lat' dir='ltr'><strong>Eridanum</strong></span> 
     </span>
     <span class='ocr_line' id='line_1_21' title="bbox 410 1365 1071 1404; baseline 0 -1"><span class='ocrx_word' id='word_1_81' title='bbox 410 1365 559 1403; x_wconf 85' lang='lat' dir='ltr'><strong>fluvium</strong></span> <span class='ocrx_word' id='word_1_82' title='bbox 581 1365 766 1403; x_wconf 91' lang='lat' dir='ltr'><strong>Electrum</strong></span> <span class='ocrx_word' id='word_1_83' title='bbox 795 1367 869 1404; x_wconf 90' lang='lat' dir='ltr'><strong>sive</strong></span> <span class='ocrx_word' id='word_1_84' title='bbox 891 1367 1071 1404; x_wconf 89' lang='lat' dir='ltr'><strong>succinum</strong></span> 
     </span>
     <span class='ocr_line' id='line_1_22' title="bbox 412 1422 1071 1471; baseline 0.002 -12"><span class='ocrx_word' id='word_1_85' title='bbox 412 1422 489 1459; x_wconf 88' lang='lat' dir='ltr'><strong>erui</strong></span> <span class='ocrx_word' id='word_1_86' title='bbox 515 1422 676 1471; x_wconf 83' lang='lat' dir='ltr'><strong>indeque</strong></span> <span class='ocrx_word' id='word_1_87' title='bbox 706 1435 727 1459; x_wconf 92' lang='lat' dir='ltr'><strong>a</strong></span> <span class='ocrx_word' id='word_1_88' title='bbox 749 1422 993 1460; x_wconf 89' lang='lat' dir='ltr'><strong>Phoenicibus</strong></span> <span class='ocrx_word' id='word_1_89' title='bbox 1023 1422 1071 1460; x_wconf 92' lang='lat' dir='ltr'><strong>ad</strong></span> 
     </span>
     <span class='ocr_line' id='line_1_23' title="bbox 412 1478 1072 1528; baseline 0.003 -14"><span class='ocrx_word' id='word_1_90' title='bbox 412 1478 606 1516; x_wconf 89' lang='lat' dir='ltr'><strong>Graeciam</strong></span> <span class='ocrx_word' id='word_1_91' title='bbox 629 1478 828 1528; x_wconf 85' lang='lat' dir='ltr'><strong>Asiamque</strong></span> <span class='ocrx_word' id='word_1_92' title='bbox 845 1479 966 1517; x_wconf 87' lang='lat' dir='ltr'><strong>afferri</strong></span> <span class='ocrx_word' id='word_1_93' title='bbox 991 1480 1072 1516; x_wconf 88' lang='lat' dir='ltr'><strong>san-</strong></span> 
     </span>
     <span class='ocr_line' id='line_1_24' title="bbox 378 1534 1071 1582; baseline 0.003 -11"><span class='ocrx_word' id='word_1_94' title='bbox 378 1578 380 1582; x_wconf 33' lang='lat'>·</span> <span class='ocrx_word' id='word_1_95' title='bbox 412 1535 461 1572; x_wconf 90' lang='lat' dir='ltr'><strong>do</strong></span> <span class='ocrx_word' id='word_1_96' title='bbox 483 1534 649 1573; x_wconf 87' lang='lat' dir='ltr'><strong>andierat</strong></span> <span class='ocrx_word' id='word_1_97' title='bbox 666 1535 816 1573; x_wconf 83' lang='lat' dir='ltr'><strong>Noster.</strong></span> <span class='ocrx_word' id='word_1_98' title='bbox 848 1536 992 1580; x_wconf 87' lang='lat' dir='ltr'><strong>Quibus</strong></span> <span class='ocrx_word' id='word_1_99' title='bbox 1012 1539 1071 1573; x_wconf 85' lang='lat' dir='ltr'><strong>ta-</strong></span> 
     </span>
     <span class='ocr_line' id='line_1_25' title="bbox 411 1591 1073 1642; baseline 0 -13"><span class='ocrx_word' id='word_1_100' title='bbox 411 1603 496 1629; x_wconf 88' lang='lat' dir='ltr'><strong>men</strong></span> <span class='ocrx_word' id='word_1_101' title='bbox 519 1591 629 1631; x_wconf 88' lang='lat' dir='ltr'><strong>fidem</strong></span> <span class='ocrx_word' id='word_1_102' title='bbox 651 1604 691 1629; x_wconf 87' lang='lat' dir='ltr'><strong>se</strong></span> <span class='ocrx_word' id='word_1_103' title='bbox 721 1592 856 1630; x_wconf 81' lang='lat' dir='ltr'><strong>habere</strong></span> <span class='ocrx_word' id='word_1_104' title='bbox 876 1605 984 1642; x_wconf 87' lang='lat' dir='ltr'><strong>posse</strong></span> <span class='ocrx_word' id='word_1_105' title='bbox 1005 1604 1073 1629; x_wconf 89' lang='lat' dir='ltr'><strong>ne-</strong></span> 
     </span>
     <span class='ocr_line' id='line_1_26' title="bbox 411 1647 1075 1697; baseline 0.002 -13"><span class='ocrx_word' id='word_1_106' title='bbox 411 1651 498 1697; x_wconf 88' lang='lat' dir='ltr'><strong>gat,</strong></span> <span class='ocrx_word' id='word_1_107' title='bbox 538 1660 618 1685; x_wconf 90' lang='lat' dir='ltr'><strong>cum</strong></span> <span class='ocrx_word' id='word_1_108' title='bbox 645 1647 701 1684; x_wconf 89' lang='lat' dir='ltr'><strong>vel</strong></span> <span class='ocrx_word' id='word_1_109' title='bbox 726 1649 842 1686; x_wconf 89' lang='lat' dir='ltr'><strong>amnis</strong></span> <span class='ocrx_word' id='word_1_110' title='bbox 869 1649 975 1686; x_wconf 92' lang='lat' dir='ltr'><strong>huius</strong></span> <span class='ocrx_word' id='word_1_111' title='bbox 1007 1660 1075 1685; x_wconf 86' lang='lat' dir='ltr'><strong>no-</strong></span> 
     </span>
     <span class='ocr_line' id='line_1_27' title="bbox 412 1704 1073 1753; baseline 0.002 -13"><span class='ocrx_word' id='word_1_112' title='bbox 412 1716 495 1740; x_wconf 89' lang='lat' dir='ltr'><strong>men</strong></span> <span class='ocrx_word' id='word_1_113' title='bbox 517 1704 649 1741; x_wconf 85' lang='lat' dir='ltr'><strong>Graeci</strong></span> <span class='ocrx_word' id='word_1_114' title='bbox 669 1705 757 1753; x_wconf 92' lang='lat' dir='ltr'><strong>quid</strong></span> <span class='ocrx_word' id='word_1_115' title='bbox 780 1709 907 1752; x_wconf 88' lang='lat' dir='ltr'><strong>sonet,</strong></span> <span class='ocrx_word' id='word_1_116' title='bbox 939 1704 1073 1742; x_wconf 90' lang='lat' dir='ltr'><strong>Graeci</strong></span> 
     </span>
     <span class='ocr_line' id='line_1_28' title="bbox 411 1761 1074 1811; baseline 0 -14"><span class='ocrx_word' id='word_1_117' title='bbox 411 1763 534 1798; x_wconf 88' lang='lat' dir='ltr'><strong>autem</strong></span> <span class='ocrx_word' id='word_1_118' title='bbox 549 1761 695 1799; x_wconf 89' lang='lat' dir='ltr'><strong>minime</strong></span> <span class='ocrx_word' id='word_1_119' title='bbox 713 1762 761 1798; x_wconf 87' lang='lat' dir='ltr'><strong>ad</strong></span> <span class='ocrx_word' id='word_1_120' title='bbox 782 1774 843 1799; x_wconf 92' lang='lat' dir='ltr'><strong>eas</strong></span> <span class='ocrx_word' id='word_1_121' title='bbox 863 1774 979 1811; x_wconf 90' lang='lat' dir='ltr'><strong>usque</strong></span> <span class='ocrx_word' id='word_1_122' title='bbox 998 1765 1074 1798; x_wconf 88' lang='lat' dir='ltr'><strong>ter-</strong></span> 
     </span>
     <span class='ocr_line' id='line_1_29' title="bbox 411 1817 1074 1869; baseline 0.002 -16"><span class='ocrx_word' id='word_1_123' title='bbox 411 1829 473 1853; x_wconf 89' lang='lat' dir='ltr'><strong>rae</strong></span> <span class='ocrx_word' id='word_1_124' title='bbox 489 1818 730 1866; x_wconf 85' lang='lat' dir='ltr'><strong>pervenerint.</strong></span> <span class='ocrx_word' id='word_1_125' title='bbox 758 1818 830 1862; x_wconf 88' lang='lat' dir='ltr'><strong>Qui</strong></span> <span class='ocrx_word' id='word_1_126' title='bbox 844 1823 974 1869; x_wconf 89' lang='lat' dir='ltr'><strong>postea</strong></span> <span class='ocrx_word' id='word_1_127' title='bbox 986 1817 1074 1854; x_wconf 77' lang='lat' dir='ltr'><strong><em>En·-</em></strong></span> 
     </span>
     <span class='ocr_line' id='line_1_30' title="bbox 413 1872 1073 1923; baseline 0.003 -14"><span class='ocrx_word' id='word_1_128' title='bbox 413 1872 504 1909; x_wconf 76' lang='lat' dir='ltr'><strong>dani</strong></span> <span class='ocrx_word' id='word_1_129' title='bbox 530 1875 677 1912; x_wconf 90' lang='lat' dir='ltr'><strong>nomine</strong></span> <span class='ocrx_word' id='word_1_130' title='bbox 703 1875 896 1923; x_wconf 86' lang='lat' dir='ltr'><strong>insignitus</strong></span> <span class='ocrx_word' id='word_1_131' title='bbox 923 1879 979 1913; x_wconf 89' lang='lat' dir='ltr'><strong>est</strong></span> <span class='ocrx_word' id='word_1_132' title='bbox 1000 1875 1073 1911; x_wconf 90' lang='lat' dir='ltr'><strong>Ita-</strong></span> 
     </span>
     <span class='ocr_line' id='line_1_31' title="bbox 411 1929 1070 1978; baseline 0.002 -12"><span class='ocrx_word' id='word_1_133' title='bbox 411 1929 482 1967; x_wconf 88' lang='lat' dir='ltr'><strong>liae</strong></span> <span class='ocrx_word' id='word_1_134' title='bbox 504 1931 654 1978; x_wconf 77' lang='lat' dir='ltr'><strong>fluvius,</strong></span> <span class='ocrx_word' id='word_1_135' title='bbox 692 1931 815 1968; x_wconf 86' lang='lat' dir='ltr'><strong>Padus</strong></span> <span class='ocrx_word' id='word_1_136' title='bbox 842 1932 954 1978; x_wconf 88' lang='lat' dir='ltr'><strong>(conf.</strong></span> <span class='ocrx_word' id='word_1_137' title='bbox 978 1931 1070 1969; x_wconf 86' lang='lat' dir='ltr'><strong>Plin.</strong></span> 
     </span>
     <span class='ocr_line' id='line_1_32' title="bbox 411 1985 1074 2034; baseline 0.002 -12"><span class='ocrx_word' id='word_1_138' title='bbox 411 1985 598 2034; x_wconf 89' lang='lat' dir='ltr'><strong>H.N.III,</strong></span> <span class='ocrx_word' id='word_1_139' title='bbox 622 1990 686 2027; x_wconf 84' lang='lat'><strong>16.</strong></span> <span class='ocrx_word' id='word_1_140' title='bbox 717 1987 905 2034; x_wconf 88' lang='lat' dir='ltr'>XXXVII,</span> <span class='ocrx_word' id='word_1_141' title='bbox 922 1990 958 2027; x_wconf 85' lang='lat'><strong>2.</strong></span> <span class='ocrx_word' id='word_1_142' title='bbox 989 1988 1074 2024; x_wconf 76' lang='lat' dir='ltr'><strong>Vir-</strong></span> 
     </span>
     <span class='ocr_line' id='line_1_33' title="bbox 413 2042 1070 2094; baseline 0.003 -16"><span class='ocrx_word' id='word_1_143' title='bbox 413 2042 476 2090; x_wconf 86' lang='lat' dir='ltr'><strong>gil.</strong></span> <span class='ocrx_word' id='word_1_144' title='bbox 507 2042 646 2092; x_wconf 84' lang='lat' dir='ltr'><strong>Georg.</strong></span> <span class='ocrx_word' id='word_1_145' title='bbox 671 2044 706 2091; x_wconf 89' lang='lat' dir='ltr'><strong>I,</strong></span> <span class='ocrx_word' id='word_1_146' title='bbox 740 2045 823 2085; x_wconf 79' lang='lat'><strong>482</strong></span> <span class='ocrx_word' id='word_1_147' title='bbox 848 2044 934 2094; x_wconf 87' lang='lat' dir='ltr'><strong>ibiq.</strong></span> <span class='ocrx_word' id='word_1_148' title='bbox 965 2044 992 2081; x_wconf 94' lang='lat' dir='ltr'><strong>I.</strong></span> <span class='ocrx_word' id='word_1_149' title='bbox 1023 2043 1070 2080; x_wconf 90' lang='lat' dir='ltr'><strong>H.</strong></span> 
     </span>
     <span class='ocr_line' id='line_1_34' title="bbox 412 2099 1072 2149; baseline 0.003 -14"><span class='ocrx_word' id='word_1_150' title='bbox 412 2099 562 2147; x_wconf 58' lang='lat' dir='ltr'><strong>Voss),</strong></span> <span class='ocrx_word' id='word_1_151' title='bbox 593 2101 640 2137; x_wconf 91' lang='lat' dir='ltr'><strong>de</strong></span> <span class='ocrx_word' id='word_1_152' title='bbox 659 2114 703 2138; x_wconf 94' lang='lat' dir='ltr'><strong>eo</strong></span> <span class='ocrx_word' id='word_1_153' title='bbox 725 2101 979 2148; x_wconf 86' lang='lat' dir='ltr'><strong>Herodotum,</strong></span> <span class='ocrx_word' id='word_1_154' title='bbox 1010 2100 1072 2149; x_wconf 87' lang='lat' dir='ltr'><strong>qui</strong></span> 
     </span>
     <span class='ocr_line' id='line_1_35' title="bbox 413 2154 1072 2208; baseline 0 -15"><span class='ocrx_word' id='word_1_155' title='bbox 413 2154 574 2202; x_wconf 89' lang='lat' dir='ltr'><strong>Thuriis,</strong></span> <span class='ocrx_word' id='word_1_156' title='bbox 593 2157 616 2194; x_wconf 87' lang='lat' dir='ltr'><strong>i.</strong></span> <span class='ocrx_word' id='word_1_157' title='bbox 634 2170 666 2194; x_wconf 87' lang='lat' dir='ltr'><strong>e.</strong></span> <span class='ocrx_word' id='word_1_158' title='bbox 684 2157 720 2193; x_wconf 93' lang='lat' dir='ltr'><strong>in</strong></span> <span class='ocrx_word' id='word_1_159' title='bbox 742 2157 823 2208; x_wconf 87' lang='lat' dir='ltr'><strong>ipsa</strong></span> <span class='ocrx_word' id='word_1_160' title='bbox 843 2157 958 2203; x_wconf 84' lang='lat' dir='ltr'><strong>Italia,</strong></span> <span class='ocrx_word' id='word_1_161' title='bbox 981 2169 1072 2207; x_wconf 89' lang='lat' dir='ltr'><strong>opus</strong></span> 
     </span>
     <span class='ocr_line' id='line_1_36' title="bbox 413 2213 1072 2263; baseline 0.003 -16"><span class='ocrx_word' id='word_1_162' title='bbox 413 2225 517 2248; x_wconf 89' lang='lat' dir='ltr'><strong>suum</strong></span> <span class='ocrx_word' id='word_1_163' title='bbox 540 2213 713 2260; x_wconf 84' lang='lat' dir='ltr'><strong>absolvit,</strong></span> <span class='ocrx_word' id='word_1_164' title='bbox 754 2226 986 2263; x_wconf 88' lang='lat' dir='ltr'><strong>nequaquam</strong></span> <span class='ocrx_word' id='word_1_165' title='bbox 1009 2226 1072 2250; x_wconf 89' lang='lat' dir='ltr'><strong>co-</strong></span> 
     </span>
     <span class='ocr_line' id='line_1_37' title="bbox 413 2269 1074 2321; baseline 0.006 -18"><span class='ocrx_word' id='word_1_166' title='bbox 413 2269 571 2317; x_wconf 81' lang='lat' dir='ltr'><strong>gitasse,</strong></span> <span class='ocrx_word' id='word_1_167' title='bbox 607 2271 718 2316; x_wconf 80' lang='lat' dir='ltr'><strong>satis,</strong></span> <span class='ocrx_word' id='word_1_168' title='bbox 757 2275 872 2321; x_wconf 90' lang='lat' dir='ltr'><strong>puto,</strong></span> <span class='ocrx_word' id='word_1_169' title='bbox 909 2271 976 2307; x_wconf 89' lang='lat' dir='ltr'><strong>erit</strong></span> <span class='ocrx_word' id='word_1_170' title='bbox 995 2282 1074 2306; x_wconf 88' lang='lat' dir='ltr'><strong>ma-</strong></span> 
     </span>
     <span class='ocr_line' id='line_1_38' title="bbox 413 2324 1071 2371; baseline 0.006 -12"><span class='ocrx_word' id='word_1_171' title='bbox 413 2324 608 2371; x_wconf 79' lang='lat' dir='ltr'><strong>nifestum3</strong></span> <span class='ocrx_word' id='word_1_172' title='bbox 647 2326 698 2363; x_wconf 88' lang='lat' dir='ltr'><strong>ita</strong></span> <span class='ocrx_word' id='word_1_173' title='bbox 720 2332 761 2363; x_wconf 88' lang='lat' dir='ltr'><strong>ut</strong></span> <span class='ocrx_word' id='word_1_174' title='bbox 781 2326 935 2363; x_wconf 88' lang='lat' dir='ltr'><strong>Plinium</strong></span> <span class='ocrx_word' id='word_1_175' title='bbox 952 2327 999 2362; x_wconf 89' lang='lat' dir='ltr'><strong>H.</strong></span> <span class='ocrx_word' id='word_1_176' title='bbox 1021 2325 1071 2363; x_wconf 93' lang='lat' dir='ltr'><strong>N.</strong></span> 
     </span>
     <span class='ocr_line' id='line_1_39' title="bbox 412 2380 1073 2432; baseline -0.009 -9"><span class='ocrx_word' id='word_1_177' title='bbox 412 2380 494 2426; x_wconf 80' lang='grc' dir='ltr'><strong>ΧΠ,</strong></span> <span class='ocrx_word' id='word_1_178' title='bbox 524 2384 550 2422; x_wconf 79' lang='lat'>4</span> <span class='ocrx_word' id='word_1_179' title='bbox 577 2380 613 2432; x_wconf 89' lang='lat'>5</span> <span class='ocrx_word' id='word_1_180' title='bbox 643 2383 667 2421; x_wconf 89' lang='grc'>8</span> <span class='ocrx_word' id='word_1_181' title='bbox 695 2396 817 2420; x_wconf 86' lang='lat' dir='ltr'><strong>errore</strong></span> <span class='ocrx_word' id='word_1_182' title='bbox 846 2383 904 2419; x_wconf 84' lang='lat' dir='ltr'><strong>vix</strong></span> <span class='ocrx_word' id='word_1_183' title='bbox 935 2381 1073 2419; x_wconf 79' lang='lat' dir='ltr'><strong>absolvi</strong></span> 
     </span>
     <span class='ocr_line' id='line_1_40' title="bbox 412 2438 1072 2487; baseline 0.003 -15"><span class='ocrx_word' id='word_1_184' title='bbox 412 2449 522 2487; x_wconf 84' lang='lat' dir='ltr'><strong>posse</strong></span> <span class='ocrx_word' id='word_1_185' title='bbox 543 2438 700 2475; x_wconf 86' lang='lat' dir='ltr'><strong>credam.</strong></span> <span class='ocrx_word' id='word_1_186' title='bbox 751 2438 808 2476; x_wconf 90' lang='lat' dir='ltr'><strong>De</strong></span> <span class='ocrx_word' id='word_1_187' title='bbox 830 2438 940 2475; x_wconf 74' lang='lat' dir='ltr'><strong>Dana</strong></span> <span class='ocrx_word' id='word_1_188' title='bbox 961 2438 1072 2483; x_wconf 88' lang='lat' dir='ltr'><strong>amni,</strong></span> 
     </span>
     <span class='ocr_line' id='line_1_41' title="bbox 413 2489 1073 2542; baseline 0.006 -14"><span class='ocrx_word' id='word_1_189' title='bbox 413 2492 475 2542; x_wconf 91' lang='lat' dir='ltr'><strong>qui</strong></span> <span class='ocrx_word' id='word_1_190' title='bbox 486 2492 904 2532; x_wconf 84' lang='lat' dir='ltr'><strong>MarcianiHeracleotae</strong></span> <span class='ocrx_word' id='word_1_191' title='bbox 914 2495 958 2531; x_wconf 89' lang='lat' dir='ltr'><strong>sit</strong></span> <span class='ocrx_word' id='word_1_192' title='bbox 967 2489 1073 2532; x_wconf 81' lang='grc' dir='ltr'>Ῥού-</span> 
     </span>
     <span class='ocr_line' id='line_1_42' title="bbox 414 2548 1070 2597; baseline -0.003 -10"><span class='ocrx_word' id='word_1_193' title='bbox 414 2548 518 2595; x_wconf 79' lang='grc' dir='ltr'><em>ὅων,</em></span> <span class='ocrx_word' id='word_1_194' title='bbox 549 2550 633 2586; x_wconf 86' lang='lat' dir='ltr'><strong>olim</strong></span> <span class='ocrx_word' id='word_1_195' title='bbox 655 2551 828 2597; x_wconf 81' lang='lat' dir='ltr'><strong>cogitavit</strong></span> <span class='ocrx_word' id='word_1_196' title='bbox 849 2552 903 2587; x_wconf 83' lang='lat' dir='ltr'><strong>vir</strong></span> <span class='ocrx_word' id='word_1_197' title='bbox 926 2551 1070 2595; x_wconf 88' lang='lat' dir='ltr'><strong>doctus,</strong></span> 
     </span>
     <span class='ocr_line' id='line_1_43' title="bbox 413 2605 1069 2656; baseline -0.002 -14"><span class='ocrx_word' id='word_1_198' title='bbox 413 2605 640 2656; x_wconf 80' lang='lat' dir='ltr'><strong>improbante</strong></span> <span class='ocrx_word' id='word_1_199' title='bbox 681 2606 944 2655; x_wconf 57' lang='lat' dir='ltr'><strong>li&#39;esselingio,</strong></span> <span class='ocrx_word' id='word_1_200' title='bbox 1009 2607 1069 2654; x_wconf 87' lang='lat' dir='ltr'><strong>qui</strong></span> 
     </span>
     <span class='ocr_line' id='line_1_44' title="bbox 413 2661 1071 2712; baseline 0.002 -15"><span class='ocrx_word' id='word_1_201' title='bbox 413 2662 492 2712; x_wconf 87' lang='lat' dir='ltr'><strong>ipse</strong></span> <span class='ocrx_word' id='word_1_202' title='bbox 520 2675 598 2699; x_wconf 92' lang='lat' dir='ltr'><strong>cum</strong></span> <span class='ocrx_word' id='word_1_203' title='bbox 627 2662 705 2698; x_wconf 85' lang='lat' dir='ltr'><strong>aliis</strong></span> <span class='ocrx_word' id='word_1_204' title='bbox 727 2663 909 2699; x_wconf 85' lang='lat' dir='ltr'><strong>Herodoti</strong></span> <span class='ocrx_word' id='word_1_205' title='bbox 930 2661 1071 2699; x_wconf 75' lang='lat' dir='ltr'><strong>Erida-</strong></span> 
     </span>
     <span class='ocr_line' id='line_1_45' title="bbox 414 2719 1071 2767; baseline 0 -12"><span class='ocrx_word' id='word_1_206' title='bbox 414 2731 519 2764; x_wconf 74' lang='lat' dir='ltr'><strong>num,</strong></span> <span class='ocrx_word' id='word_1_207' title='bbox 550 2730 643 2767; x_wconf 91' lang='lat' dir='ltr'><strong>quae</strong></span> <span class='ocrx_word' id='word_1_208' title='bbox 662 2719 805 2756; x_wconf 84' lang='lat' dir='ltr'><strong>Graeca</strong></span> <span class='ocrx_word' id='word_1_209' title='bbox 827 2720 873 2755; x_wconf 88' lang='lat' dir='ltr'><strong>sit</strong></span> <span class='ocrx_word' id='word_1_210' title='bbox 895 2731 983 2764; x_wconf 81' lang='lat' dir='ltr'><strong>vox,</strong></span> <span class='ocrx_word' id='word_1_211' title='bbox 1014 2732 1071 2755; x_wconf 89' lang='lat' dir='ltr'><strong>re-</strong></span> 
     </span>
     <span class='ocr_line' id='line_1_46' title="bbox 413 2774 1070 2812; baseline -0.002 -1"><span class='ocrx_word' id='word_1_212' title='bbox 413 2774 527 2812; x_wconf 75' lang='lat' dir='ltr'><strong>latum</strong></span> <span class='ocrx_word' id='word_1_213' title='bbox 558 2774 634 2811; x_wconf 88' lang='lat' dir='ltr'><strong>vult</strong></span> <span class='ocrx_word' id='word_1_214' title='bbox 667 2776 716 2812; x_wconf 83' lang='lat' dir='ltr'><strong>ad</strong></span> <span class='ocrx_word' id='word_1_215' title='bbox 745 2775 971 2811; x_wconf 67' lang='lat' dir='ltr'><strong>Rhodanum</strong></span> <span class='ocrx_word' id='word_1_216' title='bbox 1000 2776 1070 2811; x_wconf 89' lang='lat' dir='ltr'><strong>ssu-</strong></span> 
     </span>
     <span class='ocr_line' id='line_1_47' title="bbox 413 2831 1070 2881; baseline 0.002 -13"><span class='ocrx_word' id='word_1_217' title='bbox 413 2832 522 2880; x_wconf 85' lang='lat' dir='ltr'><strong>vium,</strong></span> <span class='ocrx_word' id='word_1_218' title='bbox 552 2832 614 2881; x_wconf 90' lang='lat' dir='ltr'><strong>qui</strong></span> <span class='ocrx_word' id='word_1_219' title='bbox 624 2831 655 2868; x_wconf 88' lang='lat' dir='ltr'>V</span> <span class='ocrx_word' id='word_1_220' title='bbox 659 2831 785 2870; x_wconf 88' lang='lat' dir='ltr'><strong>istulae</strong></span> <span class='ocrx_word' id='word_1_221' title='bbox 806 2832 904 2870; x_wconf 86' lang='lat' dir='ltr'><strong>haud</strong></span> <span class='ocrx_word' id='word_1_222' title='bbox 923 2831 1031 2880; x_wconf 84' lang='lat' dir='ltr'><strong>longe</strong></span> <span class='ocrx_word' id='word_1_223' title='bbox 1049 2844 1070 2869; x_wconf 90' lang='lat' dir='ltr'><strong>a</strong></span> 
     </span>
    </p>
   </div>
   <div class='ocr_carea' id='block_1_6' title="bbox 1125 467 1791 1814">
    <p class='ocr_par' dir='ltr' id='par_1_6' title="bbox 1125 467 1791 1814">
     <span class='ocr_line' id='line_1_48' title="bbox 1126 467 1787 515; baseline 0.002 -11"><span class='ocrx_word' id='word_1_224' title='bbox 1126 467 1283 505; x_wconf 88' lang='lat' dir='ltr'><strong>Gedano</strong></span> <span class='ocrx_word' id='word_1_225' title='bbox 1310 469 1526 515; x_wconf 85' lang='lat' dir='ltr'><strong>misceatur,</strong></span> <span class='ocrx_word' id='word_1_226' title='bbox 1569 467 1630 505; x_wconf 87' lang='lat' dir='ltr'><strong>ubi</strong></span> <span class='ocrx_word' id='word_1_227' title='bbox 1659 468 1787 505; x_wconf 91' lang='lat' dir='ltr'><strong>etiam-</strong></span> 
     </span>
     <span class='ocr_line' id='line_1_49' title="bbox 1125 524 1787 575; baseline 0.002 -15"><span class='ocrx_word' id='word_1_228' title='bbox 1125 536 1212 560; x_wconf 90' lang='lat' dir='ltr'><strong>num</strong></span> <span class='ocrx_word' id='word_1_229' title='bbox 1242 526 1377 561; x_wconf 90' lang='lat' dir='ltr'><strong>succini</strong></span> <span class='ocrx_word' id='word_1_230' title='bbox 1399 537 1532 573; x_wconf 80' lang='lat' dir='ltr'><strong>magna</strong></span> <span class='ocrx_word' id='word_1_231' title='bbox 1552 524 1675 575; x_wconf 90' lang='lat' dir='ltr'><strong>copia,</strong></span> <span class='ocrx_word' id='word_1_232' title='bbox 1713 524 1787 574; x_wconf 61' lang='lat' dir='ltr'><strong>qua</strong></span> 
     </span>
     <span class='ocr_line' id='line_1_50' title="bbox 1126 581 1786 619; baseline 0.003 -4"><span class='ocrx_word' id='word_1_233' title='bbox 1126 581 1273 617; x_wconf 91' lang='lat' dir='ltr'><strong>omnino</strong></span> <span class='ocrx_word' id='word_1_234' title='bbox 1304 581 1471 619; x_wconf 87' lang='lat' dir='ltr'><strong>I&#39;russiae</strong></span> <span class='ocrx_word' id='word_1_235' title='bbox 1505 593 1568 617; x_wconf 85' lang='lat' dir='ltr'><strong>ora</strong></span> <span class='ocrx_word' id='word_1_236' title='bbox 1604 581 1786 617; x_wconf 83' lang='lat' dir='ltr'><strong>maritima</strong></span> 
     </span>
     <span class='ocr_line' id='line_1_51' title="bbox 1127 636 1787 675; baseline 0.003 -3"><span class='ocrx_word' id='word_1_237' title='bbox 1127 636 1300 674; x_wconf 83' lang='lat' dir='ltr'><strong>abundet.</strong></span> <span class='ocrx_word' id='word_1_238' title='bbox 1360 637 1472 675; x_wconf 86' lang='lat' dir='ltr'><strong>Cuius</strong></span> <span class='ocrx_word' id='word_1_239' title='bbox 1515 638 1614 674; x_wconf 72' lang='lat' dir='ltr'><strong>ssmii</strong></span> <span class='ocrx_word' id='word_1_240' title='bbox 1649 649 1787 674; x_wconf 90' lang='lat' dir='ltr'><strong>nomen</strong></span> 
     </span>
     <span class='ocr_line' id='line_1_52' title="bbox 1126 693 1788 743; baseline 0.005 -16"><span class='ocrx_word' id='word_1_241' title='bbox 1126 693 1224 729; x_wconf 90' lang='lat' dir='ltr'><strong>varie</strong></span> <span class='ocrx_word' id='word_1_242' title='bbox 1279 694 1551 743; x_wconf 87' lang='lat' dir='ltr'><strong>pronuntiatum</strong></span> <span class='ocrx_word' id='word_1_243' title='bbox 1600 693 1788 743; x_wconf 85' lang='lat' dir='ltr'><strong>peperisse</strong></span> 
     </span>
     <span class='ocr_line' id='line_1_53' title="bbox 1129 745 1785 800; baseline 0.006 -16"><span class='ocrx_word' id='word_1_244' title='bbox 1129 748 1254 785; x_wconf 87' lang='lat' dir='ltr'><strong>statuit</strong></span> <span class='ocrx_word' id='word_1_245' title='bbox 1321 750 1501 786; x_wconf 80' lang='lat' dir='ltr'><strong>Graecum</strong></span> <span class='ocrx_word' id='word_1_246' title='bbox 1562 745 1785 800; x_wconf 67' lang='grc' dir='ltr'><strong>ἸΙριὸαινόν.</strong></span> 
     </span>
     <span class='ocr_line' id='line_1_54' title="bbox 1130 803 1789 854; baseline 0.005 -15"><span class='ocrx_word' id='word_1_247' title='bbox 1130 803 1412 854; x_wconf 90' lang='lat' dir='ltr'><strong>Wesselingium</strong></span> <span class='ocrx_word' id='word_1_248' title='bbox 1443 808 1555 843; x_wconf 89' lang='lat' dir='ltr'><strong>secuti</strong></span> <span class='ocrx_word' id='word_1_249' title='bbox 1588 811 1671 843; x_wconf 91' lang='lat' dir='ltr'><strong>sunt</strong></span> <span class='ocrx_word' id='word_1_250' title='bbox 1694 805 1789 842; x_wconf 87' lang='lat' dir='ltr'><strong>Lar-</strong></span> 
     </span>
     <span class='ocr_line' id='line_1_55' title="bbox 1129 859 1788 909; baseline 0.006 -14"><span class='ocrx_word' id='word_1_251' title='bbox 1129 859 1256 896; x_wconf 88' lang='lat' dir='ltr'><strong>cherus</strong></span> <span class='ocrx_word' id='word_1_252' title='bbox 1275 861 1311 897; x_wconf 90' lang='lat' dir='ltr'><strong>in</strong></span> <span class='ocrx_word' id='word_1_253' title='bbox 1329 866 1422 898; x_wconf 89' lang='lat' dir='ltr'><strong>nott.</strong></span> <span class='ocrx_word' id='word_1_254' title='bbox 1441 863 1488 898; x_wconf 90' lang='lat' dir='ltr'><strong>ad</strong></span> <span class='ocrx_word' id='word_1_255' title='bbox 1507 862 1539 898; x_wconf 93' lang='lat' dir='ltr'><strong>h.</strong></span> <span class='ocrx_word' id='word_1_256' title='bbox 1556 862 1602 909; x_wconf 92' lang='lat' dir='ltr'><strong>l.‚</strong></span> <span class='ocrx_word' id='word_1_257' title='bbox 1631 862 1788 900; x_wconf 88' lang='lat' dir='ltr'><strong>Rennel.</strong></span> 
     </span>
     <span class='ocr_line' id='line_1_56' title="bbox 1131 914 1787 966; baseline 0.005 -15"><span class='ocrx_word' id='word_1_258' title='bbox 1131 914 1151 951; x_wconf 90' lang='lat' dir='ltr'><strong>I.</strong></span> <span class='ocrx_word' id='word_1_259' title='bbox 1171 915 1192 952; x_wconf 91' lang='lat' dir='ltr'><strong>I.</strong></span> <span class='ocrx_word' id='word_1_260' title='bbox 1219 928 1304 966; x_wconf 87' lang='lat' dir='ltr'><strong>pag.</strong></span> <span class='ocrx_word' id='word_1_261' title='bbox 1327 918 1428 963; x_wconf 87' lang='grc'><strong>397,</strong></span> <span class='ocrx_word' id='word_1_262' title='bbox 1462 917 1573 955; x_wconf 93' lang='lat' dir='ltr'><strong>Italus</strong></span> <span class='ocrx_word' id='word_1_263' title='bbox 1603 918 1787 956; x_wconf 84' lang='lat' dir='ltr'><strong>Herodoti</strong></span> 
     </span>
     <span class='ocr_line' id='line_1_57' title="bbox 1129 971 1785 1021; baseline 0.005 -14"><span class='ocrx_word' id='word_1_264' title='bbox 1129 971 1322 1021; x_wconf 84' lang='lat' dir='ltr'><strong>interpres,</strong></span> <span class='ocrx_word' id='word_1_265' title='bbox 1340 972 1410 1008; x_wconf 91' lang='lat' dir='ltr'><strong>alii.</strong></span> <span class='ocrx_word' id='word_1_266' title='bbox 1447 974 1669 1017; x_wconf 86' lang='lat' dir='ltr'><strong>Quibuscum</strong></span> <span class='ocrx_word' id='word_1_267' title='bbox 1689 975 1785 1012; x_wconf 87' lang='lat' dir='ltr'><strong>conf.</strong></span> 
     </span>
     <span class='ocr_line' id='line_1_58' title="bbox 1129 1027 1788 1079; baseline 0.006 -16"><span class='ocrx_word' id='word_1_268' title='bbox 1129 1027 1155 1063; x_wconf 94' lang='lat' dir='ltr'><strong>I.</strong></span> <span class='ocrx_word' id='word_1_269' title='bbox 1175 1027 1224 1064; x_wconf 89' lang='lat' dir='ltr'><strong>H.</strong></span> <span class='ocrx_word' id='word_1_270' title='bbox 1241 1027 1357 1065; x_wconf 92' lang='lat' dir='ltr'><strong>Vossii</strong></span> <span class='ocrx_word' id='word_1_271' title='bbox 1380 1029 1564 1079; x_wconf 87' lang='lat' dir='ltr'><strong>disputata</strong></span> <span class='ocrx_word' id='word_1_272' title='bbox 1583 1031 1641 1067; x_wconf 88' lang='lat' dir='ltr'><strong>in:</strong></span> <span class='ocrx_word' id='word_1_273' title='bbox 1668 1030 1788 1067; x_wconf 82' lang='lat' dir='ltr'><strong>welt-</strong></span> 
     </span>
     <span class='ocr_line' id='line_1_59' title="bbox 1128 1083 1787 1137; baseline 0.008 -18"><span class='ocrx_word' id='word_1_274' title='bbox 1128 1084 1253 1121; x_wconf 89' lang='lat' dir='ltr'><strong>kunde</strong></span> <span class='ocrx_word' id='word_1_275' title='bbox 1285 1084 1322 1120; x_wconf 91' lang='lat' dir='ltr'><strong>d.</strong></span> <span class='ocrx_word' id='word_1_276' title='bbox 1354 1083 1476 1122; x_wconf 87' lang='lat' dir='ltr'><strong>Alten.</strong></span> <span class='ocrx_word' id='word_1_277' title='bbox 1511 1084 1787 1137; x_wconf 82' lang='lat' dir='ltr'><strong>(Ephemeridd.</strong></span> 
     </span>
     <span class='ocr_line' id='line_1_60' title="bbox 1127 1140 1787 1192; baseline 0.006 -15"><span class='ocrx_word' id='word_1_278' title='bbox 1127 1140 1288 1178; x_wconf 87' lang='lat' dir='ltr'><strong>lenenss.</strong></span> <span class='ocrx_word' id='word_1_279' title='bbox 1307 1142 1432 1189; x_wconf 73' lang='lat'>1804)</span> <span class='ocrx_word' id='word_1_280' title='bbox 1453 1154 1539 1192; x_wconf 87' lang='lat' dir='ltr'><strong>pag.</strong></span> <span class='ocrx_word' id='word_1_281' title='bbox 1560 1142 1684 1179; x_wconf 87' lang='lat' dir='ltr'>XXXI</span> <span class='ocrx_word' id='word_1_282' title='bbox 1704 1155 1787 1192; x_wconf 88' lang='lat' dir='ltr'><strong>sqq.</strong></span> 
     </span>
     <span class='ocr_line' id='line_1_61' title="bbox 1127 1194 1786 1237; baseline 0.005 -4"><span class='ocrx_word' id='word_1_283' title='bbox 1127 1194 1171 1233; x_wconf 83' lang='lat' dir='ltr'><strong>A.</strong></span> <span class='ocrx_word' id='word_1_284' title='bbox 1190 1197 1234 1233; x_wconf 91' lang='grc' dir='ltr'><strong>Β.</strong></span> <span class='ocrx_word' id='word_1_285' title='bbox 1257 1197 1449 1236; x_wconf 77' lang='lat' dir='ltr'><strong>wilhelm:</strong></span> <span class='ocrx_word' id='word_1_286' title='bbox 1489 1199 1688 1237; x_wconf 87' lang='lat' dir='ltr'><strong>Germania</strong></span> <span class='ocrx_word' id='word_1_287' title='bbox 1719 1205 1786 1237; x_wconf 88' lang='lat' dir='ltr'><strong>etc.</strong></span> 
     </span>
     <span class='ocr_line' id='line_1_62' title="bbox 1128 1254 1789 1304; baseline 0.008 -16"><span class='ocrx_word' id='word_1_288' title='bbox 1128 1265 1213 1303; x_wconf 85' lang='lat' dir='ltr'><strong>pag.</strong></span> <span class='ocrx_word' id='word_1_289' title='bbox 1226 1256 1292 1295; x_wconf 86' lang='lat'><strong>81.</strong></span> <span class='ocrx_word' id='word_1_290' title='bbox 1324 1254 1471 1304; x_wconf 85' lang='lat' dir='ltr'><strong>Dilthey</strong></span> <span class='ocrx_word' id='word_1_291' title='bbox 1489 1256 1526 1292; x_wconf 91' lang='lat' dir='ltr'><strong>in</strong></span> <span class='ocrx_word' id='word_1_292' title='bbox 1544 1261 1634 1293; x_wconf 90' lang='lat' dir='ltr'><strong>nott.</strong></span> <span class='ocrx_word' id='word_1_293' title='bbox 1652 1256 1700 1292; x_wconf 88' lang='lat' dir='ltr'><strong>ad</strong></span> <span class='ocrx_word' id='word_1_294' title='bbox 1711 1256 1789 1293; x_wconf 90' lang='lat' dir='ltr'><strong>Ta-</strong></span> 
     </span>
     <span class='ocr_line' id='line_1_63' title="bbox 1127 1310 1789 1363; baseline 0.003 -16"><span class='ocrx_word' id='word_1_295' title='bbox 1127 1310 1189 1347; x_wconf 88' lang='lat' dir='ltr'><strong>citi</strong></span> <span class='ocrx_word' id='word_1_296' title='bbox 1219 1310 1391 1348; x_wconf 91' lang='lat' dir='ltr'><strong>German.</strong></span> <span class='ocrx_word' id='word_1_297' title='bbox 1420 1312 1474 1352; x_wconf 85' lang='lat'><strong>45</strong></span> <span class='ocrx_word' id='word_1_298' title='bbox 1502 1325 1589 1363; x_wconf 87' lang='lat' dir='ltr'><strong>pag.</strong></span> <span class='ocrx_word' id='word_1_299' title='bbox 1608 1314 1686 1352; x_wconf 85' lang='grc'><strong>291</strong></span> <span class='ocrx_word' id='word_1_300' title='bbox 1710 1325 1789 1362; x_wconf 88' lang='lat' dir='ltr'><strong>seq.</strong></span> 
     </span>
     <span class='ocr_line' id='line_1_64' title="bbox 1128 1367 1789 1418; baseline 0.003 -14"><span class='ocrx_word' id='word_1_301' title='bbox 1128 1367 1209 1404; x_wconf 91' lang='lat' dir='ltr'><strong>etin</strong></span> <span class='ocrx_word' id='word_1_302' title='bbox 1226 1367 1421 1417; x_wconf 88' lang='lat' dir='ltr'><strong>scriptione</strong></span> <span class='ocrx_word' id='word_1_303' title='bbox 1433 1369 1605 1418; x_wconf 86' lang='lat' dir='ltr'><strong>peculiari</strong></span> <span class='ocrx_word' id='word_1_304' title='bbox 1624 1369 1670 1406; x_wconf 90' lang='lat' dir='ltr'><strong>de</strong></span> <span class='ocrx_word' id='word_1_305' title='bbox 1682 1368 1789 1406; x_wconf 86' lang='lat' dir='ltr'><strong>Elec·</strong></span> 
     </span>
     <span class='ocr_line' id='line_1_65' title="bbox 1128 1423 1789 1476; baseline 0.006 -17"><span class='ocrx_word' id='word_1_306' title='bbox 1128 1427 1186 1460; x_wconf 87' lang='lat' dir='ltr'><strong>tro</strong></span> <span class='ocrx_word' id='word_1_307' title='bbox 1215 1426 1252 1460; x_wconf 86' lang='lat' dir='ltr'><strong>et</strong></span> <span class='ocrx_word' id='word_1_308' title='bbox 1272 1423 1461 1471; x_wconf 89' lang='lat' dir='ltr'><strong>Eridano,</strong></span> <span class='ocrx_word' id='word_1_309' title='bbox 1517 1438 1612 1475; x_wconf 87' lang='lat' dir='ltr'><strong>quae</strong></span> <span class='ocrx_word' id='word_1_310' title='bbox 1651 1425 1789 1476; x_wconf 89' lang='lat' dir='ltr'><strong>prodiit</strong></span> 
     </span>
     <span class='ocr_line' id='line_1_66' title="bbox 1127 1478 1789 1522; baseline 0.003 -6"><span class='ocrx_word' id='word_1_311' title='bbox 1127 1478 1338 1517; x_wconf 89' lang='lat' dir='ltr'><strong>Darmstad.</strong></span> <span class='ocrx_word' id='word_1_312' title='bbox 1354 1482 1471 1522; x_wconf 88' lang='lat'>1824-</span> <span class='ocrx_word' id='word_1_313' title='bbox 1493 1481 1789 1520; x_wconf 86' lang='lat' dir='ltr'><strong>Heeren.1deen.</strong></span> 
     </span>
     <span class='ocr_line' id='line_1_67' title="bbox 1128 1536 1790 1589; baseline 0.005 -17"><span class='ocrx_word' id='word_1_314' title='bbox 1128 1536 1158 1581; x_wconf 93' lang='lat' dir='ltr'><strong>I,</strong></span> <span class='ocrx_word' id='word_1_315' title='bbox 1178 1540 1203 1577; x_wconf 91' lang='grc'>2</span> <span class='ocrx_word' id='word_1_316' title='bbox 1224 1549 1310 1586; x_wconf 86' lang='lat' dir='ltr'><strong>pag.</strong></span> <span class='ocrx_word' id='word_1_317' title='bbox 1327 1538 1470 1578; x_wconf 87' lang='lat'><strong>70.71.</strong></span> <span class='ocrx_word' id='word_1_318' title='bbox 1493 1537 1540 1585; x_wconf 90' lang='lat' dir='ltr'><strong>II,</strong></span> <span class='ocrx_word' id='word_1_319' title='bbox 1563 1542 1582 1579; x_wconf 86' lang='lat'>1</span> <span class='ocrx_word' id='word_1_320' title='bbox 1601 1551 1685 1589; x_wconf 88' lang='lat' dir='ltr'><strong>pag.</strong></span> <span class='ocrx_word' id='word_1_321' title='bbox 1700 1540 1790 1579; x_wconf 89' lang='lat'><strong>178.</strong></span> 
     </span>
     <span class='ocr_line' id='line_1_68' title="bbox 1129 1592 1789 1644; baseline 0.003 -14"><span class='ocrx_word' id='word_1_322' title='bbox 1129 1592 1290 1641; x_wconf 89' lang='lat' dir='ltr'><strong>Dilthey.</strong></span> <span class='ocrx_word' id='word_1_323' title='bbox 1322 1592 1344 1629; x_wconf 88' lang='lat' dir='ltr'><strong>l.</strong></span> <span class='ocrx_word' id='word_1_324' title='bbox 1366 1592 1389 1629; x_wconf 89' lang='lat' dir='ltr'><strong>l.</strong></span> <span class='ocrx_word' id='word_1_325' title='bbox 1416 1606 1503 1644; x_wconf 86' lang='lat' dir='ltr'><strong>pag.</strong></span> <span class='ocrx_word' id='word_1_326' title='bbox 1526 1597 1575 1635; x_wconf 88' lang='grc'><strong>17</strong></span> <span class='ocrx_word' id='word_1_327' title='bbox 1606 1595 1789 1632; x_wconf 86' lang='lat' dir='ltr'><strong>Herodoti</strong></span> 
     </span>
     <span class='ocr_line' id='line_1_69' title="bbox 1129 1648 1790 1688; baseline 0.005 -3"><span class='ocrx_word' id='word_1_328' title='bbox 1129 1648 1246 1686; x_wconf 92' lang='lat' dir='ltr'><strong>Iocum</strong></span> <span class='ocrx_word' id='word_1_329' title='bbox 1270 1649 1317 1686; x_wconf 92' lang='lat' dir='ltr'><strong>ad</strong></span> <span class='ocrx_word' id='word_1_330' title='bbox 1346 1653 1461 1687; x_wconf 87' lang='lat' dir='ltr'><strong>totam</strong></span> <span class='ocrx_word' id='word_1_331' title='bbox 1488 1663 1563 1688; x_wconf 92' lang='lat' dir='ltr'><strong>rem</strong></span> <span class='ocrx_word' id='word_1_332' title='bbox 1583 1651 1790 1688; x_wconf 87' lang='lat' dir='ltr'><strong>diiudican-</strong></span> 
     </span>
     <span class='ocr_line' id='line_1_70' title="bbox 1131 1705 1788 1756; baseline 0.006 -15"><span class='ocrx_word' id='word_1_333' title='bbox 1131 1705 1215 1742; x_wconf 86' lang='lat' dir='ltr'><strong>dam</strong></span> <span class='ocrx_word' id='word_1_334' title='bbox 1247 1705 1322 1743; x_wconf 86' lang='lat' dir='ltr'><strong>iure</strong></span> <span class='ocrx_word' id='word_1_335' title='bbox 1359 1710 1486 1744; x_wconf 89' lang='lat' dir='ltr'><strong>censet</strong></span> <span class='ocrx_word' id='word_1_336' title='bbox 1524 1707 1788 1756; x_wconf 85' lang='lat' dir='ltr'><strong>gravissimum,</strong></span> 
     </span>
     <span class='ocr_line' id='line_1_71' title="bbox 1130 1762 1791 1814; baseline 0.006 -17"><span class='ocrx_word' id='word_1_337' title='bbox 1130 1762 1267 1812; x_wconf 89' lang='lat' dir='ltr'><strong>quippe</strong></span> <span class='ocrx_word' id='word_1_338' title='bbox 1297 1774 1341 1800; x_wconf 87' lang='lat' dir='ltr'><strong>ex</strong></span> <span class='ocrx_word' id='word_1_339' title='bbox 1369 1775 1442 1812; x_wconf 93' lang='lat' dir='ltr'><strong>quo</strong></span> <span class='ocrx_word' id='word_1_340' title='bbox 1468 1768 1614 1814; x_wconf 86' lang='lat' dir='ltr'><strong>pateat,</strong></span> <span class='ocrx_word' id='word_1_341' title='bbox 1659 1764 1791 1801; x_wconf 89' lang='lat' dir='ltr'><strong>Erida-</strong></span> 
     </span>
    </p>
   </div>
   <div class='ocr_carea' id='block_1_7' title="bbox 1129 1819 1849 1868">
    <p class='ocr_par' dir='ltr' id='par_1_7' title="bbox 1129 1819 1849 1868">
     <span class='ocr_line' id='line_1_72' title="bbox 1129 1819 1849 1868; baseline 0.007 -14"><span class='ocrx_word' id='word_1_342' title='bbox 1129 1831 1216 1854; x_wconf 91' lang='lat' dir='ltr'><strong>num</strong></span> <span class='ocrx_word' id='word_1_343' title='bbox 1239 1831 1282 1855; x_wconf 84' lang='lat' dir='ltr'><strong>ex</strong></span> <span class='ocrx_word' id='word_1_344' title='bbox 1302 1819 1545 1868; x_wconf 91' lang='lat' dir='ltr'><strong>antiquiorum</strong></span> <span class='ocrx_word' id='word_1_345' title='bbox 1565 1821 1790 1858; x_wconf 88' lang='lat' dir='ltr'><strong>Graecorum</strong></span> <span class='ocrx_word' id='word_1_346' title='bbox 1847 1837 1849 1839; x_wconf 94' lang='lat'>·</span> 
     </span>
    </p>
   </div>
   <div class='ocr_carea' id='block_1_8' title="bbox 1126 1875 1797 2883">
    <p class='ocr_par' dir='ltr' id='par_1_8' title="bbox 1126 1875 1797 2883">
     <span class='ocr_line' id='line_1_73' title="bbox 1129 1875 1790 1927; baseline 0.003 -14"><span class='ocrx_word' id='word_1_347' title='bbox 1129 1875 1315 1913; x_wconf 87' lang='lat' dir='ltr'><strong>sententia</strong></span> <span class='ocrx_word' id='word_1_348' title='bbox 1355 1876 1392 1911; x_wconf 90' lang='lat' dir='ltr'><strong>in</strong></span> <span class='ocrx_word' id='word_1_349' title='bbox 1424 1878 1594 1914; x_wconf 88' lang='lat' dir='ltr'><strong>extremis</strong></span> <span class='ocrx_word' id='word_1_350' title='bbox 1619 1877 1790 1927; x_wconf 90' lang='lat' dir='ltr'><strong>Europae</strong></span> 
     </span>
     <span class='ocr_line' id='line_1_74' title="bbox 1128 1931 1789 1982; baseline 0.006 -15"><span class='ocrx_word' id='word_1_351' title='bbox 1128 1931 1259 1968; x_wconf 89' lang='lat' dir='ltr'><strong>finibus</strong></span> <span class='ocrx_word' id='word_1_352' title='bbox 1287 1931 1336 1968; x_wconf 89' lang='lat' dir='ltr'><strong>ad</strong></span> <span class='ocrx_word' id='word_1_353' title='bbox 1356 1934 1641 1982; x_wconf 85' lang='lat' dir='ltr'><strong>septentrionem</strong></span> <span class='ocrx_word' id='word_1_354' title='bbox 1664 1946 1789 1971; x_wconf 82' lang='lat' dir='ltr'><strong>versus</strong></span> 
     </span>
     <span class='ocr_line' id='line_1_75' title="bbox 1127 1988 1789 2034; baseline 0.006 -10"><span class='ocrx_word' id='word_1_355' title='bbox 1127 1988 1250 2034; x_wconf 87' lang='lat' dir='ltr'><strong>fuisse,</strong></span> <span class='ocrx_word' id='word_1_356' title='bbox 1279 1988 1377 2025; x_wconf 92' lang='lat' dir='ltr'><strong>unde</strong></span> <span class='ocrx_word' id='word_1_357' title='bbox 1398 1988 1572 2027; x_wconf 75' lang='lat' dir='ltr'><strong>electrum</strong></span> <span class='ocrx_word' id='word_1_358' title='bbox 1589 1991 1789 2028; x_wconf 86' lang='lat' dir='ltr'><strong>advehere-</strong></span> 
     </span>
     <span class='ocr_line' id='line_1_76' title="bbox 1126 2044 1788 2096; baseline 0.005 -15"><span class='ocrx_word' id='word_1_359' title='bbox 1126 2048 1197 2081; x_wconf 82' lang='lat' dir='ltr'><strong>tur.</strong></span> <span class='ocrx_word' id='word_1_360' title='bbox 1230 2044 1303 2088; x_wconf 88' lang='lat' dir='ltr'><strong>Qui</strong></span> <span class='ocrx_word' id='word_1_361' title='bbox 1323 2045 1451 2081; x_wconf 82' lang='lat' dir='ltr'><strong>fluvius</strong></span> <span class='ocrx_word' id='word_1_362' title='bbox 1467 2058 1594 2096; x_wconf 89' lang='lat' dir='ltr'><strong>parum</strong></span> <span class='ocrx_word' id='word_1_363' title='bbox 1619 2047 1788 2096; x_wconf 85' lang='lat' dir='ltr'><strong>cognitus</strong></span> 
     </span>
     <span class='ocr_line' id='line_1_77' title="bbox 1128 2102 1787 2154; baseline 0.002 -16"><span class='ocrx_word' id='word_1_364' title='bbox 1128 2114 1206 2138; x_wconf 91' lang='lat' dir='ltr'><strong>cum</strong></span> <span class='ocrx_word' id='word_1_365' title='bbox 1235 2113 1257 2137; x_wconf 93' lang='lat' dir='ltr'><strong>a</strong></span> <span class='ocrx_word' id='word_1_366' title='bbox 1286 2102 1483 2138; x_wconf 78' lang='lat' dir='ltr'><strong>serim-ibus</strong></span> <span class='ocrx_word' id='word_1_367' title='bbox 1509 2116 1700 2153; x_wconf 90' lang='lat' dir='ltr'><strong>perperam</strong></span> <span class='ocrx_word' id='word_1_368' title='bbox 1721 2115 1787 2154; x_wconf 91' lang='lat' dir='ltr'><strong>pro</strong></span> 
     </span>
     <span class='ocr_line' id='line_1_78' title="bbox 1127 2156 1788 2209; baseline 0.005 -16"><span class='ocrx_word' id='word_1_369' title='bbox 1127 2156 1231 2193; x_wconf 87' lang='lat' dir='ltr'><strong>Pado</strong></span> <span class='ocrx_word' id='word_1_370' title='bbox 1256 2156 1471 2205; x_wconf 70' lang='lat' dir='ltr'><strong>haberetur,</strong></span> <span class='ocrx_word' id='word_1_371' title='bbox 1512 2159 1708 2209; x_wconf 90' lang='lat' dir='ltr'><strong>multisque</strong></span> <span class='ocrx_word' id='word_1_372' title='bbox 1732 2160 1788 2196; x_wconf 87' lang='lat' dir='ltr'><strong>fa-</strong></span> 
     </span>
     <span class='ocr_line' id='line_1_79' title="bbox 1127 2213 1787 2266; baseline 0.002 -16"><span class='ocrx_word' id='word_1_373' title='bbox 1127 2213 1220 2250; x_wconf 89' lang='lat' dir='ltr'><strong>bulis</strong></span> <span class='ocrx_word' id='word_1_374' title='bbox 1237 2213 1327 2251; x_wconf 94' lang='lat' dir='ltr'><strong>haec</strong></span> <span class='ocrx_word' id='word_1_375' title='bbox 1344 2227 1403 2252; x_wconf 91' lang='lat' dir='ltr'><strong>res</strong></span> <span class='ocrx_word' id='word_1_376' title='bbox 1426 2220 1680 2262; x_wconf 86' lang='lat' dir='ltr'><strong>exornaretur,</strong></span> <span class='ocrx_word' id='word_1_377' title='bbox 1700 2228 1787 2266; x_wconf 86' lang='lat' dir='ltr'><strong>pro-</strong></span> 
     </span>
     <span class='ocr_line' id='line_1_80' title="bbox 1127 2269 1787 2320; baseline 0.003 -14"><span class='ocrx_word' id='word_1_378' title='bbox 1127 2269 1280 2307; x_wconf 90' lang='lat' dir='ltr'><strong>babilius</strong></span> <span class='ocrx_word' id='word_1_379' title='bbox 1308 2271 1452 2308; x_wconf 86' lang='lat' dir='ltr'><strong>videtur</strong></span> <span class='ocrx_word' id='word_1_380' title='bbox 1480 2271 1674 2320; x_wconf 89' lang='lat' dir='ltr'><strong>Diltheyo,</strong></span> <span class='ocrx_word' id='word_1_381' title='bbox 1730 2271 1787 2308; x_wconf 57' lang='lat'><strong>12·-</strong></span> 
     </span>
     <span class='ocr_line' id='line_1_81' title="bbox 1127 2326 1787 2366; baseline 0.006 -4"><span class='ocrx_word' id='word_1_382' title='bbox 1127 2326 1259 2362; x_wconf 82' lang='lat' dir='ltr'><strong>siulam</strong></span> <span class='ocrx_word' id='word_1_383' title='bbox 1282 2326 1432 2363; x_wconf 88' lang='lat' dir='ltr'><strong>Eridani</strong></span> <span class='ocrx_word' id='word_1_384' title='bbox 1452 2327 1598 2365; x_wconf 88' lang='lat' dir='ltr'><strong>nomine</strong></span> <span class='ocrx_word' id='word_1_385' title='bbox 1627 2328 1787 2366; x_wconf 87' lang='lat' dir='ltr'><strong>celebra-</strong></span> 
     </span>
     <span class='ocr_line' id='line_1_82' title="bbox 1128 2383 1785 2432; baseline 0.003 -13"><span class='ocrx_word' id='word_1_386' title='bbox 1128 2387 1204 2420; x_wconf 91' lang='lat' dir='ltr'><strong>tam</strong></span> <span class='ocrx_word' id='word_1_387' title='bbox 1237 2395 1316 2420; x_wconf 90' lang='lat' dir='ltr'><strong>esse</strong></span> <span class='ocrx_word' id='word_1_388' title='bbox 1347 2383 1450 2432; x_wconf 85' lang='lat' dir='ltr'><strong>(pag.</strong></span> <span class='ocrx_word' id='word_1_389' title='bbox 1476 2384 1570 2430; x_wconf 88' lang='grc'>22),</span> <span class='ocrx_word' id='word_1_390' title='bbox 1610 2385 1657 2421; x_wconf 87' lang='lat' dir='ltr'><strong>ad</strong></span> <span class='ocrx_word' id='word_1_391' title='bbox 1687 2386 1785 2422; x_wconf 88' lang='lat' dir='ltr'><strong>cuius</strong></span> 
     </span>
     <span class='ocr_line' id='line_1_83' title="bbox 1129 2439 1786 2491; baseline 0.006 -17"><span class='ocrx_word' id='word_1_392' title='bbox 1129 2439 1221 2475; x_wconf 86' lang='lat' dir='ltr'><strong>ostia</strong></span> <span class='ocrx_word' id='word_1_393' title='bbox 1249 2451 1379 2488; x_wconf 79' lang='lat' dir='ltr'><strong>nempe</strong></span> <span class='ocrx_word' id='word_1_394' title='bbox 1406 2451 1492 2476; x_wconf 75' lang='lat' dir='ltr'><strong>vera</strong></span> <span class='ocrx_word' id='word_1_395' title='bbox 1521 2439 1642 2477; x_wconf 89' lang='lat' dir='ltr'><strong>electri</strong></span> <span class='ocrx_word' id='word_1_396' title='bbox 1669 2442 1786 2491; x_wconf 87' lang='lat' dir='ltr'><strong>patria</strong></span> 
     </span>
     <span class='ocr_line' id='line_1_84' title="bbox 1128 2494 1787 2543; baseline 0.008 -13"><span class='ocrx_word' id='word_1_397' title='bbox 1128 2494 1352 2540; x_wconf 76' lang='lat' dir='ltr'><strong>inveniatur,</strong></span> <span class='ocrx_word' id='word_1_398' title='bbox 1394 2508 1512 2543; x_wconf 83' lang='lat' dir='ltr'><strong>quae,</strong></span> <span class='ocrx_word' id='word_1_399' title='bbox 1553 2497 1669 2534; x_wconf 86' lang='lat' dir='ltr'><strong>missis</strong></span> <span class='ocrx_word' id='word_1_400' title='bbox 1697 2497 1787 2535; x_wconf 84' lang='lat' dir='ltr'><strong>alio·</strong></span> 
     </span>
     <span class='ocr_line' id='line_1_85' title="bbox 1127 2551 1787 2596; baseline 0.008 -10"><span class='ocrx_word' id='word_1_401' title='bbox 1127 2563 1206 2587; x_wconf 89' lang='lat' dir='ltr'><strong>rum</strong></span> <span class='ocrx_word' id='word_1_402' title='bbox 1226 2551 1367 2596; x_wconf 75' lang='lat' dir='ltr'><strong>fabulis,</strong></span> <span class='ocrx_word' id='word_1_403' title='bbox 1384 2551 1419 2587; x_wconf 92' lang='lat' dir='ltr'><strong>in</strong></span> <span class='ocrx_word' id='word_1_404' title='bbox 1438 2553 1526 2588; x_wconf 87' lang='lat' dir='ltr'><strong>mari</strong></span> <span class='ocrx_word' id='word_1_405' title='bbox 1539 2552 1678 2591; x_wconf 81' lang='lat' dir='ltr'><strong>Baltico</strong></span> <span class='ocrx_word' id='word_1_406' title='bbox 1690 2555 1787 2592; x_wconf 88' lang='lat' dir='ltr'><strong>eius·</strong></span> 
     </span>
     <span class='ocr_line' id='line_1_86' title="bbox 1128 2607 1787 2660; baseline 0.008 -18"><span class='ocrx_word' id='word_1_407' title='bbox 1128 2619 1200 2655; x_wconf 92' lang='lat' dir='ltr'><strong>que</strong></span> <span class='ocrx_word' id='word_1_408' title='bbox 1220 2607 1291 2642; x_wconf 88' lang='lat' dir='ltr'><strong>oris</strong></span> <span class='ocrx_word' id='word_1_409' title='bbox 1315 2607 1362 2643; x_wconf 89' lang='lat' dir='ltr'><strong>sit</strong></span> <span class='ocrx_word' id='word_1_410' title='bbox 1389 2609 1611 2655; x_wconf 80' lang='lat' dir='ltr'><strong>quaerenda.</strong></span> <span class='ocrx_word' id='word_1_411' title='bbox 1670 2610 1787 2660; x_wconf 86' lang='lat' dir='ltr'><strong>Equi-</strong></span> 
     </span>
     <span class='ocr_line' id='line_1_87' title="bbox 1127 2662 1786 2704; baseline 0.008 -5"><span class='ocrx_word' id='word_1_412' title='bbox 1127 2663 1264 2700; x_wconf 86' lang='lat' dir='ltr'><strong>demut</strong></span> <span class='ocrx_word' id='word_1_413' title='bbox 1286 2662 1485 2700; x_wconf 86' lang='lat' dir='ltr'><strong>Eridanum</strong></span> <span class='ocrx_word' id='word_1_414' title='bbox 1509 2666 1656 2703; x_wconf 79' lang='lat' dir='ltr'><strong>fluvium</strong></span> <span class='ocrx_word' id='word_1_415' title='bbox 1681 2667 1786 2704; x_wconf 87' lang='lat' dir='ltr'><strong>sabu-</strong></span> 
     </span>
     <span class='ocr_line' id='line_1_88' title="bbox 1127 2719 1797 2772; baseline 0.007 -17"><span class='ocrx_word' id='word_1_416' title='bbox 1127 2719 1167 2755; x_wconf 85' lang='lat' dir='ltr'><strong>lis</strong></span> <span class='ocrx_word' id='word_1_417' title='bbox 1189 2723 1379 2768; x_wconf 85' lang='lat' dir='ltr'><strong>poetarum</strong></span> <span class='ocrx_word' id='word_1_418' title='bbox 1408 2719 1565 2759; x_wconf 78' lang='lat' dir='ltr'><strong>sollertia</strong></span> <span class='ocrx_word' id='word_1_419' title='bbox 1589 2723 1797 2772; x_wconf 68' lang='lat' dir='ltr'><strong>postmodo</strong></span> 
     </span>
     <span class='ocr_line' id='line_1_89' title="bbox 1127 2775 1787 2825; baseline 0.006 -14"><span class='ocrx_word' id='word_1_420' title='bbox 1127 2775 1321 2825; x_wconf 82' lang='lat' dir='ltr'><strong>praecipue</strong></span> <span class='ocrx_word' id='word_1_421' title='bbox 1351 2775 1541 2814; x_wconf 83' lang='lat' dir='ltr'><strong>celebratis</strong></span> <span class='ocrx_word' id='word_1_422' title='bbox 1574 2779 1787 2817; x_wconf 86' lang='lat' dir='ltr'><strong>adscriben-</strong></span> 
     </span>
     <span class='ocr_line' id='line_1_90' title="bbox 1128 2832 1786 2883; baseline 0.006 -15"><span class='ocrx_word' id='word_1_423' title='bbox 1128 2832 1216 2869; x_wconf 83' lang='lat' dir='ltr'><strong>dum</strong></span> <span class='ocrx_word' id='word_1_424' title='bbox 1238 2843 1317 2869; x_wconf 86' lang='lat' dir='ltr'><strong>esse</strong></span> <span class='ocrx_word' id='word_1_425' title='bbox 1341 2845 1556 2882; x_wconf 85' lang='lat' dir='ltr'><strong>persuasum</strong></span> <span class='ocrx_word' id='word_1_426' title='bbox 1579 2834 1709 2883; x_wconf 86' lang='lat' dir='ltr'><strong>habeo,</strong></span> <span class='ocrx_word' id='word_1_427' title='bbox 1736 2836 1786 2872; x_wconf 81' lang='lat' dir='ltr'><strong>ita</strong></span> 
     </span>
    </p>
   </div>
  </div>
 </body>
</html>
