1863 3256
309 1494 311 1497 Ι
365 1451 490 1488 Barca
502 1464 514 1495 ;

424 180 506 221 56⁰

395 288 514 334 Ξοῖπὸ
544 293 633 333 τῶν
662 290 925 345 Κυρηναίων
961 289 1064 336 τοὺς
1091 288 1268 342 Λίβυας.

816 180 1279 220 HERODOTI

1328 288 1453 331 Μετὰ
1483 289 1550 338 δὲ,
1588 288 1677 343 Ἀρ-

423 362 622 411 κεσίλεως
671 360 713 410 ἐς
752 358 856 407 τούς
897 356 1243 410 ὑποδεξαμένους
1278 372 1321 398 τε
1355 359 1443 398 τῶν
1483 359 1732 414 Λιβύων,75

424 432 496 474 καὶ
526 428 798 476 ἀποστάντας
826 425 931 477 τούς
960 427 1120 478 αὐτοὺς
1145 426 1349 476 τούτους,
1381 427 1676 480 ἐστρατεύετο·

424 503 467 543 οἱ
487 501 531 542 ὁὲ
550 502 705 554 Λίβυες
726 499 939 547 δείσαντες
958 496 1105 550 αὐτόν,
1128 500 1297 553 οἴχοντο
1318 495 1549 551 φεύγοντες
1567 498 1676 550 πρὸς

396 570 529 619 3τοὺς
563 567 715 623 ἠοίους
741 571 830 610 τῶν
858 567 1050 623 Λιβύων.

1111 567 1134 611 ὁ
1168 568 1213 611 ὸὲ
1239 565 1509 619 Ἀρκεσίλεως
1539 569 1677 611 εἵπετο

426 639 657 696 φεύγουσι·
683 637 724 688 ἐς
743 632 797 680 οὗ
817 638 862 681 ἐν
873 641 1067 683 Λεύκωνί
1087 656 1129 682 τε
1147 636 1394 694 τῆς-Λιβύης
1414 638 1570 693 ἐγίνετο
1590 636 1676 679 ἐπι-

394 708 611 757 4διώκων,
630 709 702 751 καὶ
725 709 840 761 ἔδοξε
863 717 974 754 τοῖσι
991 714 1148 766 Λίβυσι
1171 708 1399 753 ἐπιθέσθαι
1420 710 1473 750 οἱ.
1507 710 1672 762 συμβα-
1689 713 1734 746 80

424 779 573 830 λόντες
603 778 648 822 ὁὲ
674 779 876 835 ἐνίκησαν
902 780 1005 830 τοὺς
1024 781 1305 833 Κυρηναίους
1330 781 1537 826 τοσοῦτο,
1571 776 1679 819 ὥστε

422 849 765 905 ἑπτακισχιλίους
795 850 971 900 ὁπλίτας
990 852 1255 904 Κυρηναίων
1280 849 1471 891 ἐνθαῦτα
1501 848 1678 892 πεσέειν.

396 919 530 975 ὅμετεέ
563 920 608 963 δὲ
635 921 683 964 τὸ
709 926 859 977 τρῶμα
883 926 1012 964 τοῦτο
1029 954 1039 972 ,
1063 920 1339 975 Ἀρκεσίλεων
1359 919 1438 974 μὲν
1459 916 1680 971 κάμνοντά

423 1008 466 1035 τε
484 992 556 1035 καὶ
578 992 810 1047 φάρμακον
831 991 1057 1035 πεπωκότα
1078 991 1101 1036 ὁ
1128 990 1334 1047 ἀδελφεὸς
1354 989 1547 1044 Λέαρχος
1573 986 1678 1030 ἀπο-

366 1175 443 1217 tur3
478 1172 515 1208 in
541 1183 650 1220 quam
675 1169 800 1208 urbem
821 1174 1022 1209 mercatura

366 1240 451 1265 mox
470 1229 657 1264 florentem
679 1227 854 1276 plerique,
885 1233 923 1264 ut
944 1229 1022 1265 fieri

368 1283 482 1330 solet,
522 1284 655 1320 Barces
679 1283 816 1320 incolae
835 1297 873 1321 se
893 1289 1019 1320 contu-

366 1340 495 1377 lerunt.
532 1340 702 1376 Attamen
723 1339 841 1376 adhue
859 1341 954 1377 omni
971 1340 1020 1376 illi

367 1408 453 1432 orae
476 1397 681 1444 tractuique
703 1397 873 1432 remansit
888 1409 1020 1433 nomen

564 1451 798 1488 ptolemaidis
835 1453 870 1488 in
905 1452 1021 1489 locum

366 1509 474 1544 cessit
510 1508 606 1546 vicus
647 1507 843 1555 Tolometa3
910 1509 1021 1558 ipsius

366 1564 524 1609 Barces,
579 1575 674 1612 quae
708 1563 889 1600 Herodoti
926 1569 1022 1603 certe

367 1623 489 1656 aetate
508 1619 625 1656 adhuc
646 1620 790 1656 stetisse
803 1621 946 1657 videtur
964 1621 1021 1657 in-

366 1681 493 1724 tegra,
544 1677 678 1713 rudera
717 1689 802 1712 num
839 1676 1021 1726 hodieque

367 1736 510 1769 exstent
549 1745 615 1769 nec
651 1744 721 1778 ne,
769 1733 903 1769 dudum
941 1747 1021 1771 cum

367 1789 610 1838 disceptatum
641 1791 737 1824 esset
771 1790 865 1826 inter
895 1789 1020 1826 doctos

365 1845 462 1880 viros
500 1845 621 1891 (conf.
654 1844 790 1892 'shrige
821 1844 843 1881 l.
873 1845 894 1882 l.
933 1859 1021 1896 pag.

369 1901 448 1939 159
463 1901 647 1948 —162),
687 1913 804 1950 nuper
826 1902 1022 1939 admodum

365 1955 475 1994 Della
492 1956 592 1993 Cella
621 1957 717 1992 urbis
740 1959 871 1994 veteris
896 1958 1022 2006 locum,

366 2012 517 2058 rudera,
549 2014 734 2062 sepulcra,
765 2015 946 2051 moenium
966 2028 1024 2052 re-

365 2068 497 2117 liquias
512 2082 550 2106 se
568 2070 750 2106 invenisse
767 2074 916 2106 testatur
936 2084 1023 2121 pro—

365 2137 414 2175 pe
428 2125 540 2161 vicum
553 2125 683 2172 Merge
701 2126 736 2161 in
751 2125 901 2174 planitie
919 2140 1024 2163 mon-

366 2185 447 2217 tosa
476 2182 578 2218 vivae
604 2193 720 2229 aquae
749 2183 908 2219 sontibus
938 2184 1024 2220 insi-

367 2238 452 2284 gni,
492 2238 631 2274 duabus
650 2238 725 2274 sere
743 2237 839 2274 horis
858 2252 880 2276 a
902 2239 1023 2277 Ptole-

366 2294 487 2331 maide
517 2293 703 2330 meridiem
736 2307 871 2332 versus.
939 2297 1022 2333 Yid.

366 2347 497 2385 Ritter.
528 2349 730 2386 Erdkunde
762 2350 775 2386 l
810 2363 896 2400 pag.
927 2352 1021 2392 942.

366 2403 459 2443 943.
501 2405 621 2441 l‘aclio
651 2404 803 2453 Voyage
836 2413 906 2444 cte.
935 2421 1021 2457 pag.

369 2462 449 2499 178
471 2473 547 2508 seq,
569 2460 646 2496 coll.
669 2461 939 2499 Schliclithorst.
960 2464 979 2499 l.
1000 2464 1021 2500 l.

365 2528 452 2566 pag.
477 2518 554 2556 139
579 2528 655 2563 seq.
708 2516 887 2554 Mannert.
910 2519 964 2563 X,
996 2522 1022 2558 2

367 2584 452 2622 pag.
487 2575 560 2612 101
578 2574 736 2610 —.103.
785 2574 923 2610 Contra
945 2576 1023 2611 He-

366 2629 535 2665 rodotum
595 2640 616 2663 a
676 2629 824 2665 Graecis
882 2630 1024 2667 Barcen

366 2685 549 2721 conditam
584 2696 664 2721 esse
691 2688 917 2722 enarrantem
948 2687 1023 2722 dis-

366 2745 475 2789 putat
510 2740 630 2777 l'aeho
680 2739 701 2776 l.
752 2740 774 2776 l.
813 2754 899 2789 pag.
945 2742 1022 2782 175

367 2808 442 2846 seq.
499 2797 623 2834 urbem
674 2799 895 2835 contendens
952 2799 1024 2837 ium

1078 1174 1162 1208 ante
1188 1170 1349 1208 Graecos
1377 1172 1447 1212 huc
1474 1175 1646 1213 advectos
1675 1187 1734 1213 ex-

1077 1228 1220 1264 stitisse.

1133 1283 1171 1329 ἐς
1190 1280 1284 1330 τούς
1305 1281 1625 1336 ὑποδεξαμένους
1646 1301 1681 1324 κ.
1697 1301 1732 1326 τ.

1077 1338 1126 1388 L]
1174 1341 1194 1376 i.
1229 1353 1260 1376 e.
1293 1340 1461 1377 adcersus
1495 1356 1548 1379 eos
1587 1342 1734 1392 Libyes,

1079 1398 1140 1444 qui
1163 1394 1267 1445 (suos
1295 1398 1441 1445 fratres)
1477 1403 1673 1448 receperant
1698 1403 1731 1435 et

1080 1454 1141 1500 qni
1162 1456 1192 1487 et
1217 1454 1287 1500 ipsi
1307 1458 1343 1495 (a
1362 1454 1533 1491 fratribus
1560 1457 1632 1491 suis
1656 1455 1731 1492 scil.

1079 1507 1279 1555 sollicitati)
1302 1507 1508 1557 defecerant.
1559 1511 1599 1546 ln
1628 1523 1732 1560 seqq.

1078 1576 1157 1599 cum
1183 1568 1332 1601 reeentt.
1364 1566 1448 1601 edd.
1478 1567 1603 1616 scripsi
1623 1565 1663 1613 ἐς
1685 1560 1735 1605 οὗ

1077 1632 1144 1669 pro
1177 1618 1215 1666 ἐς
1247 1616 1292 1666 ὃ,
1337 1621 1523 1659 meliorum
1561 1623 1735 1660 librorum

1079 1680 1221 1712 secutus
1272 1679 1550 1724 auctoritatem3
1608 1691 1736 1728 quam-

1079 1745 1186 1779 quam
1204 1736 1393 1781 utrumque
1414 1734 1550 1771 Nostro
1569 1735 1735 1784 scriptori

1079 1789 1115 1824 in
1137 1801 1214 1826 usu.
1274 1789 1381 1826 Conf.
1403 1790 1473 1837 lv,
1505 1795 1569 1832 12.
1595 1793 1674 1832 166
1696 1795 1735 1828 et

1079 1846 1210 1882 Struve
1228 1844 1250 1881 l.
1270 1844 1292 1882 l.
1311 1846 1326 1881 Ι
1352 1859 1437 1895 pag.
1460 1846 1525 1886 42.
1544 1867 1600 1874 —
1628 1842 1733 1885 Λεύ-

1079 1915 1161 1938 κων
1192 1901 1289 1937 vicus
1320 1902 1465 1939 aliunde
1503 1916 1576 1939 uon
1614 1910 1735 1940 notus.

1079 1957 1189 2007 Apud
1220 1956 1369 1994 Ptolem.
1401 1958 1474 2005 lv,
1514 1960 1538 1999 5
1572 1972 1609 2008 p.
1642 1960 1735 2004 104,

1080 2018 1174 2050 teste
1196 2014 1410 2062 Schweigh„
1433 2020 1736 2052 commemoratur

1079 2069 1317 2107 Marmaricae
1339 2071 1436 2107 ricus
1466 2084 1494 2108 S.
1529 2067 1643 2121 κώμη
1671 2085 1736 2121 με-

1082 2121 1230 2176 σόγειος
1250 2122 1419 2176 Λευκόη.
1449 2149 1505 2154 -
1543 2128 1601 2164 Ad
1622 2128 1736 2176 signi-

1079 2183 1288 2219 ficationem
1315 2184 1411 2219 vocis
1434 2186 1568 2234 τρῶμα
1589 2185 1683 2220 conf.
1704 2183 1734 2230 1,

1083 2240 1146 2279 18.
1168 2238 1247 2279 174
1266 2239 1350 2288 ibiq.
1372 2244 1468 2276 nott.
1488 2241 1532 2286 V,
1557 2242 1646 2279 121.

1134 2293 1327 2345 Λέαρχος]
1371 2296 1402 2332 Α
1420 2295 1608 2331 Plutarcho
1637 2295 1667 2331 ll
1696 2308 1732 2344 p.

1079 2352 1161 2392 260
1181 2363 1255 2398 seq.
1269 2379 1280 2396 ‚
1317 2351 1375 2387 ubi
1395 2351 1465 2386 vid.
1484 2351 1607 2400 plura,
1642 2352 1732 2388 dici-

1079 2410 1138 2443 tur
1163 2403 1372 2455 Λάαρχος,
1422 2407 1581 2455 itemque
1610 2420 1630 2443 a
1662 2407 1734 2443 Po-

1079 2462 1207 2510 l>aeuo
1232 2463 1327 2508 vm,
1351 2463 1416 2502 41.
1463 2464 1513 2500 Ac
1539 2463 1732 2500 Plutarcho

1078 2532 1152 2555 non
1193 2519 1304 2554 frater
1341 2523 1397 2554 est
1425 2516 1617 2566 Arcesilai,
1665 2519 1733 2556 sed

1079 2575 1214 2610 amicus
1253 2574 1384 2610 infidus
1428 2574 1574 2624 (φίλος
1611 2590 1733 2625 πονη-

1082 2627 1186 2680 ρὸς),
1223 2632 1283 2678 qui
1310 2636 1452 2667 mortuo
1474 2631 1656 2668 Arcesilae
1675 2637 1733 2680 ty-

1081 2687 1268 2723 rannidem
1284 2687 1475 2724 all'ectarit.
1514 2686 1730 2734 Arcesilaus,

1081 2742 1308 2779 Plutarchum
1330 2745 1357 2778 si
1375 2745 1558 2792 sequaris,
1593 2756 1732 2780 veneno

1080 2805 1229 2838 necatus
1249 2799 1358 2846 obiit3
1397 2812 1505 2850 quem
1522 2800 1732 2837 Herodotus
