1863 3256
292 242 357 286 79

80 305 220 333 initiatur
230 305 357 333 Baccho:

113 339 258 372 quodnam
293 340 322 366 ci

78 378 225 399 (intentum
237 373 357 405 sactum,

80 414 117 431 nc
166 407 356 432 initiaretur:

78 439 255 472 Scyllarum
295 439 353 473 pri-

80 479 177 498 mores
209 480 227 498 a
261 472 354 506 Bory-

79 505 211 531 sthi—nita

412 135 497 175 428

413 241 457 293 ἐς
487 240 595 286 αὐτὰ
622 242 867 298 ἐπιχωρίην.

230 506 356 538 quonlam

811 134 1278 175 HERODOTI

926 242 1036 285 Ἐπεί
1066 259 1111 286 τε
1142 244 1187 286 δὲ
1225 242 1312 286 ἔδεέ
1347 243 1390 285 οἱ
1419 246 1561 294 κακῶς
1592 259 1665 299 γε-

413 312 586 366 νέσθαι,
616 314 781 369 ἐγένετο
804 313 887 356 ἀπὸ
917 312 1167 367 προφάσιος
1195 315 1378 368 τοιῆσδε.
1422 313 1665 370 ἐπεθύμησε
1729 321 1808 360 318

414 386 619 441 Διονύσῳ
678 384 871 437 Βακχείῳ
927 386 1200 437 τελεσθῆναι·

412 455 455 504 ἐς
482 460 626 510 χεῖρας
657 453 839 506 ἄγεσθαι
868 450 948 507 τὴν
975 451 1170 508 τελετὴν,
1221 453 1384 508 ἐγένετο
1416 453 1567 509 φάσμα
1595 455 1666 510 μὲ-

1267 383 1465 436 μέλλοντι
1520 384 1565 426 δέ
1623 386 1667 428 οἱ
1677 392 1721 426 56

78 537 354 577 ῑιμιιιιιωιιιηαωῑε..
383 531 577 580 Ξγιστον.
634 518 689 577 ἦν
728 523 771 564 οἱ
807 521 854 564 ἐν
882 522 1260 576 Βορυσθενεϊτέων
1298 527 1352 580 τῇ
1388 522 1490 566 πόλι
1529 526 1666 580 οἰκίης

76 574 353 641 ἓῖιέιιιῖἔιῗιωῗυηιέῗιῗῖ
408 594 592 651 μεγάλης
619 592 692 634 καὶ
720 593 973 643 πολυτελέος
1003 592 1233 650 περιβολὴ,
1263 596 1338 648 τῆς
1366 594 1438 636 καὶ
1468 592 1598 652 ὀλίγῳ
1623 613 1664 639 τι

409 663 623 717 πρότερον
651 662 821 706 τούτων
850 663 1024 718 μνήμην
1054 663 1190 718 εἶχον,
1235 663 1315 718 τήν
1351 679 1394 706 τε
1423 665 1544 718 πέριξ
1574 671 1665 709 λευ-

408 736 491 776 κοῦ
520 734 650 776 λίθου
682 735 857 788 σφίγγες
885 750 929 777 τε
959 735 1032 777 καὶ
1060 733 1220 790 γρῦπες
1249 734 1452 777 ἕστασαν·
1493 735 1536 786 ἐς
1564 736 1721 779 ταῦ-60

77 638 170 667 ciunt.

352 861 475 912 phrasi
496 863 669 900 dicebant
680 867 715 901 et
727 864 859 900 Graeci
874 863 1010 901 ‹lonmm

351 931 494 955 uxorem
529 919 651 956 (lucere
682 917 851 971 ἄγεσθαι
877 920 932 964 εἰς
951 916 1008 958 οἶ-

349 976 463 1013 κον.“
500 974 723 1012 Valet-en.
755 975 825 1012 alia
849 976 1007 1012 excitans

351 1031 398 1068 de
422 1031 490 1068 hoc
511 1032 654 1069 dicendi
676 1046 762 1078 usu,
794 1045 900 1080 quem
921 1033 1008 1068 atti-

350 1087 469 1136 gimus
500 1089 547 1124 ad
580 1089 617 1137 l,
654 1089 718 1129 34.
754 1088 818 1130 59.
857 1087 913 1135 Il,
953 1087 1007 1129 45

349 1144 435 1193 ibiq.
455 1147 547 1180 nott.

517 1211 623 1262 Cap.
661 1211 834 1248 LXXIX.

403 1261 512 1304 Ἐπεί
531 1280 570 1305 τε
585 1288 638 1294 —-
651 1270 783 1313 κακῶς
802 1265 1002 1318 γενέσθαι]

347 1320 408 1360 Ad
427 1322 642 1361 locutionem
665 1324 757 1362 conf.
778 1337 888 1375 supra
912 1325 946 1372 1,
979 1327 1003 1364 8

348 1378 470 1427 ibique
489 1382 581 1415 nott.

403 1430 590 1486 Διονύσῳ
613 1434 787 1487 Βακχείῳ
818 1436 1005 1486 τελεσθῆ-

348 1489 432 1540 ναι]
463 1490 554 1527 Cum
576 1489 682 1526 Olbia
703 1492 786 1527 urbs
807 1491 888 1528 olim
912 1504 1004 1540 quo-

347 1559 421 1595 que
440 1551 628 1583 vocaretur
648 1547 781 1596 Σαβία
793 1545 830 1595 *)
852 1548 894 1594 (a
907 1548 1004 1585 Sabo

347 1615 378 1639 s.
412 1601 589 1649 Sabazia,
629 1603 730 1650 quod
766 1603 897 1640 Bacchi
935 1604 1005 1640 fuit

336 1663 481 1695 ‘nomen
514 1659 613 1708 apud
636 1657 797 1696 Thraces
818 1659 1004 1708 Phryges-

349 1727 442 1763 que,
462 1719 590 1762 gentes
612 1727 684 1751 una
702 1716 904 1764 eademque
923 1716 1005 1751 stir-

349 1783 398 1821 pe
427 1771 633 1817 oriundas),
673 1770 731 1808 hic
764 1772 883 1821 prisco
913 1784 1004 1809 aevo

348 1826 526 1863 coloniam
554 1826 589 1863 Τ
593 1827 732 1863 hracico
745 1849 762 1854 -
775 1828 1003 1876 Phrygicam‚

349 1882 498 1920 Graecis
520 1882 699 1919 nonnullis
720 1884 907 1931 admixtis,
946 1885 1004 1921 su-

346 1939 419 1976 isse
457 1939 580 1975 statuit
605 1939 774 1976 Creuzer.
807 1938 829 1976 l.
857 1939 879 1976 l.
915 1953 1001 1990 pag.

347 1997 478 2040 12363
509 1995 605 2032 unde
627 1995 758 2031 factum
772 2024 782 2041 ‚
813 1999 851 2032 ut
869 1995 1003 2033 Bacchi

345 2063 447 2088 saera
461 2051 640 2100 Phrygico
652 2073 669 2079 -
682 2051 861 2088 Thracica
878 2052 914 2088 in
935 2052 1003 2089 hac

345 2107 457 2145 Ponti
482 2120 545 2143 ora
576 2108 804 2154 obtinerent,
849 2108 1003 2158 ipseque

346 2162 472 2210 Scyles
492 2163 645 2213 posthac
662 2164 698 2199 in
708 2163 901 2200 Thraciam
915 2178 1003 2201 con-

345 2218 495 2265 fugerit.
541 2219 674 2268 Neque
701 2219 769 2256 huc
804 2232 878 2256 non
916 2221 1003 2257 facit

344 2273 520 2323 Hippolai
540 2276 844 2322 promontorium,
866 2276 912 2313 de
929 2289 1002 2325 quo

346 2328 409 2376 IV,
429 2329 493 2370 53.
524 2329 572 2366 Et
586 2335 713 2379 postea
729 2334 875 2380 quoque
892 2345 1001 2380 quam

347 2385 479 2422 Graeci
502 2385 632 2422 Milesii
652 2386 799 2423 Olbiam
833 2389 1003 2424 deduxis-

346 2445 430 2478 sent
450 2442 650 2488 coloniam,
680 2455 779 2477 sacra
799 2443 889 2479 haec
907 2444 1000 2480 Buc-

345 2496 447 2534 chica
482 2502 626 2534 retenta
667 2498 775 2533 fuisse
816 2498 997 2545 videntur,

347 2553 502 2590 testibus
522 2553 660 2601 aliquot
675 2555 789 2589 nuxnis
805 2566 919 2602 nuper
933 2556 998 2591 ‹lc-

344 2610 473 2655 tectis,
511 2609 572 2658 qui
593 2609 641 2645 ad
661 2609 792 2645 Bacchi
822 2614 858 2646 et
878 2612 925 2658 C>
936 2611 999 2647 be-

1065 877 1137 901 zer.
1159 863 1181 901 l.
1197 863 1219 900 l.
1242 875 1329 913 pag.
1353 865 1472 904 1237.
1518 863 1575 901 De
1586 865 1718 902 Bacchi

1065 920 1173 956 sacris
1186 920 1284 969 apud
1296 919 1456 956 Gelonos
1471 921 1538 958 vid.
1553 921 1613 966 lv,
1628 924 1718 962 109.

1121 975 1159 1020 ἐς
1177 979 1305 1025 χεῖρας
1326 972 1496 1025 ἄγεσθαι
1523 973 1597 1025 τήν
1618 979 1718 1014 τελε-

1064 1028 1151 1082 τήν]
1191 1033 1212 1068 i.
1234 1045 1264 1069 e.
1287 1044 1390 1080 quum
1410 1033 1480 1068 iam
1502 1034 1539 1068 in
1559 1046 1596 1068 eo
1616 1036 1716 1079 esset,

1064 1092 1103 1124 ut
1127 1090 1238 1124 sacris
1261 1090 1475 1124 initiaretur„
1528 1088 1586 1124 Ad
1617 1090 1718 1126 locu-

1063 1146 1198 1181 tionem
1220 1145 1313 1182 cons.
1335 1144 1370 1190 l,
1400 1146 1490 1183 126.

1119 1196 1237 1252 ὀλίγῳ
1265 1215 1298 1237 τι
1319 1195 1522 1250 πρότερον]
1557 1199 1640 1236 Vid.
1657 1199 1718 1246 lV,

1062 1258 1128 1297 78.
1169 1257 1350 1292 Saucrosti
1379 1256 1468 1292 liber
1497 1256 1604 1293 offert
1637 1251 1717 1294 ὀλί-

1061 1327 1149 1363 γον
1179 1327 1224 1349 τι.
1284 1313 1390 1349 Conf.
1417 1311 1485 1355 lv,
1526 1314 1593 1352 81.
1636 1312 1717 1359 VH,

1065 1370 1156 1408 113.
1176 1369 1271 1408 239.
1310 1368 1380 1405 Pro
1400 1365 1568 1406 τουτέων
1588 1369 1714 1418 scripsi

1059 1420 1228 1463 τούτων.

1115 1487 1191 1541 τήν
1211 1506 1250 1530 τε
1269 1488 1378 1540 πέριξ
1399 1511 1444 1516 -
1462 1489 1642 1541 ἕστασαν]
1674 1505 1714 1530 τε

1060 1548 1273 1585 deleverunt
1302 1550 1451 1583 reccntt.
1491 1547 1575 1584 edd.
1606 1560 1712 1598 prae-

1061 1608 1170 1641 eunte
1189 1604 1396 1640 Seliaefero.
1445 1602 1625 1652 Equidem
1650 1616 1716 1640 vo-

1060 1659 1198 1707 culam,
1235 1672 1342 1708 quam
1380 1671 1506 1696 omnes
1541 1663 1715 1708 quantum

1061 1717 1134 1753 scio
1158 1716 1264 1755 codd.
1297 1719 1523 1763 agnoscunt,
1563 1716 1714 1763 retinui5

1060 1773 1197 1822 quippe
1218 1784 1334 1821 quae,
1366 1771 1515 1808 abiectis
1547 1784 1715 1821 praeser-

1060 1830 1125 1865 tim
1161 1827 1352 1873 cancellis,
1396 1827 1526 1876 quibus
1551 1828 1713 1877 proxime

1060 1884 1314 1922 antecedentia
1342 1884 1453 1920 verba
1480 1885 1549 1933 τῆς
1570 1882 1638 1921 καὶ
1658 1904 1713 1912 -

1060 1936 1166 1990 εἶχον
1206 1940 1346 1977 inclusa
1389 1938 1497 1988 vulgo
1531 1943 1712 1987 tenentur,

1059 1997 1153 2034 bene
1186 2001 1283 2033 stare
1312 1995 1455 2045 poterit.
1482 2016 1538 2023 —
1569 1995 1628 2031 Ad
1649 2009 1714 2032 vo-

1059 2066 1135 2090 cem
1155 2050 1265 2104 πέριξ
1287 2052 1380 2089 conf.
1395 2055 1487 2088 nott.
1509 2052 1556 2088 ad
1573 2051 1635 2097 lv,
1649 2052 1714 2099 15,

1058 2113 1096 2146 et
1125 2110 1172 2146 de
1211 2108 1372 2157 genitivo
1406 2107 1525 2146 λίθου
1563 2107 1634 2143 vid.
1666 2107 1713 2155 ll,

1061 2167 1152 2206 138.
1213 2165 1321 2208 Quod
1346 2164 1392 2200 ad
1421 2163 1487 2200 loci
1516 2175 1713 2210 argumen-

1058 2226 1137 2258 tum
1177 2223 1339 2270 spectat,
1387 2218 1474 2255 haec
1513 2219 1633 2255 omnia
1663 2220 1711 2255 ad

1058 2277 1190 2314 cultum
1211 2276 1475 2324 religionesque
1498 2274 1639 2310 Iudicas
1663 2275 1711 2311 ad

1059 2332 1168 2369 Ponti
1191 2344 1272 2368 oras
1302 2331 1473 2367 advectas
1496 2329 1613 2365 relata
1635 2330 1712 2367 vult

1058 2388 1188 2425 Ritter.
1211 2386 1381 2423 Yorliulle
1401 2399 1436 2434 p.
1458 2388 1550 2425 226.
1569 2408 1622 2412 -
1649 2386 1710 2423 Ad

1058 2444 1239 2492 ›S'plcz'nges
1263 2442 1328 2479 Cr.
1350 2443 1502 2478 conl'erri
1525 2441 1596 2477 vult
1619 2442 1710 2479 Bot-

1053 2501 1158 2546 tiger.
1186 2497 1472 2546 l'asengeiniilde
1492 2498 1580 2534 Ilel't
1604 2497 1647 2533 lll
1671 2511 1708 2547 p.

1054 2557 1119 2594 98.
1152 2554 1212 2591 Tu
1226 2555 1308 2591 vide
1327 2555 1375 2589 sis
1394 2566 1539 2602 quoque
1559 2567 1651 2602 quae
1672 2555 1709 2591 in

1053 2611 1215 2648 Ex'cursu
1247 2611 1294 2646 ud
1322 2610 1394 2657 Ill,
1438 2611 1515 2649 116
1545 2610 1591 2646 dc
1613 2611 1708 2660 Gry-

347 2664 399 2702 les
411 2665 541 2702 cultum
551 2669 731 2715 spectant.
762 2665 999 2703 Cons.C1·eu-
1050 2667 1132 2717 pleis
1150 2667 1315 2703 diximus.

440 2766 473 2804 ⁸)
497 2766 547 2799 Cf.
571 2765 666 2798 Anon.
694 2766 810 2806 l’cripl.
835 2765 926 2799 Pont.
952 2767 982 2806 §-
1012 2770 1049 2797 12
1076 2777 1104 2808 p.
1132 2770 1193 2798 218
1220 2767 1257 2797 T.
1282 2767 1319 2797 lll
1347 2766 1395 2797 cd.
1419 2766 1502 2797 (jail.
