1863 3256
465 127 549 166 46⁰

439 239 458 272 5
471 234 580 286 τρία.

461 306 630 345 &venitm
644 318 651 326 ·

849 124 1309 164 HERODOT1

640 235 682 276 οἱ
712 232 756 277 δέ
797 250 870 288 μιν
905 231 1088 275 ἐπόθεόν
1125 248 1189 285 τε,
1231 231 1300 274 καὶ
1331 229 1535 272 ἐπένθεον
1564 230 1620 281 ὦς
1648 249 1706 275 τε·

713 302 893 359 τετάρτῳ
929 302 974 343 δὲ
1005 302 1086 344 ἔτεϊ
1114 301 1254 356 ἐφάνη
1284 305 1395 343 τοῖσι
1427 299 1586 356 Θρήϊξι.
1636 302 1707 344 καὶ

464 373 578 416 οὕτω
616 371 783 415 πιθανά
827 383 903 424 σφι
953 370 1114 424 ἐγένετο
1163 370 1215 412 τοὶ
1259 371 1369 425 ἔλεγε
1417 368 1440 412 ὁ
1488 369 1706 425 Ζάλμοξις.

338 452 404 497 96
461 442 595 485 ταῦτά
626 443 734 496 φασί
761 456 835 495 μιν
862 443 1049 495 ποιῆσαι.

410 604 508 648 171)
535 601 726 637 Herodoto
754 607 988 638 narraverant
1011 602 1058 638 ad

408 658 684 705 Hellespontum
711 659 749 693 et
774 655 928 694 Pontum
955 658 1057 694 habi-

407 718 526 749 tantes
549 711 702 758 Graeci,
742 724 763 747 a
785 724 935 760 quorum
963 714 1060 750 iudi-

407 769 461 805 cio
483 768 655 803 hactenus
680 780 781 803 suum
811 768 980 805 iudicium
1002 781 1059 806 se-

407 824 523 871 iungit
549 835 666 859 rerum
688 824 852 872 scriptor,
874 825 973 872 quod
986 824 1060 861 Za-

405 878 538 915 molxin
559 878 678 914 multis
703 879 806 914 annis
829 884 912 916 ante
923 879 1056 927 Pytha-

407 947 534 982 goram
562 935 691 971 vixisse
709 934 843 971 statuit.
864 933 899 984 *)
938 936 1057 978 Quam

404 1003 481 1027 rem
503 991 539 1026 in
560 990 680 1027 medio
703 990 856 1039 positam
876 990 1058 1039 relinqua-

405 1059 501 1084 mus:
543 1045 629 1083 illud
651 1050 807 1089 certum,
837 1047 918 1082 vivo
939 1046 1058 1083 Hero-

405 1103 494 1138 doto
522 1114 563 1138 ac
588 1103 741 1139 florente
766 1102 898 1138 familia
921 1102 1056 1139 doctri-

406 1159 526 1206 naque
576 1157 827 1207 Pythagorae,
894 1158 1056 1195 Graecos

407 1213 670 1263 Pythagoreum
717 1214 848 1251 dixisse
885 1213 1055 1264 placitum

405 1270 492 1306 illud
528 1269 828 1315 immortalitatis,
867 1283 986 1318 neque
1020 1270 1056 1306 in

406 1338 450 1363 ea
469 1338 508 1362 re
528 1326 614 1375 ipsis
635 1325 781 1374 obloqui
801 1326 969 1363 historiae
992 1338 1057 1376 pa-

362 1397 366 1405 ’
405 1387 506 1419 trem.
522 1383 547 1400 “
594 1381 756 1429 Indeque
774 1386 892 1427 recte,
923 1382 951 1418 si
971 1383 1058 1430 quid

403 1438 534 1482 video,
564 1437 718 1473 Krische
742 1438 778 1473 in
797 1438 990 1486 scriptione
1010 1438 1058 1474 ad

407 1493 476 1539 lv,
505 1494 557 1533 36
581 1493 711 1538 citata,
752 1505 836 1542 pag.
858 1495 910 1533 66
934 1505 1058 1529 narra-

404 1549 540 1584 tionem
565 1548 612 1584 de
632 1547 797 1584 Zalmoxi
823 1561 843 1585 e
868 1548 1058 1598 Pythago-

403 1604 476 1640 rica
504 1604 670 1640 doctrina
692 1605 739 1641 de
765 1604 886 1640 anima
912 1605 1057 1654 potissi-

340 1662 343 1667 ”
404 1672 500 1696 mum
522 1664 665 1696 enatam
687 1660 799 1697 videri
821 1662 954 1697 statuit.
1010 1660 1057 1696 Et

405 1727 493 1752 sane
514 1712 628 1751 omnis
652 1716 699 1753 de
716 1716 879 1752 Zalmoxi
898 1716 1057 1753 narratio

406 1771 503 1807 haud
520 1771 589 1807 alio
611 1776 776 1821 spectare
790 1772 933 1809 videtur
948 1785 1056 1821 quam

404 1840 477 1875 quo
497 1828 679 1876 pertinent
699 1828 841 1865 fabulae
862 1829 908 1866 de
927 1828 1057 1865 Abari-

403 1884 449 1919 de
470 1881 642 1932 (quocum
664 1885 699 1919 in
720 1883 878 1920 Platonis
895 1884 917 1921 l.
934 1884 954 1920 l.
977 1885 1054 1920 iun-

402 1939 503 1988 gitur
532 1937 732 1989 Zalmoxis)
763 1945 799 1976 et
831 1940 878 1976 de
901 1939 1055 1986 Aristea,

401 2008 492 2044 quas
522 2007 631 2044 supra
659 1996 868 2044 attigimus,
907 1997 953 2032 ad
975 1997 1054 2032 ani-

401 2063 540 2087 marum
558 2051 831 2088 immortalitatis
843 2052 1056 2099 doctrinam,

403 2107 554 2156 opinor,
586 2120 606 2144 e
629 2108 783 2144 Graecia
801 2109 879 2158 ipsa
898 2120 919 2144 a
937 2107 1055 2145 Grae-

402 2163 453 2198 cis
474 2164 696 2212 sapientibus
716 2164 789 2200 sive
808 2164 1056 2201 sacerdotibus

402 2219 449 2253 ad
494 2219 603 2256 rudes
648 2219 843 2256 borealium
887 2220 1056 2270 Europae

402 2277 581 2310 tractuum
607 2275 739 2311 incolas
759 2275 915 2322 allatam,
945 2277 1055 2312 sacris

404 2331 552 2365 secretis
580 2331 653 2367 sive
684 2332 862 2378 mysteriis
887 2332 1056 2367 traditam

403 2388 441 2421 et
460 2384 635 2421 firmatam
652 2412 662 2431 ‚
702 2399 748 2423 ne
771 2387 843 2423 scil.
873 2391 933 2423 aut
959 2386 1057 2424 labe-

402 2440 596 2477 factaretur
623 2445 685 2477 aut
711 2455 857 2491 prorsus
883 2443 1057 2479 interiret.

404 2496 456 2534 Ut
481 2497 574 2534 euim
596 2497 685 2534 haec
705 2510 806 2534 sacra
828 2510 871 2535 ex
893 2498 994 2534 ludia
1014 2498 1054 2534 il-

1106 439 1209 496 Ἐγώ
1242 441 1286 483 δὲ
1320 441 1414 495 περὶ
1443 440 1522 496 μὲν
1549 439 1707 483 τούτου
1771 457 1846 497 325

1114 603 1170 639 luc
1190 602 1341 639 advecta
1370 602 1533 647 credam,
1574 601 1671 638 haud
1700 601 1764 638 im—

1114 663 1256 708 petrare
1276 671 1297 696 a
1317 671 1374 695 me
1390 670 1548 708 possum.
1581 657 1664 700 Quo
1680 670 1764 707 pro-

1115 713 1265 750 babilius
1293 714 1361 750 hoc
1390 714 1554 758 videtur,
1595 713 1688 749 hanc
1718 713 1764 750 de

1114 770 1255 806 animae
1281 768 1546 806 immortalitate
1567 769 1764 805 doctrinam

1115 825 1213 873 apud
1253 825 1414 862 Graecos
1465 838 1544 861 cum
1583 824 1762 874 mysteriis

1112 879 1294 916 Bacchieis
1318 884 1456 917 mature
1482 881 1592 917 fuisse
1615 880 1764 916 coniun-

1113 940 1231 981 ctam,
1271 948 1365 985 quae
1403 936 1482 984 ipsa
1517 936 1763 984 antiquissimo

1113 1004 1202 1028 aevo
1240 991 1286 1028 ab
1316 990 1464 1040 Orpheo
1503 991 1540 1027 in
1569 990 1763 1028 Thraciam

1114 1048 1272 1084 adducta
1304 1047 1461 1095 indeque
1496 1046 1599 1082 latius
1630 1059 1764 1096 propa-

1114 1107 1200 1151 gata
1220 1115 1299 1140 esse
1318 1103 1496 1139 dicuntur.
1527 1102 1763 1139 Cs.Creuzer.

1113 1158 1273 1207 Symbol.
1295 1158 1326 1195 11
1348 1170 1432 1208 pag.
1453 1160 1544 1198 299.
1589 1157 1619 1194 A
1641 1157 1762 1194 Thra-

1114 1215 1169 1251 cia
1200 1216 1309 1262 igitur
1334 1214 1422 1251 haec
1457 1225 1558 1251 sacra
1585 1213 1655 1250 una
1683 1226 1763 1250 cum

1114 1271 1181 1307 ista
1202 1271 1365 1307 doctrina
1379 1269 1667 1319 septentrionem
1684 1282 1765 1307 ver-

1115 1339 1175 1363 sus
1194 1327 1240 1362 ad
1263 1327 1377 1362 Getas
1399 1326 1645 1375 Scythasque,
1675 1324 1762 1361 alias

1115 1387 1243 1430 gentes
1266 1383 1301 1418 in
1318 1381 1454 1419 boreali
1475 1382 1640 1431 Europae
1660 1385 1763 1431 parte

1114 1438 1346 1483 habitantes,
1404 1436 1577 1474 translata
1616 1448 1696 1473 esse
1733 1436 1763 1473 si

1113 1495 1260 1542 quidem
1294 1505 1367 1529 non
1397 1505 1543 1543 prorsus
1579 1492 1763 1542 improba-

1114 1549 1184 1586 bile
1225 1549 1387 1594 videtur,
1445 1547 1628 1585 Zalmoxis
1667 1547 1763 1584 haud

1113 1605 1186 1641 scio
1215 1617 1261 1640 an
1290 1605 1419 1641 eodem
1443 1617 1516 1653 quo
1538 1602 1763 1652 Pythagoras

1113 1662 1188 1698 iure
1212 1660 1387 1709 Orphicus
1418 1665 1456 1697 et
1483 1659 1607 1696 haberi
1635 1664 1671 1696 et
1692 1659 1762 1696 dici

1113 1721 1242 1766 queat,
1272 1730 1351 1753 cum
1373 1721 1523 1764 uterque
1544 1728 1585 1752 ex
1608 1727 1680 1752 uno
1701 1728 1763 1752 eo-

1113 1774 1270 1821 demque
1291 1772 1463 1821 antiquae
1480 1771 1666 1808 doctrinae
1682 1772 1755 1808 son-

1112 1834 1168 1875 te,
1210 1841 1303 1877 quae
1334 1828 1470 1878 Orphei
1508 1828 1652 1864 nomine
1682 1839 1761 1864 ma-

1112 1886 1205 1922 xime
1224 1884 1404 1921 celebrata
1420 1887 1486 1930 est,
1516 1895 1579 1919 sua
1600 1883 1762 1920 hausisse

1112 1941 1291 1989 latiusque
1328 1951 1549 1990 propagasse
1587 1939 1760 1975 videatur.

1112 1996 1218 2040 Quae
1244 2008 1324 2033 cum
1348 1997 1398 2032 ita
1424 1997 1518 2042 sint,
1558 1999 1690 2045 sponte
1707 1994 1762 2030 in-

1111 2052 1301 2101 telligitur,
1350 2052 1438 2100 quid
1470 2054 1516 2087 de
1545 2050 1763 2092 Dahlmanni

1113 2109 1271 2156 (Herod.
1291 2122 1326 2158 p.
1353 2107 1451 2151 155)
1473 2107 1649 2143 sententia
1669 2106 1762 2142 iudi-

1114 2165 1267 2201 candum
1288 2165 1352 2207 sit,
1380 2164 1452 2212 qua
1473 2163 1588 2199 omnis
1608 2162 1696 2198 haec
1714 2161 1762 2198 de

1112 2220 1275 2257 Zalmoxi
1313 2220 1469 2256 narratio
1498 2230 1541 2255 ex
1577 2218 1761 2254 nominum

1112 2276 1344 2312 similitudine
1359 2275 1513 2323 quadam
1530 2273 1674 2310 fluxisse
1690 2285 1760 2322 pu-

1111 2333 1223 2368 tanda
1242 2332 1307 2377 sit,
1342 2331 1393 2366 ita
1412 2335 1452 2366 ut
1475 2329 1649 2365 Getarum
1671 2329 1760 2365 deus

1113 2388 1282 2436 indigena
1302 2386 1394 2421 forte
1418 2386 1562 2421 fortuna
1583 2385 1674 2421 idem
1694 2396 1761 2420 no-

1112 2455 1195 2478 men
1227 2442 1389 2478 habuerit
1420 2446 1527 2490 atque
1558 2453 1650 2476 unus
1681 2439 1761 2488 qui-

1111 2498 1192 2534 dam
1217 2511 1237 2535 e
1258 2497 1485 2546 Pythagorae
1505 2495 1696 2546 discipulis.

494 2611 527 2649 ‘)
562 2611 681 2647 „Facit
702 2612 740 2641 cai
766 2613 795 2641 in
825 2621 858 2642 re
880 2621 947 2642 cum
968 2612 1084 2642 Nostro
1103 2611 1285 2642 Hellanicus
1304 2611 1434 2642 Lesbius
1456 2613 1504 2643 vel
1535 2613 1636 2653 potius
1654 2611 1760 2642 Hero-

403 2656 498 2687 dotea
527 2657 630 2687 intulit
657 2658 734 2687 libro
754 2667 827 2687 suo:
859 2657 938 2694 τοῖς
962 2655 1201 2699 βαρβαρικοῖς
1219 2652 1357 2698 νόμοις.

1416 2659 1462 2688 Cf.
1490 2658 1627 2698 Etymol.
1659 2665 1760 2696 magn.

404 2713 429 2731 s.
465 2712 495 2733 v.
532 2697 706 2742 Ζάμολξις
742 2706 774 2733 et
801 2704 955 2733 Sturzium
982 2704 1074 2734 docte
1101 2704 1159 2734 hac
1189 2703 1228 2732 de
1260 2713 1293 2733 re
1323 2707 1498 2735 monentem
1529 2703 1570 2734 ad
1603 2701 1761 2734 lienanici

402 2748 541 2788 fragmm.
565 2759 594 2789 p.
619 2752 656 2779 13
678 2752 770 2780 etur.
790 2749 876 2780 XXV
897 2759 925 2789 p.
951 2751 1034 2781 04.·‘

1085 2748 1136 2780 Cr
1149 2757 1289 2780 enzer.
