1863 3256
398 182 483 221 546

789 176 1260 218 HERODO'I‘I

400 288 474 332 καὶ
510 286 652 339 τέλος,
691 286 969 342 μαχλοσύνην
1005 283 1254 329 ἐπενείκασά
1295 286 1362 336 οἷ,
1401 286 1542 328 πείθει
1579 285 1713 327 τόν60

370 357 542 414 4ὁὶνδρα
580 362 715 400 ταῦτα
754 357 863 411 ἔχειν
895 355 1023 398 οὕτω.

1085 355 1108 398 ὁ
1141 356 1207 407 ὁὲ,
1246 353 1543 410 ἀναγνωσθεὶς
1570 353 1656 397 ὑπὸ

399 434 472 486 τῆς
512 428 742 485 γυναικὸς,
785 425 913 481 ἔργον
953 422 1035 467 οὐκ
1077 425 1202 468 ὅσιον
1239 426 1477 482 ἐμηχανᾶτο
1508 425 1577 467 ἐπὶ
1604 428 1658 481 τῇ

399 501 598 555 θυγατρί.
659 491 715 551 ἦν
752 495 834 550 γὰρ
878 494 930 551 δὴ
964 496 1182 550 Θεμίσων,
1229 497 1340 552 ἀνὴρ
1374 501 1562 552 Θηραῖος
1593 496 1659 551 ἔμ-

399 586 557 623 πορος,
610 567 657 610 ἐν
694 568 745 623 τῇ
776 564 902 623 Ἀξῷ·
953 570 1112 610 τοῦτον
1150 564 1170 609 ὁ
1205 564 1427 622 Ἐτέαρχος
1466 571 1658 621 παραλα-

401 640 492 694 βών
521 637 588 680 ἐπὶ
618 638 769 688 ξείνια,
800 637 991 691 ἐξορκοῖ,
1024 632 1052 692 ἦ
1080 637 1159 692 μέν
1189 640 1233 681 οἱ
1262 636 1536 693 διηκονήσειν
1566 636 1591 680 ὅ
1618 653 1660 679 τι

373 718 393 750 5
406 711 460 753 ἄν
491 711 639 765 δεηθῇ.

701 706 792 750 ἐπεί
820 723 865 750 τε
896 707 942 750 δὲ
971 706 1202 761 ἐξόρκωσε,
1239 707 1412 763 ἀγαγών
1443 710 1486 751 οἱ
1514 712 1715 762 παρα-65

391 783 508 824 διδοῖ
534 779 613 835 τήν
643 779 812 822 ἑωυτοῦ
841 779 1085 833 θυγατέρα,
1116 779 1188 821 καὶ
1211 778 1374 834 ταύτην
1398 778 1561 821 ἐκέλευε
1586 795 1660 822 κα-

367 854 675 893 6ταποντῶσαι
708 848 1000 905 ἀπαγαγόντα.

1060 847 1084 892 ὁ
1116 847 1162 891 δὲ
1199 850 1418 903 Θεμίσων,
1458 864 1658 904 περιημε-

399 919 559 975 κτήσας
588 924 640 976 τῇ
672 919 814 977 ἀπάτῃ
842 925 922 964 τοῦ
954 921 1105 975 ὅρκου,
1136 920 1210 963 καὶ
1238 919 1553 973 διαλυσάμενος
1580 917 1662 974 τὴν

371 992 585 1047 7ξεινίην,
619 991 757 1035 ἐποίεε
785 990 944 1035 τοιάδε.
1003 989 1269 1047 παραλαβών
1296 989 1377 1045 τήν
1403 992 1539 1033 παῖδα
1568 988 1719 1033 ἀπε-’70

344 1205 382 1242 in
418 1204 497 1241 Ioco
524 1202 700 1240 simillimo
728 1201 799 1249 Vl,
829 1202 882 1242 88
909 1204 944 1238 et
967 1200 1004 1237 in

344 1262 508 1312 proxime
537 1272 641 1308 seqq.
701 1259 761 1296 Tu
791 1258 885 1295 conf.
910 1262 1004 1293 nott.

345 1318 394 1354 ad
411 1316 486 1363 IV,
511 1317 588 1363 80,
631 1318 669 1352 et
704 1315 751 1351 ad
786 1313 1005 1350 locutionem

346 1374 464 1424 ipsam
490 1374 572 1410 πᾶν
597 1373 856 1421 μηχανᾶσθαι
881 1369 1005 1405 Plato-

345 1431 464 1466 nicam
494 1428 685 1465 formulam
715 1423 846 1465 πάντα
874 1428 1005 1463 ποιεῖν

301 1493 303 1496 “
346 1487 382 1523 in
403 1485 589 1521 Phaedon.
607 1498 643 1533 p.
669 1482 747 1523 114
768 1483 810 1519 C.
835 1482 915 1529 (ubi
932 1481 1004 1517 vid.

346 1542 540 1579 Heindorf.
571 1552 656 1590 pag.
684 1538 795 1587 249).
847 1537 1006 1587 Apolog.

348 1599 449 1634 Soer.
472 1610 548 1646 cap.
578 1597 631 1635 29
659 1607 746 1644 pag.
771 1595 823 1634 38
845 1593 892 1631 D.
918 1593 1007 1641 ibiq.

348 1655 552 1702 interprett.
592 1651 724 1688 Monk.
764 1651 812 1687 ad
841 1649 1007 1699 Euripid.

347 1709 498 1760 Hippol.
523 1706 615 1750 284.
666 1706 747 1744 Nec
765 1706 917 1743 multum
938 1705 1010 1741 dif-

348 1767 419 1803 fert
451 1766 534 1803 πᾶν
568 1765 717 1813 τολμᾶν
755 1763 793 1800 in
823 1761 1008 1800 Plutarch.

349 1821 586 1860 Themistocl.
610 1822 673 1861 16.

407 1901 660 1956 μαχλοσύνην
689 1898 925 1942 ἐπενείκασά
948 1901 1006 1951 οἵ]

351 1964 374 2000 i.
405 1976 436 1999 e.
470 1962 712 2011 impudicitiae
741 1962 869 1996 crimen
896 1961 929 1996 ei
948 1959 1010 1994 ubi

350 2019 484 2056 inlule't.
524 2018 712 2055 Medieeus
732 2015 1007 2067 ἐπενεγκοῦσα.

350 2076 398 2113 At
421 2075 584 2125 plerique
604 2073 731 2122 scripti
754 2072 834 2110 libri
860 2075 1010 2109 tuentur

350 2132 537 2179 vulgatum
575 2131 735 2178 itemque
766 2128 933 2165 Eustath.
961 2127 1010 2164 ad

351 2188 503 2225 Homer.
525 2186 562 2223 11.
581 2200 616 2236 p.
631 2187 752 2230 1183,
772 2183 825 2225 40
844 2198 873 2221 S·
890 2184 1010 2229 1250,

353 2247 418 2284 36.
457 2244 516 2279 Ad
550 2244 672 2292 ipsum
698 2241 847 2278 verbum
876 2242 920 2278 cf.
946 2240 1011 2285 lv,

356 2302 447 2339 166.
498 2300 535 2344 l,
572 2301 636 2338 68.
684 2299 758 2338 131
803 2297 890 2345 ibiq.
921 2299 1013 2333 nott.

353 2354 460 2403 Apud
489 2355 635 2391 Homer.
658 2354 696 2389 ll.
720 2353 853 2400 XXIV,
878 2356 931 2393 30
956 2353 1013 2388 in·-

352 2411 493 2447 venitur
525 2423 592 2445 xox
624 2406 872 2459 μαχλοσύνης
917 2421 1012 2456 quae

354 2480 436 2503 cum
465 2467 611 2502 serioris
643 2466 692 2501 sit
712 2466 844 2501 aetatis
865 2465 1012 2501 eadem-

355 2536 426 2571 qm¹
445 2522 491 2558 de
511 2522 650 2558 seminis
682 2533 748 2557 nec
772 2521 818 2556 de
837 2521 920 2555 viris
943 2519 1012 2555 ad-

355 2579 543 2624 hibeatur,
574 2589 716 2613 omnem
737 2576 845 2612 istum
860 2575 1012 2611 Homeri

356 2634 473 2671 locum
499 2648 521 2670 a
548 2632 742 2683 posteriori
772 2644 879 2668 manu
899 2631 1012 2667 inser-

357 2696 431 2727 tum
469 2689 674 2727 voluerunt.
735 2686 786 2724 At
827 2690 1012 2737 γυναῖκες

358 2742 587 2796 μαχλόταται
620 2746 691 2781 iam
731 2745 829 2794 apud
858 2743 1010 2780 Hesiod.

361 2804 461 2854 Opp.
491 2808 529 2841 et
556 2802 604 2840 D.
633 2799 727 2842 584.
788 2799 870 2837 Alia
910 2799 1013 2837 dabit

1060 1200 1192 1248 Heyne
1218 1201 1254 1237 in
1286 1200 1464 1237 Observv.
1496 1199 1544 1236 ad
1568 1198 1720 1236 Homeri

1061 1257 1177 1293 locum
1199 1257 1247 1293 T.
1268 1256 1352 1292 VIII
1374 1270 1409 1306 p.
1432 1257 1524 1296 593.
1545 1276 1600 1282 --
1627 1250 1719 1294 οἴνα-

1060 1311 1269 1365 γνωσθεὶς“
1310 1318 1383 1349 est:
1435 1324 1624 1361 persuasus
1674 1312 1719 1346 ab

1061 1382 1180 1407 uxore.
1240 1369 1340 1406 citat
1368 1368 1500 1404 Suidas
1529 1380 1557 1404 S.
1577 1380 1610 1405 v.
1657 1366 1719 1405 Tu

1061 1427 1157 1463 conf.
1179 1429 1272 1462 nott.
1291 1425 1339 1461 ad
1359 1424 1395 1470 1,
1425 1427 1491 1465 68.

1120 1506 1185 1547 ἐπὶ
1205 1508 1343 1557 ξείνια]
1385 1507 1408 1544 i.
1425 1521 1459 1545 e.
1488 1519 1585 1557 quem
1601 1511 1641 1543 ut
1659 1507 1718 1543 Ιιο-

1065 1567 1186 1615 spz'tem
1204 1565 1375 1614 hospitali
1387 1576 1488 1600 coena
1507 1564 1719 1600 uulneribus-

1067 1635 1131 1671 que
1159 1623 1303 1671 excepit.
1356 1621 1480 1667 ξείνια
1500 1620 1596 1657 haud
1613 1619 1720 1670 pauci

1066 1678 1244 1729 praebent
1262 1677 1365 1722 libri3
1394 1676 1454 1714 alii
1472 1677 1605 1730 ξεινία.
1635 1675 1719 1712 Ald.

1065 1734 1188 1788 ξενίῃ.
1247 1734 1324 1770 Sed
1359 1746 1467 1769 unum
1505 1745 1630 1770 verum
1665 1736 1721 1769 est

1065 1791 1201 1838 ξείνια.
1252 1790 1311 1828 Cf.
1336 1789 1382 1836 Π,
1414 1792 1493 1830 107
1516 1789 1603 1837 ibiq.
1624 1792 1719 1825 nott.

1064 1847 1136 1894 ῙΧ,
1166 1848 1218 1887 88
1251 1849 1287 1883 et
1311 1858 1405 1895 quae
1432 1846 1638 1895 nuperrime
1673 1844 1720 1881 de

1063 1904 1131 1940 hac
1165 1901 1316 1939 formula
1356 1902 1556 1952 disputavit
1592 1900 1720 1937 vamel

1065 1960 1101 1996 in
1129 1958 1424 2008 programmate,
1463 1958 1564 2007 quod
1586 1957 1721 2007 prodiit

1065 2016 1234 2053 Francos.
1258 2016 1375 2055 1831.
1404 2013 1442 2053 4.
1470 2014 1517 2051 de
1539 2013 1721 2050 locutione

1067 2070 1132 2111 ἐπὶ
1151 2071 1275 2118 ξείνια
1294 2073 1450 2117 καλεῖν,-
1487 2070 1524 2106 in
1550 2082 1622 2118 qua
1647 2069 1722 2116 ξεί-

1067 2143 1134 2167 νια
1155 2128 1260 2165 unice
1285 2127 1333 2163 ad
1361 2139 1510 2163 munera
1530 2124 1722 2176 hospitalia

1067 2185 1131 2231 iis,
1170 2185 1381 2233 quibuscum
1406 2182 1600 2232 hospitium
1622 2182 1721 2218 inea-

1067 2245 1149 2285 tur,
1183 2239 1305 2277 offerri
1333 2238 1438 2275 solita
1460 2238 1640 2287 pertinet,
1670 2237 1722 2273 ita

1067 2301 1107 2333 ut
1137 2297 1234 2333 haud
1272 2307 1355 2332 raro
1394 2292 1481 2330 nihil
1519 2293 1617 2329 aliud
1654 2292 1721 2329 nisi

1070 2354 1261 2389 convivium
1310 2350 1486 2399 significet
1541 2349 1721 2398 hospitale.

1068 2409 1130 2446 Tu
1148 2409 1219 2444 vid.
1241 2407 1327 2443 ibid.
1342 2406 1563 2455 potissimum
1582 2419 1665 2454 pag.
1683 2408 1720 2445 S.

1068 2485 1123 2492 —
1149 2463 1206 2500 Ad
1233 2462 1391 2512 ἐξορκοῖ
1416 2462 1510 2498 conf.
1539 2461 1609 2505 111,
1640 2462 1718 2501 133

1069 2520 1154 2567 ibiq.
1172 2524 1263 2555 nott.
1289 2523 1325 2555 et
1344 2518 1390 2554 ad
1418 2530 1575 2565 sequens
1601 2511 1629 2567 ἦ
1649 2515 1721 2565 μὲν

1068 2575 1198 2612 Μᾈίῑῖι
1216 2576 1280 2610 Gr.
1301 2574 1365 2610 Gr.
1391 2571 1426 2623 ἓ.
1447 2573 1528 2613 604
1556 2587 1592 2624 p.
1614 2576 1721 2614 1212

1068 2630 1146 2667 coll.
1185 2631 1341 2679 Gregor.
1372 2630 1457 2665 Cor.
1495 2629 1543 2666 de
1577 2629 1720 2666 dialect.

1067 2686 1143 2723 lou.
1167 2685 1203 2737 §.
1225 2689 1278 2727 62
1303 2699 1388 2736 pag.
1409 2685 1503 2726 471.
1556 2684 1614 2722 Ad
1643 2698 1722 2722 ver-

1067 2743 1152 2779 bum
1173 2737 1486 2794 περιημεκτήσας
1508 2742 1602 2782 conf.
1627 2746 1721 2779 nott.

1068 2800 1117 2836 ad
1136 2800 1165 2846 1,
1187 2798 1253 2839 44.

1723 853 1804 896 349
