1863 3256
418 199 505 239 572

389 311 412 344 2
423 303 717 360 Πασαργάδην
768 304 907 358 γένος.

819 192 1285 234 IIERODOTI

973 303 1075 356 πρὶν
1125 302 1170 344 δὲ
1220 300 1249 355 ἢ
1301 298 1552 343 ἀποστεῖλαι
1596 302 1728 357 τὴν90

419 375 642 430 στρατιὴν,
681 372 704 416 ὁ
739 372 976 426 Ἀρυάνδης
1014 371 1182 426 πέμψας
1219 371 1260 421 ἐς
1289 370 1368 427 τὴν
1399 370 1573 427 Βάρκην
1601 371 1674 427 κή-

418 462 551 500 ρυκα,
583 441 848 487 ἐπυνθάνετο
878 442 941 490 τίς
969 443 1032 497 εἴη
1062 441 1084 484 ὁ
1105 440 1383 494 Ἀρκεσίλεων
1407 440 1673 493 ἀποκτείνας.

389 517 469 558 3οί
501 515 546 558 δὲ
570 517 780 565 Βαρκαῖοι
811 510 935 554 αὐτοὶ
964 510 1225 554 ὑποδεκὲατο
1255 510 1430 562 πάντες·
1462 511 1600 555 πολλά
1628 529 1671 556 τε

416 585 497 640 γὰρ
536 583 608 626 καὶ
646 582 757 625 κακὰ
792 581 970 637 πάσχειν
1007 581 1085 625 ὑπ’
1126 581 1277 626 αὐτοῦ.

1340 583 1590 638 πυθόμενος
1625 584 1670 627 δὲ

417 657 553 696 ταῦτα
595 651 618 694 ὁ
654 650 914 707 Ἀρυάνδης,
965 653 1080 697 οὕτω
1121 653 1174 709 δή
1212 653 1291 708 τήν
1330 653 1533 710 στρατιήν
1571 654 1727 697 εἰπέ-95

388 727 551 767 4στειλε
582 721 671 777 ἅμα
699 726 752 778 τῇ
788 726 1010 779 Φερετίμῃ.
1051 725 1172 780 Αὕτη
1202 726 1280 779 μέν
1308 742 1391 768 νυν
1421 727 1533 780 αἰτίη
1561 725 1668 779 πρό-

417 806 555 848 σχημα
595 796 676 835 τοῦ
710 793 843 848 λόγου
881 793 1064 848 ἐγίνετο·
1113 794 1380 848 ἀπεπέμπετο
1416 795 1460 838 δὲ
1487 795 1513 851 ἡ
1545 808 1670 850 στρα-

415 862 508 919 τιὴ,
558 862 615 914 ὠς
658 863 752 919 ἐμοὶ
797 864 985 917 δοκέειν,
1032 865 1100 909 ἐπὶ
1151 863 1329 920 Λιβύων
1376 869 1668 923 καταστροφῇ.

359 1074 431 1110 isse
458 1076 582 1111 censet
609 1071 783 1109 Valcken.
843 1072 923 1110 Nec
948 1073 1016 1110 hoe

361 1130 441 1179 ipso
474 1129 554 1166 loco
586 1134 756 1166 constant
786 1129 854 1165 sibi
889 1129 1016 1178 scripti

358 1184 452 1222 libri.
499 1185 560 1221 Sic
577 1184 629 1229 V,
659 1187 710 1225 21
736 1189 771 1222 et
789 1184 895 1232 VIII,
922 1187 1011 1232 136,

359 1242 421 1290 qui
439 1245 591 1278 vocatur
611 1240 841 1292 Βουβάρης,
878 1242 906 1277 is
934 1254 1013 1277 mo-

359 1301 469 1335 nente
486 1297 659 1334 Valcken.
679 1298 774 1334 idem
795 1298 936 1334 videtur
956 1302 1013 1333 at-

359 1366 430 1401 que
456 1349 655 1403 Βούβαρις
676 1353 765 1399 VII,
796 1355 862 1393 21.
913 1353 1012 1390 Idem

358 1409 486 1446 Valck.
513 1409 637 1445 laudat
664 1408 803 1446 Aeliau.
836 1410 879 1446 V.
908 1409 956 1445 H.
986 1409 1013 1456 Ι,

309 1496 312 1500 Α
358 1467 414 1505 27
445 1469 482 1502 et
510 1463 642 1501 Athen.
671 1465 706 1500 X
732 1477 816 1514 pag.
846 1467 927 1506 416
954 1465 1012 1512 B.‚

358 1521 419 1557 ubi
444 1521 687 1570 Καντίβαρις
708 1521 830 1557 Persa.
848 1542 903 1547 -——
924 1520 1013 1557 Mox

357 1577 443 1613 dedi
470 1575 712 1615 ὑποδεκέατο
745 1589 823 1613 cum
846 1576 1012 1625 Schwgh.

358 1636 395 1669 et
416 1633 530 1669 Gaisf.
557 1645 623 1682 pro
654 1631 904 1671 ὑπεδέκοντο.
953 1633 1013 1669 Cf.

357 1692 449 1725 nott.
473 1689 521 1725 ad
541 1689 604 1734 III,
624 1691 673 1729 61
691 1717 701 1735 ‚
731 1693 767 1726 et
786 1690 831 1725 de
848 1688 947 1726 verbi
965 1689 1015 1725 si-

357 1745 592 1792 gnificatione
622 1749 712 1784 nott.
742 1746 788 1781 ad
821 1745 892 1792 III,
922 1746 1011 1785 130.

356 1799 477 1838 Verba
508 1796 634 1838 πολλά
664 1815 704 1839 τε
741 1799 807 1838 καὶ
841 1797 943 1839 κακοὶ
976 1804 1013 1838 et

356 1853 481 1895 πολλοὶ
494 1856 560 1894 καὶ
574 1861 741 1896 παντοῖα
752 1857 1010 1906 attigitMatth.

357 1910 394 1963 ἓ.
421 1911 517 1959 444,
536 1912 562 1951 4
581 1927 662 1963 pag.
685 1915 777 1954 830-

413 1964 619 2019 πρόσχημα
645 1972 716 2008 τοῦ
745 1965 860 2020 λόγου
889 1968 1011 2021 ἐγίνε-

356 2025 413 2075 το]
446 2022 591 2076 ,,λο’γου
613 2021 820 2075 πρόσχημα
835 2026 1008 2062 velamen-

357 2085 430 2118 tum
454 2087 491 2119 et
520 2082 610 2118 color
640 2085 804 2118 sermonis
830 2088 905 2128 est,
937 2095 1009 2131 quo

356 2138 541 2175 veritatem
573 2138 846 2174 dissimuiabant
864 2138 1010 2175 Persae.

357 2194 551 2230 Geminum
585 2207 795 2243 germanum
824 2194 896 2242 VI,
930 2196 1009 2235 133

356 2252 473 2304 τοῦτο
496 2247 567 2299 μὲν
589 2247 636 2300 δὴ
662 2245 870 2300 πρόσχημα
892 2246 1008 2301 λόγου

355 2306 430 2354 ’ἡντ
461 2306 521 2342 Ιιοε
537 2307 644 2342 colore
660 2309 751 2343 inter
761 2306 913 2355 samlum.
925 2307 1010 2343 Mil-

357 2361 474 2397 tiades
498 2362 704 2398 utduztur.“
746 2362 1008 2410 Wesselcng.

354 2416 451 2453 Add.
474 2417 612 2454 Herod.
636 2418 697 2463 VI,
720 2418 784 2458 44.
815 2419 894 2464 VII,
919 2421 1008 2459 157.

356 2471 523 2520 Thucyd,
546 2473 574 2517 l,
591 2476 654 2513 96.
696 2474 846 2510 Diodor.
869 2476 940 2511 Sic.
965 2476 1008 2520 ΙΙ,

356 2530 380 2567 6
411 2528 497 2576 ibiq.
536 2527 689 2565 Wessel.
727 2529 921 2565 Ruhnken.
960 2531 1007 2567 ad

356 2583 500 2621 Timaei
521 2583 610 2621 Lex.
632 2583 723 2620 Plat.
743 2597 827 2634 paor.
847 2587 940 2624 221.

411 2638 475 2678 ἐπὶ
516 2635 685 2690 Λιβύων
730 2641 1004 2692 καταστροφῇ]

356 2691 537 2746 Λιβύης,
567 2697 666 2744 quod
689 2696 836 2745 quidam
858 2697 935 2733 libri
955 2699 1010 2733 as-

356 2753 496 2798 serunt,
537 2752 633 2788 hand
668 2753 824 2789 absurde
853 2754 1008 2802 positum

357 2821 370 2842 x
382 2809 501 2846 idctur
518 2808 869 2858 Schweighaeusero.
921 2809 1009 2846 Mihi

1071 1073 1108 1109 in
1144 1071 1289 1121 vulgata
1328 1072 1632 1122 acquiescendum
1669 1073 1725 1109 vi-

1072 1130 1199 1175 detur,
1239 1128 1294 1166 vel
1321 1129 1368 1166 ob
1388 1130 1497 1166 verba
1522 1129 1724 1177 sequentia.

1069 1185 1126 1223 De
1143 1186 1220 1234 ipso
1239 1190 1451 1233 argumento
1472 1185 1521 1221 sic
1532 1184 1724 1222 Valckens

1070 1241 1173 1288 „Ista
1198 1241 1425 1278 Herodotum
1460 1241 1636 1278 adiecisse
1663 1252 1724 1278 ee-

1070 1298 1176 1342 teris‚
1216 1298 1368 1346 opinor,
1414 1301 1454 1333 ut
1495 1297 1722 1334 commodam

1069 1353 1137 1389 hoc
1154 1354 1189 1389 in
1208 1352 1285 1389 loco
1308 1354 1374 1389 sibi
1392 1357 1537 1402 pararet
1557 1353 1719 1388 occasio-

1069 1422 1152 1446 nem
1171 1413 1300 1456 gentes
1320 1409 1530 1446 recensendi
1542 1407 1719 1456 Libycas:

1068 1477 1153 1501 nam
1180 1465 1334 1501 libenter
1367 1464 1425 1502 ille
1455 1464 1721 1500 narrationibus

1068 1520 1264 1557 interiectis
1293 1521 1343 1557 sic
1374 1521 1507 1569 passim
1538 1520 1584 1556 ab
1619 1520 1722 1556 insti-

1065 1580 1143 1613 tuto
1168 1589 1335 1613 sermone
1354 1576 1579 1624 digreditur,
1608 1579 1649 1612 ut
1670 1574 1723 1613 le·-

1066 1637 1201 1669 ctorem
1223 1645 1365 1682 semper
1382 1632 1538 1669 iucunda
1565 1632 1722 1669 varieta-

1067 1693 1103 1725 te
1123 1693 1248 1725 teneat
1267 1694 1304 1726 et
1323 1688 1496 1734 oblectet,
1534 1688 1720 1737 ποικίλην

1068 1739 1275 1795 ἐβουλήθη
1315 1746 1478 1794 ποιῆσαι
1515 1741 1588 1793 τήν
1630 1759 1721 1796 γρα-

1069 1798 1176 1850 φήν,
1215 1797 1389 1851 Ὁμήρου
1408 1798 1580 1849 ζηλωτής
1602 1795 1721 1852 γενό-

1069 1872 1206 1908 μενος,
1235 1861 1276 1893 ut
1297 1858 1418 1893 scribit
1428 1857 1624 1905 Dionysius
1641 1857 1720 1894 Ha-

1067 1914 1120 1950 lic.
1152 1914 1187 1949 in
1210 1913 1280 1962 Ep.
1301 1914 1348 1949 ad
1371 1912 1531 1962 Pompei.
1563 1926 1598 1962 p.
1623 1914 1718 1958 208,

1066 1970 1134 2006 hac
1162 1970 1268 2006 etiam
1304 1970 1341 2005 iu
1377 1973 1479 2018 parte
1510 1969 1717 2017 Thucydidi

1066 2026 1292 2063 Herodotum
1312 2026 1540 2074 praeferenS‚
1571 2029 1607 2062 et
1625 2026 1719 2062 fate-

1064 2087 1124 2118 tur
1149 2083 1302 2131 ipsemet
1318 2081 1550 2127 Herodotus,
1575 2082 1719 2130 quaesi-

1065 2139 1160 2175 visse
1175 2151 1214 2175 se
1236 2138 1496 2185 digressiones,
1523 2137 1717 2174 lectoribus

1065 2194 1162 2231 velut
1215 2189 1457 2239 α’ναπαύσεις
1476 2208 1487 2228 .·
1544 2194 1616 2239 lv,
1661 2194 1717 2233 30

1067 2244 1303 2301 προσθήκας
1345 2245 1394 2299 δή
1432 2264 1498 2300 μοι
1539 2247 1562 2288 ό
1600 2243 1717 2298 λόγος

1066 2305 1104 2353 ἐξ
1129 2301 1253 2357 ἆρχῆς
1278 2305 1426 2355 ἐδίζητο
1459 2304 1533 2354 [ubi
1561 2304 1622 2341 Tu
1644 2305 1716 2342 vid.

1066 2368 1158 2399 nott.
1181 2362 1259 2399 coll.
1279 2362 1325 2398 ad
1349 2362 1373 2408 I,
1393 2360 1474 2410 23].
1490 2363 1513 2380 “
1561 2360 1716 2398 Valcke-

1066 2419 1188 2455 naerio
1226 2417 1464 2466 adstipulatur
1498 2416 1714 2454 Dahimaun.

1064 2475 1202 2512 Herod.
1220 2486 1254 2522 p.
1279 2473 1368 2512 165.
1399 2473 1488 2508 Mihi
1510 2472 1576 2509 hoc
1595 2473 1715 2521 potius

1063 2530 1131 2567 hoc
1150 2530 1226 2565 Ioco
1246 2529 1491 2576 quaerendum
1513 2529 1715 2575 videbatur,

1062 2586 1159 2622 unde
1203 2585 1294 2620 hanc
1342 2585 1455 2634 ipsam
1509 2585 1716 2633 acquisierit

1063 2646 1166 2691 patei·
1188 2640 1355 2677 historiae
1376 2640 1590 2690 Libycarum
1621 2653 1715 2689 gen-

1063 2697 1150 2733 tium
1172 2697 1426 2744 cognitionem.
1477 2696 1534 2734 De
1555 2697 1717 2733 interiori

1066 2750 1186 2789 Africa
1209 2754 1327 2801 deque
1355 2754 1524 2801 gentibus
1554 2765 1633 2790 eam
1661 2753 1715 2788 iu-

1066 2809 1266 2847 colentibus
1295 2821 1389 2859 quae
1423 2810 1553 2857 refert,
1604 2822 1646 2846 ea
1676 2809 1713 2845 in

1733 728 1815 771 356
