1863 3256
482 231 1333 281 ADHERODOT.1V,42‚
1581 244 1666 282 (369

148 348 244 384 sacta
262 347 370 384 suerit
388 347 546 385 dubitari
567 345 695 397 possit.
756 345 812 383 Ab
830 345 1012 383 Herodoti
1032 345 1243 384 testimonio
1265 351 1434 389 standum
1453 355 1667 403 pronuntiat

147 427 295 464 quoque
308 415 586 453 Schlichthorst.
606 413 766 463 (Geogr.
790 413 904 451 Afric.
924 412 1063 451 Herod.
1080 425 1116 463 p.
1142 412 1255 462 110),
1285 423 1511 467 argumenta,
1533 422 1664 470 quibus

146 482 397 520 dubitationes
425 496 447 519 a
467 482 662 520 Manuerto
683 481 850 532 prolatae
879 481 968 519 dilui
990 482 1153 531 possint,
1194 481 1256 520 alii
1286 486 1439 534 tempori
1473 499 1663 525 reservans

145 551 375 600 exponenda.
436 551 549 595 Quod
569 563 666 588 nunc
686 550 814 588 fecisse
841 554 964 599 putem
985 550 1144 587 Heffter.
1172 550 1208 587 in
1228 549 1333 588 Iahn.
1354 556 1391 588 et
1410 554 1567 591 Seebod.
1589 555 1664 593 An-

144 617 230 654 nall.
250 617 385 668 philoll.
407 619 558 668 (1831)
578 619 633 663 11,
664 616 690 657 4
714 630 801 668 pag.
821 617 903 659 428
925 629 1030 666 seqq.
1061 617 1222 666 singulas
1247 618 1435 656 Mannerti
1466 621 1665 659 dubitatio-

144 697 209 722 nes
229 686 291 735 qui
313 690 481 724 recenset
510 690 622 735 atque
647 686 790 722 refutat.
849 685 903 723 Ut
924 685 1019 722 enim
1043 689 1183 723 taceam
1207 698 1228 722 a
1252 699 1339 724 vero
1363 688 1511 725 minime
1531 689 1664 726 abhor-

142 766 222 790 rere
241 781 253 800 ,
309 753 510 791 Phoenices
529 781 541 800 ,
598 765 691 803 quos
739 751 852 803 longe
897 753 1044 803 lateque
1092 754 1247 791 navibus
1292 755 1418 793 orbem
1479 759 1658 793 terrarum

140 819 380 871 perlustrasse
410 824 446 858 et
474 821 521 858 ad
559 820 689 858 Baltici
722 833 837 871 usque
874 822 983 859 maris
1034 821 1141 858 litora
1181 823 1394 873 pervenisse
1439 824 1662 874 accepimus,

140 886 298 925 Africam
344 900 494 937 quoque
549 889 902 938 circumnavigasse,
966 890 1065 927 cuius
1105 894 1246 940 partem
1295 895 1394 929 certe
1437 892 1510 929 iam
1551 895 1662 930 antea

139 955 340 994 accuratius
390 960 615 1006 cognorant,
675 957 829 1007 eiusque
867 958 1088 996 narrationis
1131 962 1258 997 testem
1309 972 1391 997 esse
1443 960 1661 1010 scriptorem

139 1024 214 1061 fide
233 1023 509 1073 dignissimum,
538 1026 595 1063 cui
617 1037 691 1074 quo
712 1026 830 1062 minus
851 1027 908 1064 hic
927 1039 1073 1076 quoque
1094 1026 1267 1064 faciamus
1292 1027 1401 1065 fidem
1414 1056 1425 1075 ,
1456 1028 1555 1066 nulla
1574 1042 1662 1080 pro-

138 1092 234 1130 fecto
256 1093 382 1129 obstat
401 1105 511 1130 causa
528 1093 684 1140 idonea3
715 1095 780 1133 sed
802 1094 870 1131 hoc
891 1098 931 1130 ut
951 1094 1115 1131 omittam
1128 1121 1139 1139 ,
1178 1093 1214 1130 in
1235 1095 1315 1145 ipsa
1331 1093 1513 1132 Herodoti
1533 1108 1660 1134 narra-

137 1161 238 1199 tione
256 1160 344 1198 nihil
365 1165 444 1208 cst,
475 1162 577 1211 quod
598 1161 708 1198 ullam
734 1162 930 1200 commenti
949 1162 1174 1200 mendaciive
1197 1162 1438 1213 suspicionem
1467 1163 1545 1201 iure
1572 1176 1659 1201 mo·-

137 1233 242 1276 veat,
266 1230 361 1268 bene
378 1234 550 1268 monente
570 1230 729 1270 Heeren.
751 1230 773 1268 l.
796 1230 819 1269 l.
843 1231 882 1278 Ι,
911 1234 938 1272 2
956 1243 1043 1281 pag.
1069 1232 1135 1271 81.
1194 1230 1275 1268 Nec
1293 1231 1464 1280 equidem
1490 1243 1579 1269 sane
1601 1232 1658 1269 in-

135 1298 284 1347 tellig0,
315 1311 388 1348 quo
409 1298 488 1336 iure
505 1297 695 1337 Neconem
712 1299 793 1336 talis
816 1298 1059 1350 expeditionis
1081 1299 1271 1336 consilium
1289 1299 1474 1348 suscipere
1494 1299 1660 1350 potuisse

135 1379 335 1415 negemus3
373 1379 480 1417 quem
509 1366 622 1404 multa
647 1368 764 1404 ardua
790 1370 887 1404 terra
911 1367 1076 1416 marique
1103 1367 1333 1417 suscepisse,
1371 1379 1481 1416 quem
1506 1368 1555 1404 ad
1582 1367 1660 1404 Eu—

134 1434 301 1485 phratem
328 1448 444 1485 usque
466 1447 569 1473 arma
597 1434 759 1472 victricia
784 1433 984 1486 protulisse
1005 1434 1253 1484 maximasque
1277 1434 1411 1472 classes
1437 1436 1658 1473 exstruxisse

133 1503 336 1553 accepimus
352 1504 414 1552 *),
451 1503 515 1553 qui
536 1502 801 1550 Phoenicibus,
841 1503 1068 1553 peritissimis
1092 1503 1212 1541 nautis
1235 1503 1283 1540 ad
1305 1502 1380 1541 tale
1401 1503 1587 1540 consilium
1612 1516 1657 1541 eo

134 1571 251 1620 magis
269 1571 322 1608 uti
337 1571 468 1622 potuit,
489 1583 562 1620 quo
579 1570 695 1619 magis
707 1571 931 1608 Phoenicum
948 1574 1126 1621 potestas,
1146 1575 1230 1608 tunc
1248 1571 1423 1621 temporis
1447 1571 1519 1608 iam
1541 1571 1655 1609 debi-

57 1659 59 1661 ·
132 1639 253 1685 litata,
283 1639 383 1677 haud
405 1640 457 1676 ita
474 1638 586 1676 multo
604 1642 692 1688 post
712 1650 735 1674 a
754 1638 1123 1676 Nabuchodonosore
1144 1639 1196 1675 ita
1216 1641 1333 1677 fracta
1352 1643 1433 1686 est,
1472 1644 1513 1676 ut
1534 1639 1653 1677 Phoe-

132 1707 230 1744 nices
248 1707 318 1758 ipsi
339 1707 545 1745 istiusmodi
569 1706 866 1757 expeditionibus
896 1706 1104 1756 longinquis
1132 1707 1280 1745 minime
1299 1719 1449 1759 operam
1477 1708 1566 1746 dare
1584 1720 1652 1758 po-

131 1774 282 1812 tuerint.
340 1774 450 1814 Conf.
469 1775 630 1813 Heeren.
651 1774 762 1812 ldeen
782 1774 821 1821 I,
856 1777 882 1814 2
909 1787 993 1824 pag.
1017 1776 1084 1817 82.

180 1852 186 1860 '
244 1842 320 1880 Iam
339 1844 440 1892 quod
456 1843 700 1893 navigationis
721 1841 956 1880 difficultates
976 1843 1150 1880 obiiciunt
1167 1843 1414 1894 temporisque
1435 1845 1650 1882 brevitatem

131 1915 206 1958 aut,
234 1914 277 1948 ut
295 1910 374 1948 aliis
394 1911 532 1962 placet,
562 1911 710 1947 nimiam
735 1910 908 1960 temporis
928 1910 1194 1960 longitudinem
1213 1911 1250 1948 in
1269 1911 1337 1948 hoc
1353 1912 1422 1949 iter
1440 1913 1650 1960 insumtam,

130 1977 221 2017 haec
240 1979 388 2017 minime
408 1979 496 2017 talia
519 1991 621 2027 esse,
651 1991 747 2028 quae
772 1979 989 2016 narrationis
1016 1979 1126 2017 fidem
1153 1979 1295 2018 elevare
1327 1980 1498 2030 adeoque
1521 1981 1650 2020 tollere

128 2047 283 2097 possint,
313 2046 409 2085 bene
425 2048 518 2086 vidit
536 2048 696 2086 Heeren.
718 2045 742 2083 l.
759 2046 782 2083 l.
803 2059 892 2097 pag.
915 2049 968 2088 83
990 2048 1162 2097 idemque
1181 2049 1324 2086 edocuit
1339 2048 1495 2087 Rennel.
1513 2050 1652 2099 Geogr.

127 2113 268 2152 Herod.
303 2127 390 2166 pag.
420 2117 503 2157 693
531 2114 638 2166 (coll.
661 2115 793 2154 Ukert.
822 2115 860 2162 Ι,
893 2117 915 2157 1
946 2129 1033 2167 pag.
1064 2116 1146 2165 47)
1183 2119 1353 2153 accurata
1387 2117 1653 2167 disputatione,

127 2182 201 2232 qua
220 2182 364 2232 singula
384 2185 505 2234 spatia
526 2183 769 2222 Phoenicibus
788 2184 1047 2233 navigantibus
1065 2185 1292 2235 permeanda
1310 2184 1508 2233 diligenter
1527 2199 1653 2224 emen-

127 2263 213 2298 sus,
241 2255 436 2289 ventorum
459 2252 564 2289 simul
590 2253 694 2290 statis
719 2253 905 2290 mensibus
933 2254 1125 2300 flantium,
1158 2253 1302 2291 ratione
1330 2253 1476 2301 habita,
1513 2254 1654 2304 optime

126 2319 444 2367 commonstravit,
474 2320 524 2357 nil
542 2320 717 2358 hactenus
739 2320 914 2366 inveniri,
944 2333 1018 2370 quo
1044 2322 1163 2358 minus
1188 2321 1389 2359 Phoenices
1406 2324 1573 2372 tempore
1593 2322 1652 2359 in-

127 2385 251 2423 dicato
270 2386 429 2424 Africam
451 2388 759 2438 circumnavigare
777 2382 940 2438 illudque
961 2389 1029 2426 iter
1047 2390 1226 2428 conficere
1247 2389 1413 2439 potuisse
1440 2389 1652 2429 existimen-

127 2456 185 2489 tur
200 2449 277 2502 **).
337 2455 411 2499 Qui
431 2468 542 2505 quum
565 2461 701 2495 terram
719 2469 762 2494 ac
777 2455 885 2493 litora
906 2457 1135 2506 potissimum
1157 2457 1346 2507 legerent,
1375 2457 1517 2495 facilius
1540 2459 1651 2497 etiam

128 2520 257 2557 victum
277 2533 320 2559 ac
338 2527 464 2573 potum
494 2526 736 2563 necessarium
762 2524 852 2562 inde
872 2524 941 2562 sibi
961 2539 1172 2577 comparare
1191 2529 1399 2577 potuerunt.
1460 2525 1566 2569 Quae
1587 2538 1650 2563 ea-

128 2588 213 2625 dem
230 2581 427 2628 observans
446 2592 603 2631 Rennel.
619 2592 642 2631 l.
661 2593 684 2630 l.
704 2605 792 2644 pag.
811 2592 915 2642 695,
953 2595 1062 2631 maris
1083 2607 1231 2645 quoque
1249 2595 1382 2631 fluctus
1404 2598 1507 2630 tanta
1530 2594 1646 2644 impe-

171 2745 206 2789 *)
233 2744 334 2778 Conf.
355 2744 399 2779 de
419 2745 492 2789 his,
516 2759 606 2792 quae
625 2749 724 2794 plura
741 2749 873 2794 singula
890 2751 1105 2795 protulerunt
1120 2748 1263 2783 Rennel.
1288 2758 1365 2792 pag.
1388 2748 1466 2783 689.
1492 2748 1641 2782 Heeren.

215 2801 322 2836 Ideen
343 2802 381 2844 I,
402 2804 432 2838 2.
450 2814 531 2848 pag.
550 2807 607 2840 82.
645 2807 753 2841 Koes.
772 2806 794 2841 l.
812 2806 834 2840 l.
857 2818 939 2851 pag.
961 2805 1006 2842 14
1021 2817 1118 2851 seqq.

170 2870 222 2914 ⁸*)
247 2871 351 2905 Conf.
375 2870 479 2906 etiam
498 2872 602 2907 Koes.
622 2873 644 2909 l.
664 2874 687 2908 l.
708 2885 788 2920 pag.
807 2876 850 2909 21
869 2885 966 2919 seqq.
