1863 3256
489 85 1045 125 ΜΕΙΛΡΟΜΕΝΕ.
1105 89 1165 125 1v.
1371 97 1452 136 453

198 198 400 251 στρατιῇ,
434 195 597 238 ἐκέλευε
626 192 768 237 πάντα
797 193 937 249 ἄνδρα
966 197 1096 238 λίθον
1125 194 1201 238 ἕνα
1229 200 1448 251 παρεξιόυ-

169 272 253 307 3τα
278 265 445 309 τιθέναι
474 266 515 316 ἐς
548 264 596 309 τὸ
628 264 973 321 ἀποδεδεγμένον
1000 269 1131 310 τοῦτο
1161 267 1334 322 χωρίον.
1393 270 1451 319 ὠς

196 336 241 378 δὲ
274 339 408 378 ταῦτα
445 335 472 392 ἡ
513 335 689 392 στρατιή
728 335 961 386 ἐπετέλεσε,
1006 336 1197 380 ἐνθαῦτα
1227 337 1450 389 κολωνοὺς

195 404 409 461 μεγάλους
457 410 544 449 τῶν
590 409 730 449 λίθων
775 407 1041 459 καταλιπών,
1111 406 1324 452 ἀπέλαυνε
1371 407 1451 464 τὴν

196 474 414 530 στρατιήν.
1460 485 1505 520 60

302 545 417 598 Πρὶν
454 545 499 588 δὲ
538 545 770 589 ἀπικέσθαι
809 546 878 589 ἐπὶ
916 549 993 592 τὸν
1012 549 1200 604 Ἵστρον,
1241 548 1443 605 πρώτους
1500 557 1773 621 ἓιῐιίῐῑηξῐὲτροςίεὴΐξ-

162 615 328 668 Ξαὶρεέι
358 614 492 666 Γέτας
531 614 634 667 τούς
673 613 1026 671 ἀθανατίζοντας.
1087 617 1132 660 οἱ
1165 616 1245 672 μὲν
1274 619 1357 676 γὰρ
1390 618 1443 676 δή
1501 625 1775 687 ξέῧίξξξῐῑιῑξῡῑωὲξῑ

1501 694 1570 725 tae,
1598 693 1626 719 vi
1650 693 1773 720 subacti.

188 746 368 786 ἐνθαῦτα
383 743 584 793 κολωνοῦς
600 744 792 800 μεγάλους
848 752 1013 799 tandum,
1045 752 1133 801 quin
1152 752 1326 790 Getarum
1347 751 1501 803 populus

133 819 167 843 κ.
199 819 230 842 τ.
261 804 317 853 λ.]
356 803 560 854 Lapidibus
596 805 632 840 in
665 806 790 842 tumuli
847 807 951 857 isque
979 808 1248 858 potentissimus
1266 808 1387 846 Dacos
1409 821 1501 858 quo-

132 861 285 898 sormam
333 860 515 910 congestis
556 867 790 899 monumenta
847 876 918 912 que
935 864 1261 915 comprehenderit.
1291 864 1501 903 Vid.Bern-

133 917 292 966 erigere,
322 917 536 967 praesertim
558 918 733 955 montium
751 919 787 955 in
844 919 959 969 hardy
1000 921 1047 957 ad
1082 919 1233 970 Dionys.
1268 920 1409 970 Perieg.
1447 934 1500 959 vs.

133 973 376 1010 cacuminibus
412 972 562 1022 aliisque
593 973 678 1010 locis
711 974 787 1011 edi·
844 975 924 1016 305
947 989 981 1026 p,
1000 976 1079 1017 593
1102 989 1178 1025 seq.
1208 976 1384 1013 Niebuhr.
1403 977 1499 1015 Hist.

131 1029 282 1066 tioribus
310 1034 373 1066 aut
400 1030 436 1073 in
465 1029 650 1076 confiniis,
677 1030 785 1066 moris

131 1086 240 1122 fuisse
258 1086 357 1134 apud
368 1085 528 1122 Graecos
545 1098 661 1133 aeque
674 1090 785 1134 atque

131 1140 324 1178 orientales
360 1140 522 1177 homines
554 1140 651 1177 haud
671 1154 785 1190 pauca

129 1200 411 1234 commonstrant
422 1197 553 1233 rudera
561 1195 783 1246 lapideorum

129 1251 368 1299 tumulorum,
415 1264 508 1301 quae
557 1252 674 1290 adhuc
716 1266 784 1303 per

127 1308 237 1346 Asiae
275 1313 387 1357 atque
420 1307 590 1358 Europae
628 1309 781 1346 borealis

126 1369 262 1402 tractus
276 1366 518 1414 reperiuntur.
549 1365 692 1402 Monuit
701 1366 782 1402 Rit—

127 1426 195 1459 ter.
221 1420 336 1457 Erdk.
358 1421 389 1457 Π
414 1433 499 1471 pag.
519 1423 598 1461 771
627 1433 704 1471 seq.
726 1443 781 1448 —

126 1478 198 1514 Pro
223 1471 428 1526 ἀπήλαυνε
448 1477 486 1513 in
506 1477 578 1514 fine
598 1489 677 1528 cap.
700 1490 779 1515 cum

126 1533 330 1581 Schweigh.
385 1538 423 1571 et
481 1533 598 1570 Gaisf.
654 1534 780 1584 scripsi

127 1585 332 1628 ἀπέλαυνε.

313 1646 423 1696 Cap.
453 1645 584 1683 XCIII.

181 1697 361 1754 πρώτους
389 1700 509 1753 αἱρέει
542 1699 662 1748 Γέτας
688 1698 780 1747 τούς

125 1753 460 1809 ἀθανατίζοντας]
521 1759 638 1795 Getae
695 1757 779 1794 olim

124 1816 302 1852 tenebant
336 1815 416 1852 loca
451 1815 497 1851 ab
536 1815 676 1851 Haemo
719 1826 779 1851 ex-

123 1877 226 1908 tensa
262 1884 377 1920 usque
415 1872 463 1908 ad
494 1871 643 1915 Istrum,
683 1870 779 1907 intra

121 1927 305 1975 lantram,
346 1928 517 1973 fluvium,
558 1931 595 1964 et
620 1926 778 1963 Pontum

122 1982 323 2021 Euxinum:
372 1996 465 2032 quae
496 1996 591 2020 nunc
619 1983 667 2019 ad
692 1982 779 2019 Bul-

123 2040 259 2089 gariam
282 2039 502 2088 Serviaeque
514 2044 653 2090 partem
666 2039 779 2089 perti-

123 2102 223 2133 nent.
264 2096 322 2132 Cf.
353 2096 534 2133 Gatterer.
561 2094 583 2131 l.
610 2095 633 2131 l.
654 2108 689 2145 p.
708 2094 774 2135 35.

123 2152 199 2189 Sed
226 2156 357 2203 postea
381 2153 536 2202 Philippi
563 2150 776 2188 Macedonis

123 2212 247 2246 aetate
272 2209 404 2246 Istrum
430 2209 569 2246 traiecti
596 2208 775 2257 regiones,

124 2277 218 2313 quae
247 2277 342 2302 nunc
368 2266 415 2302 ad
433 2263 639 2302 valachiam
666 2268 776 2312 atque

124 2320 344 2358 Moldaviam
374 2322 580 2371 pertinent,
624 2332 779 2370 occupa-

124 2380 228 2423 runt3
262 2378 322 2414 ubi
348 2378 522 2415 Romanis
550 2376 687 2413 Dacum
714 2389 780 2413 no-

125 2431 222 2470 mine
238 2433 436 2471 innotuere.
470 2434 559 2471 Inde
578 2432 778 2479 Pliniusfl.

124 2486 173 2524 N.
216 2488 289 2534 lv,
335 2491 388 2530 25
439 2489 553 2538 (12):
612 2490 776 2538 ,‚Getae‚

125 2543 217 2581 Daci
252 2544 424 2582 Romanis
455 2547 582 2583 dicti.“
636 2545 776 2589 Quam-

125 2611 235 2649 quam
273 2600 368 2637 enim
408 2606 512 2648 sunt,
555 2602 618 2651 qui
656 2602 776 2649 Getas,

127 2660 272 2704 gentem
292 2655 525 2705 Thracicam,
551 2670 574 2695 a
592 2657 702 2695 Dacis
722 2658 778 2694 di-

127 2712 259 2762 stingui
283 2711 416 2758 velint‚
445 2713 501 2750 vix
522 2717 644 2752 tamen
675 2714 779 2751 dubi-

843 1031 989 1069 Schrist.
1011 1032 1025 1068 Ι
1052 1044 1135 1082 pag.
1156 1034 1237 1072 376
1261 1044 1338 1081 seq,
1378 1032 1427 1069 Et
1445 1033 1499 1069 vi-

843 1088 973 1124 dentur
1013 1099 1102 1125 sane
1135 1088 1310 1138 temporis
1340 1088 1496 1126 decursu

842 1142 976 1189 Getae,
996 1155 1106 1192 quam
1119 1142 1333 1180 Thracicam
1349 1148 1496 1192 gentem

840 1211 933 1245 esse,
953 1198 1143 1236 Herodoto
1157 1203 1268 1248 atque
1278 1199 1493 1248 Thucydide

839 1254 1058 1301 auctoribus,
1070 1254 1274 1300 statuimus,
1287 1256 1401 1304 magis
1417 1268 1494 1292 ma-

839 1311 969 1360 gisque
1028 1311 1134 1347 sedes
1188 1323 1272 1347 suas
1332 1324 1493 1348 commu-

837 1373 933 1404 tasse
954 1366 1111 1416 indeque
1129 1367 1177 1403 ad
1198 1367 1278 1403 lstri
1300 1367 1494 1417 superioris

837 1428 1029 1472 utramque
1060 1423 1198 1473 ripam,
1237 1423 1350 1472 magis
1379 1423 1494 1472 igitur-

836 1480 885 1516 ad
922 1479 1170 1526 occidentem,
1207 1479 1390 1516 habitasse
1425 1492 1492 1529 per

836 1534 1125 1584 Tmnsylvaniae
1144 1539 1257 1584 atque
1277 1534 1492 1584 Hungariae

835 1596 983 1629 tractus.
1016 1591 1122 1634 Quae
1144 1591 1288 1628 uberius
1308 1603 1491 1640 exponere

834 1648 937 1684 huius
966 1647 1032 1684 loci
1065 1659 1138 1684 non
1162 1651 1226 1684 est.
1276 1645 1345 1683 Vid
1382 1645 1491 1683 Man-

834 1708 926 1741 nert.
944 1703 994 1740 lv
1012 1715 1096 1752 pag.
1115 1704 1193 1743 173
1212 1715 1289 1751 seq.
1320 1702 1407 1750 Vll,
1435 1704 1490 1743 30

836 1764 873 1798 et
892 1772 985 1809 quae
998 1759 1220 1796 Herodoteis
1240 1771 1402 1807 congrua
1414 1759 1489 1795 dis-

834 1820 942 1866 putat
961 1815 1132 1852 Eustath.
1163 1816 1209 1851 ad
1240 1814 1391 1863 Dionys.
1416 1813 1487 1851 Pe-

834 1873 922 1921 rieg.
951 1870 1045 1912 304.
1105 1870 1277 1908 Pluribus
1302 1871 1348 1908 de
1373 1871 1487 1907 Geta-

833 1941 911 1965 rum
936 1932 1045 1976 gente
1073 1927 1223 1976 eiusque
1245 1927 1390 1964 sedibus
1411 1926 1486 1962 dis-

833 1985 971 2035 putavit
1029 1982 1246 2020 Tzschucke
1298 1983 1336 2019 in
1393 1986 1486 2019 nott.

834 2053 960 2089 exegg.
988 2039 1035 2076 ad
1065 2038 1150 2076 Mel.
1179 2040 1233 2083 11,
1264 2041 1290 2078 2
1321 2051 1406 2087 pag.
1431 2039 1484 2079 76

833 2109 935 2146 seqq.
967 2096 1048 2132 Vol.
1075 2095 1124 2131 111
1153 2096 1193 2132 P.
1225 2095 1266 2131 ll.
1311 2094 1489 2132 Dicuntur

832 2158 952 2190 autem
972 2152 1090 2188 Getae
1111 2150 1151 2189 οἷ
1171 2146 1490 2197 ἀθανατίζοντες,

831 2210 926 2255 sive,
957 2212 996 2245 ut
1025 2208 1122 2258 apud
1146 2207 1347 2244 Diodorum
1374 2210 1430 2244 est
1460 2205 1491 2254 I,

832 2265 885 2307 94
916 2263 957 2303 οἷ
986 2259 1371 2310 ἅπαθανατίζοντες,
1407 2262 1429 2298 i.
1456 2275 1486 2299 e.

835 2322 898 2371 qui
924 2322 1061 2357 animas
1090 2320 1299 2356 immortales
1324 2331 1393 2355 esse
1417 2331 1483 2368 pu-

834 2381 924 2414 tant.
972 2377 1080 2413 Hunc
1119 2377 1213 2413 enim
1248 2376 1352 2413 huius
1385 2375 1487 2411 verbi

834 2446 980 2472 sensum
1030 2445 1130 2480 esse,
1190 2432 1280 2469 satis
1327 2430 1487 2468 ostendit

834 2488 1053 2537 Wesseling.
1071 2489 1118 2525 ad
1135 2489 1284 2526 Diodor.
1300 2487 1322 2523 1.
1338 2487 1359 2523 l.
1391 2485 1486 2521 Add.

832 2546 1047 2584 Tzschucke
1071 2545 1092 2581 1.
1111 2545 1134 2583 Ι.
1156 2557 1241 2596 pag.
1261 2546 1326 2584 79.
1367 2541 1487 2577 Hero-

834 2604 944 2640 dotea
980 2602 1141 2651 respexit·
1176 2611 1323 2649 quoque
1353 2597 1487 2633 Eusta-

835 2658 932 2696 thius
948 2657 982 2694 h.
1002 2657 1026 2693 l.

895 2713 935 2752 οἳ
945 2710 1016 2764 μὲν
1028 2709 1101 2764 γὰρ
1115 2708 1164 2759 δή
1175 2705 1242 2748 τόν
1257 2706 1489 2758 Σαλμυδησ·
