1863 3256
488 127 1051 170 MELPOMENE.
1114 128 1175 166 lV.

1392 133 1473 172 361

200 243 454 298 Αἰγυπτίων
474 238 674 298 βασιλέος
702 236 882 291 πρώτου
905 239 996 279 τῶν
1027 234 1145 292 ἡμεῖς
1174 237 1322 290 ἴδμεν,
1353 255 1477 281 κατα-

171 320 193 355 4
211 314 423 366 δέξαντος.

484 311 532 363 ὃς
561 311 650 355 ἐπεί
681 326 724 353 τε
755 307 834 364 τὴν
870 307 1064 363 διώρυχα
1094 306 1312 350 ἐπαύσατο
1345 305 1478 361 ὀρύσ-

199 399 290 430 σων
319 386 400 442 τήν
430 385 477 428 ἐκ
506 387 586 427 τοῦ
618 385 785 426 Νείλου
824 382 1054 437 διέχουσαν
1093 378 1135 430 ἐς
1165 376 1244 421 τὸν
1268 377 1532 433 Ἀράβιονὸο

199 458 388 508 κόλπον,
419 454 640 510 ἀπέπεμψε
669 456 881 504 Φοίνικας
911 451 1074 505 ἄνδρας
1103 452 1317 499 πλοίοισι,
1347 449 1472 492 ἐντει-

199 527 384 584 λάμενος
442 525 485 575 ἐς
537 524 584 569 τὸ
638 523 779 568 ὀπίσω
838 523 898 567 δι’
947 523 1222 580 (Ηρακληΐων
1283 520 1474 578 στηλέων

142 685 290 733 σιλῆος.
321 682 380 719 Ad
401 677 687 726 καταδέξαντος
708 679 804 715 conf.

140 740 169 787 I,
192 741 270 781 163
292 739 415 788 ibique
434 742 526 775 nott.
565 735 625 774 De
642 736 720 786 ipsa
741 748 807 772 na-

142 797 347 845 vigatione,
378 807 487 845 quam
506 793 601 842 regis
620 793 721 829 iussu
739 793 807 829 cir-

143 865 188 891 ca
202 854 359 890 Africam
376 851 582 889 instituisse
598 855 808 895 narrantur,

141 909 247 961 plura
289 910 446 946 diximus
486 908 524 944 in
560 907 724 943 Excursu
761 907 808 943 ad

143 967 178 1004 h.
201 965 222 1002 l.
246 988 297 994 —
330 965 388 1004 De
415 964 553 1011 canali,
598 964 699 1000 cuius
725 975 809 1000 mox

143 1023 280 1061 mentio
296 1022 350 1068 fit,
369 1023 451 1059 vid„
466 1026 558 1058 nott.
581 1020 628 1057 ad
651 1020 806 1066 11,158.

202 1075 247 1126 ὃς
297 1078 383 1118 ἐπεί
427 1092 468 1117 τε
512 1074 586 1127 τήν
635 1073 810 1126 διώρυχα

143 1133 345 1177 ἐπαύσατο
377 1130 587 1185 ὀρύσσων]
634 1135 656 1171 i.
689 1146 720 1170 e.
749 1134 813 1182 qui

140 1197 329 1245 postquam
341 1191 489 1242 fodere,
519 1204 547 1229 s.
572 1189 710 1240 fossam
743 1190 810 1226 clu-

145 1263 220 1288 cere
250 1250 376 1295 desiit,
417 1249 463 1285 ab
497 1260 610 1298 opere
639 1248 810 1296 incoepto

145 1307 302 1344 necdum
321 1305 491 1343 absoluto
510 1305 705 1342 desistens.
726 1303 811 1340 Mo-

144 1377 217 1402 neo
237 1368 390 1414 propter
412 1361 564 1399 Dureau
589 1361 636 1398 de
652 1360 686 1397 la
699 1359 811 1397 Malle

144 1420 306 1470 (Ge'ogr.
326 1419 469 1470 physiq.
496 1419 544 1456 de
572 1417 606 1454 la
635 1431 712 1455 mer
733 1417 813 1453 noi-

145 1491 186 1516 re
208 1479 275 1518 68.
300 1478 397 1525 69),
449 1476 513 1525 qui
539 1475 674 1525 duplici
700 1474 812 1512 modo

145 1533 238 1572 haec
260 1534 374 1571 verba
395 1532 508 1583 accipi
526 1545 636 1583 posse
659 1537 813 1568 couten-

147 1591 226 1638 dit,
270 1603 314 1628 eo
354 1589 524 1627 nimirum
560 1589 694 1636 modo,
740 1600 813 1637 quo

146 1648 219 1698 ipsi
243 1660 310 1685 nos
333 1647 583 1693 reddidimus,
615 1645 730 1683 altero
750 1657 797 1681 au

147 1709 222 1741 tem
254 1704 388 1750 modo,
427 1708 467 1739 ut
496 1702 668 1741 valeant:
716 1705 815 1752 post-

149 1773 254 1812 quam
279 1760 412 1797 destitit
433 1773 456 1796 a
467 1758 663 1810 fodiendo,
700 1758 815 1810 perfe-

149 1821 209 1856 cta
228 1818 306 1855 scil.
321 1817 448 1868 fossa5
489 1818 527 1854 in
549 1830 622 1867 quo
644 1816 742 1853 illum
762 1816 816 1853 la-

146 1888 255 1926 psum
278 1887 360 1913 esse
380 1879 546 1925 apparet.
607 1874 683 1917 Qui
715 1873 814 1911 idem

147 1933 201 1969 vir
222 1933 353 1969 doctus
384 1930 546 1968 canalem
575 1930 714 1967 huncce
740 1931 813 1967 iam

148 2001 172 2027 a
188 1988 352 2026 Sesostri
371 1989 506 2025 sactum
527 2000 608 2026 esse
627 1988 743 2038 ponit,
763 1987 815 2024 ita

148 2050 213 2092 ut,
253 2045 432 2095 quidquid
460 2045 508 2082 de
525 2044 703 2091 Necone,
733 2043 814 2082 Da-

147 2102 227 2149 rio,
267 2102 480 2140 Ptolemaeo
526 2108 720 2147 narretur,
768 2102 816 2138 ad

148 2159 396 2210 reparandum
453 2158 618 2196 canalem
675 2158 815 2195 dudum

149 2217 351 2267 perfectum
360 2245 374 2263 ,
403 2217 637 2265 eundemque
654 2228 818 2266 purgan-

151 2273 238 2310 dum
268 2273 507 2324 pertinuerit,
550 2273 717 2322 quamvis
749 2272 817 2309 ho-

151 2330 250 2367 noris
270 2330 375 2379 quasi
403 2342 513 2367 causa
533 2330 652 2380 ipsum
682 2329 817 2367 canalis

153 2399 245 2436 opus
265 2387 333 2423 illis
352 2387 546 2424 tribuatur.
598 2386 690 2424 Mihi
713 2399 817 2424 secus

152 2442 305 2481 videtur.
355 2444 414 2481 Cf.
439 2448 533 2481 nott.
555 2444 604 2481 ad
631 2443 688 2490 ll,
723 2445 817 2490 158,

155 2503 192 2537 et
209 2499 417 2538 Tzschuck.
450 2501 497 2538 ad
517 2500 700 2550 Pompon.
727 2500 816 2538 Mel.

155 2559 247 2593 nott.
269 2568 398 2606 exegg.
419 2557 489 2603 (ad
508 2557 581 2604 ΙΙΙ,
609 2560 634 2598 8
657 2555 694 2608 §.
713 2559 760 2606 7)
780 2572 815 2608 p.

154 2613 253 2653 358.
283 2613 364 2649 Vol.
387 2613 436 2650 lll
454 2614 497 2651 P.
518 2615 592 2662 Ill,
622 2616 684 2663 qui
708 2615 817 2651 etiam

155 2669 204 2706 de
227 2681 315 2706 voce
344 2669 391 2707 δι
406 2666 532 2721 (όρυξ
556 2672 716 2718 monuit,
745 2684 819 2721 qua

156 2727 204 2763 de
224 2725 292 2762 hoc
315 2726 414 2762 amni
432 2729 562 2764 natura
584 2729 684 2765 facto
705 2729 819 2765 utitur

155 2788 191 2821 et
221 2781 319 2820 Mela
350 2786 389 2820 et
421 2781 631 2832 Diodorus,
671 2784 819 2835 quaque

865 683 902 716 et
923 677 982 715 alii
995 678 1192 728 scriptores
1212 682 1363 714 utuntur
1384 677 1430 715 de
1447 677 1526 714 aliis

864 735 1050 772 canalibus
1079 741 1115 772 et
1135 734 1246 772 alveis
1267 735 1452 772 derivatis.
1475 756 1523 762 —

865 792 954 829 Mox
993 805 1073 828 cum
1103 791 1308 840 Schweigh.
1340 797 1376 829 et
1408 792 1525 829 Gaisf.

867 850 968 887 edidi
1001 847 1209 899 διέχουσαν
1242 861 1308 899 pro
1344 847 1529 898 ἔχουσαν,

867 907 968 955 quod
987 905 1108 956 plures
1128 905 1208 942 libri
1225 906 1386 954 itemque
1399 905 1531 942 Matth.

866 964 1035 1000 retinent.
1087 963 1146 999 Cf.
1180 962 1270 1008 VH,
1306 965 1396 1004 122.
1453 962 1534 1000 Nec

866 1020 986 1069 ipsum
1032 1018 1131 1069 ἔχειν
1170 1018 1326 1055 alienum
1367 1032 1447 1056 esse
1486 1019 1533 1057 ab

866 1076 1064 1113 Herodoto
1085 1080 1372 1112 commonstrant
1391 1076 1418 1124 l,
1443 1077 1532 1117 180.

872 1134 947 1172 191
973 1133 1062 1182 ibiq.
1085 1137 1176 1168 nott.

925 1183 1201 1237 ἐντειλάμενος
1220 1185 1259 1234 ἐς
1278 1183 1320 1226 τὸ
1340 1182 1534 1226 ὀπίσω-

869 1243 1104 1296 διεκπλέειν]
1144 1243 1366 1284 &emissem
1385 1258 1452 1294 pro
1471 1243 1535 1283 ἐκ·

868 1301 1002 1341 πλέειν
1032 1316 1112 1340 cum
1141 1303 1225 1339 edd.
1250 1307 1404 1339 recentt.
1437 1301 1534 1339 dedi.

869 1360 928 1397 Cf.
949 1359 1011 1406 lV,
1041 1359 1107 1400 43.
1138 1359 1219 1405 Vll,
1252 1360 1343 1399 122.
1368 1359 1467 1406 147,
1499 1364 1537 1396 et

869 1417 1027 1454 Porsoni
1044 1415 1238 1454 Verisimil.
1268 1429 1305 1466 p.
1327 1415 1410 1456 235
1442 1428 1471 1454 s.
1496 1429 1534 1465 p.

873 1473 954 1515 142
973 1474 1074 1525 Lips.
1111 1474 1169 1510 Ad
1193 1478 1451 1522 argumentum
1468 1472 1536 1509 ob-

871 1536 1037 1579 servant,
1068 1532 1160 1567 scite
1181 1530 1252 1566 hcc
1269 1530 1401 1567 fecisse
1422 1529 1538 1567 videri

870 1601 1018 1637 regem,
1060 1587 1161 1637 quod
1199 1600 1221 1623 a
1260 1587 1343 1623 sinu
1380 1585 1537 1622 Arabico

871 1646 958 1683 inde
984 1644 1063 1681 illos
1091 1644 1140 1682 ad
1160 1643 1315 1692 Libyam
1336 1643 1537 1679 circumna—

872 1703 1069 1752 vigandam
1083 1700 1265 1751 proficisci
1285 1701 1445 1746 iusserit,
1460 1712 1539 1736 cum

872 1760 1059 1808 navigatio
1085 1758 1153 1795 hac
1173 1770 1216 1795 ex
1235 1762 1341 1807 parte
1370 1757 1538 1793 instituta

871 1817 1025 1854 totidem
1043 1816 1120 1852 fere
1132 1815 1311 1865 praebeat
1328 1814 1536 1860 commoda,

872 1878 963 1922 quot
985 1872 1218 1909 incommoda
1238 1872 1420 1917 existunt,
1451 1883 1540 1907 con-

872 1930 982 1967 traria
1012 1942 1033 1966 a
1063 1933 1169 1980 parte
1200 1928 1230 1965 si
1262 1928 1538 1977 navigationem

872 1988 1063 2024 instituere
1080 1985 1181 2023 velis.
1221 1985 1295 2029 Qui
1317 1985 1363 2021 ab
1381 1984 1539 2022 Arabico

871 2045 955 2081 sinu
973 2043 1268 2095 proficiscuntur,
1298 2042 1341 2078 iis
1362 2042 1460 2079 venti
1481 2054 1540 2079 se-

873 2102 1002 2147 cundi,
1050 2101 1216 2149 itemque
1246 2099 1358 2136 maris
1387 2099 1540 2144 fluenta,

874 2171 1018 2195 cursum
1038 2158 1142 2194 navis
1168 2157 1401 2202 adiuvantia,
1444 2167 1539 2204 quae

875 2216 998 2252 omnia
1037 2214 1221 2251 contraria
1255 2213 1302 2251 ab
1347 2212 1417 2250 alia
1454 2213 1542 2249 inde

874 2277 981 2323 parte
1007 2271 1224 2322 progressis.
1276 2269 1449 2319 Namque
1482 2269 1543 2305 In-

876 2330 998 2366 dicum
1027 2341 1094 2379 per
1123 2340 1224 2365 mare
1264 2327 1404 2365 etesiae
1433 2339 1453 2364 e
1483 2339 1543 2363 se·

873 2386 1084 2438 ptentrione
1126 2385 1269 2435 spirant
1309 2397 1377 2434 per
1424 2388 1543 2420 totum

875 2451 1023 2495 tempus
1041 2442 1191 2479 aestatis
1203 2440 1461 2492 hemisphaerii
1479 2452 1543 2477 au-

875 2499 1019 2546 stralis3
1054 2504 1130 2535 tum
1151 2499 1351 2536 secundum
1372 2497 1542 2535 occiden-

874 2557 949 2595 tale
976 2557 1122 2594 Africae
1151 2557 1236 2593 litus
1275 2561 1448 2593 constans
1488 2559 1543 2590 est

875 2619 1001 2652 auster
1039 2615 1294 2663 fluentumque
1347 2611 1540 2649 maximam

876 2677 1019 2722 partem
1040 2672 1190 2708 boream
1202 2682 1328 2707 versus
1348 2667 1540 2705 delabitur.

876 2728 1009 2777 Itaque
1025 2727 1116 2766 haec
1133 2740 1193 2765 res
1216 2727 1265 2763 ad
1283 2726 1394 2762 totius
1414 2735 1541 2760 narra-

878 2786 988 2823 tionis
1035 2784 1164 2822 fidem?
1194 2788 1371 2832 quantum
1415 2779 1539 2827 faciat,
