1946 3272
589 201 944 244 THALIA.
1004 201 1069 240 111.
1380 209 1463 248 169

191 317 472 374 Παντίμαθοί
527 329 572 357 τε
631 313 704 357 καὶ
761 317 998 368 Δαρεῖται,

493 382 695 439 διηκόσια
747 384 941 427 τάλαντα
1002 381 1249 439 ἀπαγίνεον.

740 454 841 499 Ἀπὸ
900 458 1190 510 Βακτριανῶν
1249 454 1295 497 δὲ
1349 455 1472 510 μέχρι

189 389 396 445 φέροντες
416 418 427 438 ,

160 463 182 500 4
201 460 428 507 ἑνδέκατος
503 449 645 505 οὗτος.

1065 310 1109 362 ἐς
1166 309 1305 356 τῶυτό
1360 327 1462 370 συμ.

1330 385 1465 439 νομὸς

188 533 383 586 Αἰγλῶν,
442 525 650 582 ἑξήκοντα
700 526 773 569 καὶ
814 526 1043 583 τριηκόσια
1086 524 1276 570 τάλαντα
1326 524 1468 581 φόρος

62 609 128 654 93
186 596 253 657 ἦν.
305 597 442 654 νομὸς
500 597 774 650 δυωδέκατος
831 599 974 650 οὐτος.

129 754 349 792 Chorasmiis
366 753 488 801 vicini,
512 753 692 791 orientem
713 765 795 790 ver-

128 823 188 848 sus
223 823 245 847 a
285 811 373 847 mari
413 810 550 860 Caspio
586 810 795 847 habitarint.

127 867 177 905 H.
205 867 336 917 Apetz.
369 867 426 914 (in
463 871 539 903 not.
578 867 625 903 ad
659 866 793 903 Matth.

128 924 237 972 edit.)
256 924 317 973 qui
331 923 496 960 Paesicos
513 924 698 972 componit
716 936 796 959 cum

127 980 328 1018 Ptolemaei
358 981 482 1017 Pascis
510 976 731 1028 (ΙΙάσκαι),
761 980 798 1016 in

127 1038 328 1086 Sogdianis
347 1050 428 1075 esse
452 1042 572 1087 putat,
592 1049 684 1086 quos
704 1037 796 1074 Plin.

126 1093 176 1130 H.
206 1093 255 1131 N.
282 1094 345 1141 vl,
373 1097 424 1134 17
450 1094 627 1142 Scythiae
650 1093 796 1144 populis

126 1150 355 1188 adnumerat.
432 1150 519 1200 Ipse
564 1150 797 1187 Herodotum

128 1207 314 1257 scripsisse
351 1207 554 1256 suspicatur
591 1201 796 1244 Πάσκαι

127 1278 152 1302 κ
167 1262 217 1301 αὶ
245 1263 507 1313 Παντίμαθοι
527 1277 562 1301 κ.
583 1278 614 1301 τ.
639 1266 669 1301 λ.
703 1263 796 1299 Gat-

126 1325 192 1357 ter.
228 1319 251 1357 l.
284 1320 306 1356 l.
341 1327 428 1370 pag.
451 1322 518 1360 20.
550 1318 729 1356 Pcmsicas
758 1323 795 1356 et

125 1376 283 1414 Darttas
303 1377 446 1427 Caspiis
472 1388 494 1412 a
511 1377 663 1414 meridie
684 1376 795 1413 finiti-

126 1446 206 1472 mos
228 1434 338 1471 fuisse
357 1433 495 1470 statuit.
527 1432 681 1470 Dat-itas
693 1434 795 1470 Ren-

125 1490 198 1528 nel.
217 1490 237 1527 l.
261 1490 284 1527 l.
308 1504 345 1541 p.
370 1489 464 1531 476.
488 1492 569 1531 503
597 1504 677 1527 cum
700 1490 795 1526 Dais

125 1545 193 1598 (de
216 1547 347 1596 quibus
367 1547 438 1583 vid.
458 1551 548 1583 nott.
569 1548 618 1584 ad
640 1547 667 1594 I,
693 1547 793 1594 125)

126 1605 328 1641 contendit.
376 1602 457 1641 Nec
486 1603 556 1641 alia
587 1605 664 1642 fere
694 1603 793 1640 Lar-

126 1660 221 1698 cheri
242 1661 434 1698 sententia.

185 1716 531 1767 Παντίμαθοι]
565 1716 684 1753 Huius
702 1729 793 1766 gen-

125 1775 172 1812 tis
193 1774 290 1811 nulla
308 1773 393 1811 alibi
416 1774 456 1810 fit
476 1774 624 1810 mentio.
656 1773 792 1810 Malte-

123 1832 228 1869 brun.
253 1830 275 1867 l.
296 1830 318 1867 l.
341 1843 385 1867 eo
406 1830 571 1877 inclinat,
601 1834 641 1867 ut
662 1843 787 1867 verum

124 1888 246 1937 gentis
286 1900 422 1924 nomen
458 1887 570 1924 fuisse
610 1888 791 1924 existimet

127 1944 285 1982 Partlzi-
297 1943 443 1989 Medae,
463 1957 541 1981 cum
563 1943 686 1980 Parthi
709 1944 791 1981 Me-

126 2002 182 2039 dis
203 2002 353 2038 admixti
369 2002 512 2038 fuerint.
534 2022 590 2026 —-
607 2001 647 2036 ln
668 2001 790 2051 proxi-

126 2071 186 2096 me
211 2071 314 2108 seqq.
339 2058 386 2095 ad
413 2055 682 2109 συμφέροντες
704 2058 791 2094 sub-

126 2114 281 2163 intellig.
300 2111 371 2153 τὸν
389 2111 526 2166 φορον.

181 2166 276 2210 ’Ano‘
306 2174 566 2223 Βακτριανῶν
606 2168 649 2209 δὲ
685 2168 796 2222 μέχρι

126 2227 312 2279 Αἰγλῶν]
344 2228 466 2266 Nemo
494 2228 610 2266 nescit
633 2234 794 2265 veterum

126 2283 267 2322 Bactra
296 2286 539 2323 recentiorum
569 2298 650 2322 esse
672 2284 794 2329 Balk;

126 2354 346 2392 quamquam
385 2342 595 2392 provinciae
635 2343 792 2379 ambitus

126 2411 214 2436 num
242 2399 340 2435 omni
363 2403 529 2449 tempore
549 2399 645 2436 idem
672 2400 792 2446 suerit,

127 2455 274 2493 minime
292 2456 431 2505 liquet,
462 2456 677 2506 praesertim
699 2468 792 2503 cum,

129 2516 279 2550 notante
299 2512 454 2550 Rennel.
488 2512 508 2549 l.
530 2512 552 2549 l.
582 2525 668 2562 pag.
697 2512 792 2559 514,

128 2566 299 2606 Bactriae
327 2582 461 2607 nomen
494 2569 602 2606 latius
630 2570 794 2620 patuerit

131 2628 168 2660 et
181 2625 325 2662 omnino
344 2627 514 2674 regiones
525 2627 702 2664 orientem
715 2639 794 2664 ver-

131 2692 192 2715 sus
212 2681 297 2718 sitas
319 2681 464 2720 indicet.
525 2683 583 2720 De
601 2682 670 2720 hac
689 2687 788 2720 terra

131 2736 225 2773 conf.
243 2736 374 2785 Bayer.
394 2739 476 2777 hist.
494 2753 595 2789 regn.
605 2740 726 2777 Bactr.
750 2738 788 2791 §-

131 2791 224 2833 4-
237 2793 274 2832 8.
306 2793 345 2830 ln
365 2796 476 2846 copiis
499 2797 630 2834 Xerxis
648 2810 788 2835 memo-

131 2852 258 2886 rantur
284 2848 469 2890 Bactriani
497 2853 579 2903 V11,
606 2856 673 2896 74.
730 2854 789 2894 De

1061 596 1161 641 Ἀπὸ
1214 600 1467 653 Πακτυϊκῆς

852 752 985 802 Aeglis
1010 752 1098 789 nihil
1125 752 1326 802 quidquam
1354 765 1523 803 comper-

852 815 930 847 tum
951 811 1137 847 habemus.
1198 811 1239 846 In
1266 814 1427 847 extrema
1449 810 1524 846 Ba-

854 867 944 904 ctria
962 868 1139 904 orientem
1162 879 1311 913 versus,
1339 867 1399 903 ubi
1427 879 1524 904 nunc

855 930 955 961 terra
976 923 1054 970 Kal,
1086 924 1150 960 Gil
1174 937 1201 963 s.
1227 923 1352 969 Kilan,
1371 936 1434 960 eos
1457 923 1523 960 ha-

855 981 994 1018 bitasse
1027 982 1232 1030 suspicatur
1261 980 1416 1018 Rennel.
1446 981 1468 1016 l.
1500 979 1522 1016 l.

856 1051 943 1087 pag.
957 1039 1051 1078 515.
1087 1037 1200 1081 Quod
1222 1038 1322 1087 apud
1344 1037 1523 1086 Stephan.

855 1094 945 1143 Byz.
975 1094 1129 1143 legitur:
1190 1093 1359 1146 Αἴγηλοι
1403 1093 1525 1139 ἔθνος

856 1147 1053 1199 Μηδικόν
1080 1150 1229 1199 quidam
1259 1151 1328 1187 huc
1349 1150 1520 1187 referunt.

852 1207 1071 1244 Billerbeck.
1102 1206 1122 1243 l.
1150 1206 1171 1242 l.
1203 1220 1239 1256 p.
1276 1206 1328 1248 15
1361 1206 1523 1259 Αἰγλῶν

853 1262 973 1314 (cuius
992 1263 1072 1301 loco
1091 1263 1171 1300 libri
1194 1263 1343 1312 quidam
1355 1263 1522 1315 Λίγδων

853 1320 934 1358 coll.
954 1320 1114 1367 vll,72.
1138 1322 1210 1367 80)
1232 1325 1442 1371 corruptum
1463 1333 1522 1357 es-

852 1391 894 1415 ce
912 1377 1049 1414 iudicat
1078 1390 1145 1427 pro
1166 1371 1337 1427 Ἀρείων.

909 1431 1035 1484 νομός
1088 1432 1337 1480 δυωδέκατος
1380 1426 1519 1484 οὗτος]

851 1490 986 1528 Mirum
1009 1504 1089 1528 esse
1111 1491 1144 1530 h.
1167 1490 1191 1529 l,
1211 1491 1406 1528 confitetur
1423 1490 1521 1527 Mal-

851 1548 996 1586 tebrun.
1025 1549 1048 1585 l.
1074 1547 1096 1584 l.
1124 1561 1212 1598 pag.
1234 1549 1330 1594 339,
1363 1547 1463 1597 quod
1483 1548 1521 1584 in

851 1605 1094 1654 satrapiarum
1126 1617 1278 1641 recensu
1304 1604 1519 1642 Herodotus

851 1663 900 1699 ad
929 1661 1238 1711 septentrionales
1274 1666 1310 1699 et
1340 1661 1518 1699 australes

848 1723 973 1769 partes
994 1718 1115 1754 subito
1133 1731 1329 1755 conversus
1348 1718 1519 1755 Bactria-

848 1787 933 1812 nam
957 1776 1221 1824 praefecturam
1240 1778 1520 1821 commemoret3

847 1833 916 1869 nisi
930 1832 1120 1868 Persarum
1142 1832 1178 1867 in
1198 1831 1253 1868 his
1270 1831 1519 1868 narrationem

848 1894 910 1925 aut
931 1888 1076 1938 publica
1095 1889 1314 1926 documenta
1334 1889 1441 1926 suerit
1461 1900 1519 1926 se-

847 1950 964 1983 cutus.

1043 2003 1153 2053 Cap.
1184 2002 1319 2040 XCIII.

901 2052 1000 2098 'Ano'
1027 2061 1258 2107 Πακτυϊκῆς
1281 2057 1323 2098 δὲ
1345 2058 1411 2099 καὶ
1431 2054 1520 2111 Ἀρ-

854 2115 1018 2167 μενίων]
1052 2117 1159 2153 Conf.
1182 2118 1246 2162 III,
1273 2119 1366 2158 102.
1397 2117 1518 2154 Hero-

853 2174 980 2209 dotum
1008 2175 1044 2209 in
1076 2186 1120 2210 eo
1152 2187 1276 2211 errare
1305 2174 1521 2223 pronuntiat

852 2229 1008 2267 Rennel.
1028 2229 1050 2265 l.
1072 2229 1094 2266 l.
1117 2243 1201 2279 pag.
1217 2229 1311 2277 504,
1336 2231 1434 2280 quod
1454 2229 1522 2267 hu-

851 2287 906 2323 ius
930 2287 1186 2337 praefecturae
1218 2287 1310 2324 fines
1341 2288 1388 2324 ad
1418 2287 1519 2323 Pon-

850 2349 928 2380 tum
960 2343 1140 2379 Euxinum
1176 2356 1294 2393 usque
1330 2344 1518 2391 extendat,

851 2413 931 2437 cum
946 2400 1072 2437 Colchi
1092 2400 1139 2436 ad
1151 2400 1286 2437 nullam
1306 2401 1518 2451 satrapiam,

850 2457 1014 2505 reliquae
1022 2470 1106 2494 vero
1118 2462 1250 2506 gentes
1261 2457 1308 2493 ad
1321 2458 1518 2508 satrapiam

851 2514 1031 2551 decimam
1085 2527 1218 2551 nonam
1266 2515 1519 2564 pertinuerint.

850 2571 952 2607 Infra
976 2569 1055 2616 Vll,
1078 2573 1132 2611 67
1164 2576 1414 2608 memorantur
1441 2570 1518 2607 Pa-

852 2631 947 2677 ctyes
975 2628 1083 2664 vicini
1113 2628 1313 2676 Sagartfis,
1351 2627 1412 2676 qui
1447 2626 1516 2676 ipsi

852 2697 932 2722 cum
946 2683 1064 2721 Persis
1075 2685 1229 2734 proximi
1245 2685 1355 2721 fuisse
1365 2684 1516 2720 videan-

844 2745 925 2788 tur,
968 2741 1147 2789 Paetyum
1166 2741 1272 2778 sedes
1298 2741 1335 2777 in
1365 2739 1515 2788 regione

846 2797 1052 2844 Bactearis,
1082 2798 1120 2834 in
1142 2798 1326 2835 montibus
1349 2795 1397 2832 ad
1420 2795 1514 2831 occi-

849 2855 1000 2893 dentem
1032 2854 1130 2892 urbis
1157 2854 1314 2905 Ispahan
1343 2851 1514 2888 locandas
