1863 3256
7 848 108 894 130

446 168 1007 208 MELPOMENE.

1066 171 1128 210 1V.
1336 180 1419 220 507

157 273 221 322 ὧν
270 280 314 322 οἷ
351 278 448 323 ὄνοι
488 279 728 333 ἐτάρασσον
766 278 846 335 τήν
885 280 1018 322 ἵππον
1056 281 1144 322 τῶν
1179 283 1420 326 Σκυθέων·

156 349 366 400 πολλάκις
400 351 464 402 δὲ,
504 350 833 394 ἐπελαυνόντων
870 350 938 394 ἐπὶ
973 349 1080 401 τούς
1115 351 1314 404 Πέρσας,
1355 371 1421 408 με·

213 421 255 447 εἱ
303 421 323 434 F!

155 437 259 471 ταςυ
299 438 411 472 οκως
452 420 688 465 ἀκούσειαν
726 424 768 465 οἱ
804 424 929 465 ἵπποι
957 426 1046 465 τῶν
1076 423 1192 466 ὄνων
1221 426 1295 477 τῆς
1325 439 1423 477 φω-

153 495 252 545 νῆς,
293 491 584 546 ἐταράσσοντό
614 509 657 536 τε
686 492 1086 548 ὑποστρεφόμενοι,
1125 493 1198 536 καὶ
1228 492 1275 536 ἐν
1303 493 1422 536 θωύ-

153 577 254 616 ματι
285 562 435 614 ἔσκον,
467 563 585 617 ὀρθὰ
615 563 808 614 ἱστάντες
837 564 890 605 τὰ
921 559 1030 607 ὦτα·
1062 565 1134 607 ἅτε
1163 562 1262 607 οὕτε
1289 563 1479 607 ἄκου’-90

154 643 306 682 σαντες
341 632 558 689 πρότερον
594 638 747 690 φωνῆς
777 633 1003 691 τοιαύτης,
1048 633 1151 678 οὔτε
1182 635 1346 686 ἰδόντες
1374 636 1424 678 τὸ

153 700 278 752 εἶδος.
324 708 462 748 ταῦτα
491 704 570 761 μέν
599 722 683 750 νυν
713 706 782 750 ἐπὶ
811 704 997 763 σμικρόν
1026 722 1068 749 τι
1097 705 1308 761 ἐφέροντο
1340 709 1423 750 τοῦ

152 775 359 827 πολέμου.

98 1054 246 1092 omnino
285 1067 410 1094 vocem
447 1055 581 1093 Latine
623 1054 758 1092 reddes

99 1112 330 1149 lascivientes.
398 1113 448 1150 Et
488 1126 577 1150 sane
616 1112 760 1148 videtur

100 1182 204 1206 esse:
253 1169 471 1206 lascivientes
509 1169 760 1216 lasciviamque

99 1239 200 1262 suam
222 1230 259 1260 ut
279 1226 362 1262 aliis
382 1228 479 1262 rebus
497 1228 672 1273 signisve,
704 1227 759 1260 ita

99 1283 225 1318 radim
256 1286 406 1319 maxime
440 1282 673 1318 declarantes.
704 1302 760 1307 -—

97 1338 159 1376 Ad
187 1335 288 1383 ὅκως
321 1334 539 1377 ἀκούσειαν
576 1338 672 1374 conf.
710 1337 758 1374 ob

98 1408 202 1432 usum
218 1396 416 1445 particulae
435 1391 542 1441 ὅπως
557 1395 585 1440 Ι,
609 1397 655 1435 11
671 1394 760 1442 ibiq.

97 1457 192 1489 nott.
227 1452 299 1499 lv,
344 1455 423 1494 130
458 1457 496 1490 et
531 1453 578 1488 ad
606 1453 760 1488 form-dm

98 1504 318 1548 οἷκούσειαν
347 1509 478 1547 Matth.
516 1508 583 1545 Gr.
613 1508 679 1544 Gr.
721 1505 759 1557 ξ.

101 1568 181 1608 198
216 1578 301 1616 pag.
333 1568 427 1606 361.
460 1586 517 1593 ν-
554 1565 615 1601 Ad
644 1563 760 1603 ἔσκον

99 1624 194 1661 conf.
218 1628 309 1659 nott.
330 1623 377 1659 ad
400 1623 429 1669 Ι,
461 1624 552 1662 196.

158 1674 265 1728 ὀρθοὶ
297 1674 476 1725 ἱστάντες
508 1674 555 1716 τά
585 1671 687 1728 εἶτα]
726 1677 758 1714 Ε

98 1735 290 1786 Sophoclis
309 1736 445 1773 Electr.
468 1734 521 1776 25
542 1735 631 1772 haec
652 1736 761 1772 ducta

99 1806 182 1831 esse
211 1793 428 1830 videbantur
453 1791 652 1838 Valcken.‚
697 1791 759 1841 qui

97 1849 341 1887 Philostratea
364 1862 513 1899 quoque
533 1849 702 1886 excitavit
722 1861 759 1898 p.

100 1909 198 1952 687,
219 1910 256 1947 2.
289 1908 386 1953 750,
407 1909 444 1946 2.
485 1906 535 1942 At
555 1907 654 1954 quod
675 1906 760 1942 atti-

100 1968 164 2000 net
201 1963 250 1999 ad
282 1963 510 2013 Sophoclea,

99 2025 195 2057 nott.
222 2020 270 2055 ad
304 2020 375 2066 111,
406 2021 486 2060 119
522 2022 561 2056 et
590 2031 686 2068 quae
712 2019 759 2055 de

99 2077 155 2114 his
181 2077 226 2113 ad
249 2077 284 2114 h.
304 2076 326 2113 l.
351 2078 387 2113 in
409 2077 572 2113 Excursu
593 2077 759 2127 disputa-

98 2134 150 2171 vit
170 2134 212 2170 C.
230 2133 291 2170 Fr.
312 2133 515 2170 Hermann.

156 2191 281 2228 ταῦτα
314 2188 385 2239 μέν
411 2204 487 2228 νυν
508 2210 564 2217 —-
583 2190 656 2227 τοῦ
687 2203 760 2227 πο-

100 2245 236 2296 λέμου]
286 2246 412 2294 Valla‚
453 2247 634 2296 probante
653 2246 761 2282 Wes-

101 2304 179 2350 sel.‚
192 2304 241 2340 sic
253 2304 380 2341 vertit:
410 2303 525 2352 Atque
543 2303 605 2339 hoc
625 2303 760 2352 quidem

99 2361 285 2410 paululant
321 2360 490 2409 quiddam
520 2361 684 2396 momenti
714 2358 761 2395 ad

103 2417 228 2453 bellam
247 2416 434 2465 afferebat3
479 2429 559 2454 cum
583 2416 656 2454 scil.
676 2429 762 2465 pro-

102 2474 210 2510 fuerit
234 2474 354 2511 Persis
388 2487 462 2511 non
491 2473 580 2510 nihil
605 2474 643 2510 in
671 2474 761 2522 Scy-

103 2530 246 2567 tharum
271 2532 429 2579 equestri
462 2532 609 2568 incursu
639 2530 762 2567 asino—

105 2599 182 2623 rum
204 2587 233 2622 is
254 2586 407 2634 clamor,
444 2601 512 2625 nec
531 2587 681 2624 multum
706 2590 763 2623 ta-

560 1961 622 2000 Tu
660 1962 756 1998 conf.

105 2655 189 2679 men
211 2643 257 2679 ad
277 2642 359 2680 belli
381 2657 598 2682 successum.
648 2643 762 2687 Quod

105 2699 261 2736 U‘essel.
284 2699 352 2736 huc
372 2702 482 2738 refert
501 2701 583 2748 VH,
606 2702 702 2747 211,
723 2701 762 2737 id

107 2756 329 2793 commodius
358 2756 427 2792 hue
446 2757 539 2793 trahi
565 2770 673 2807 posse
695 2770 762 2794 ne-

105 2818 172 2863 gat
192 2812 394 2861 Schweigh.
406 2841 419 2859 ,
458 2814 519 2862 qui
538 2814 620 2864 ipse
639 2814 763 2851 confe-

272 846 326 886 Οἱ
352 846 397 889 δὲ
429 845 633 901 Σκύθαι,
663 846 775 899 ὅκως
803 847 908 900 τούς
936 848 1107 903 Πέρσας
1137 851 1270 893 ἴδοιεν
1298 853 1422 892 τεθο-

156 917 454 972 ρυβημένους,
495 921 567 963 ἴνα
604 919 895 977 παραμένοιέν
931 936 976 964 τε
1014 920 1082 963 ἐπὶ
1118 922 1230 964 πλέω
1260 919 1423 976 χρόνον

816 1065 900 1092 rens
927 1052 1000 1100 ΙΙΙ,
1033 1050 1113 1094 134
1144 1049 1224 1104 (ubi
1244 1054 1320 1093 vid.
1350 1048 1479 1103 nott.),

816 1111 911 1147 hunc
944 1111 981 1146 in
1013 1111 1162 1146 modum
1194 1111 1478 1160 iuterpretatur:

817 1170 848 1203 ct
879 1167 965 1202 haec
1006 1166 1143 1215 quidem
1182 1179 1235 1202 ‘res
1274 1167 1481 1216 pauxillam

818 1223 1001 1272 quidpiam
1023 1223 1072 1258 ad
1092 1222 1175 1258 belli
1193 1222 1380 1271 fortunam
1403 1236 1483 1259 con-

811 1279 977 1329 ferebat;
1008 1279 1071 1315 ubi
1094 1281 1217 1317 ταῦτα
1242 1293 1310 1329 pro
1331 1279 1481 1329 pluralis

816 1336 1038 1372 nominativo
1067 1335 1202 1381 habet,
1252 1348 1359 1384 quem
1393 1348 1483 1372 sane

817 1393 974 1441 excipiat
992 1391 1143 1428 verbum
1164 1391 1315 1441 plurale.
1367 1392 1481 1427 Gais-

815 1449 934 1486 fordio
954 1461 996 1485 ac
1017 1449 1176 1496 Stegero
1208 1449 1257 1485 ad
1287 1446 1480 1498 ἐφέροντο

815 1506 935 1557 placet
956 1505 1231 1553 subintelligere
1251 1504 1292 1544 οἵ
1313 1504 1481 1556 Πέρσαι,

816 1567 858 1599 ut
878 1562 933 1599 hic
953 1563 1027 1599 fere
1048 1562 1115 1598 loci
1136 1563 1182 1598 sit
1210 1574 1361 1599 sensus:
1416 1562 1484 1598 At-

817 1632 882 1669 que
901 1618 983 1664 hoc,
1028 1618 1098 1655 leve
1127 1618 1284 1667 quidem,
1324 1617 1384 1654 sed
1411 1618 1484 1654 ali-

818 1676 905 1725 quid
946 1679 1061 1712 tamen
1092 1675 1141 1711 ad
1173 1675 1258 1712 belli
1288 1687 1483 1712 successum

820 1732 949 1770 Persae
966 1732 1087 1782 adepti
1107 1736 1202 1768 sunt.

1028 1790 1140 1839 Cap.
1173 1786 1328 1825 CXXX.

871 1843 1259 1902 τεθορυβημένους]
1300 1845 1480 1893 Stegerus

816 1903 1035 1952 subintelligi
1067 1902 1166 1939 vzult
1216 1902 1282 1940 οἱα
1317 1898 1369 1952 δή
1402 1916 1485 1951 ωρ-

817 1958 1018 2011 μημένους
1047 1958 1089 1998 ἐν.
1115 1974 1186 2009 της
1213 1954 1344 2008 χώρας
1369 1960 1484 1995 Σκυ-

815 2019 941 2067 θικῆς
977 2015 1132 2063 ἐξιέναι.
1196 2014 1285 2051 Mox
1310 2027 1391 2052 cum
1429 2027 1486 2052 re-

816 2079 928 2111 centt.
984 2074 1111 2123 scripsi
1176 2067 1349 2124 α’νιῴατο
1416 2083 1485 2121 pro

818 2126 1008 2169 α’νιωῖατο
1032 2135 1068 2166 et
1090 2127 1286 2173 ἐπιδευέες
1311 2140 1380 2178 pro
1402 2126 1487 2166 ἔπι·-

817 2186 935 2233 δεέες.
976 2187 1100 2223 'verba
1120 2198 1244 2235 seqq..
1277 2181 1383 2230 ὅκως
1404 2186 1485 2222 τῶν

817 2239 1032 2295 προβατων
1065 2257 1145 2280 των
1178 2239 1380 2291 σφετέρων
1414 2236 1486 2279 αὕ-

817 2316 897 2339 των
948 2300 1203 2338 καταλίποιεν
1254 2294 1349 2349 μετοέ
1403 2299 1485 2336 τῶν

818 2355 975 2408 νομέων
1006 2356 1146 2394 valent:
1207 2357 1340 2405 quoties
1371 2367 1486 2404 pecu-

820 2415 906 2452 dum
929 2427 1074 2450 suarum
1094 2412 1287 2449 nonnullas
1307 2423 1380 2448 una
1403 2424 1484 2448 cum

815 2472 1019 2522 pastoribus
1051 2470 1282 2519 reliquerant.
1332 2467 1485 2513 Moneo,

818 2541 866 2566 ne
884 2529 939 2565 cui
953 2528 1135 2576 refingere
1151 2520 1329 2576 placeat
1318 2520 1485 2569 (incog—

820 2601 873 2636 μη
901 2580 1188 2635 καταλαβοιεν,
1236 2583 1283 2619 (le
1311 2593 1384 2629 quo
1412 2580 1482 2615 iam

819 2643 906 2679 satis
929 2642 965 2678 di
969 2641 1146 2705 sputavit
1148 2638 1320 2676 Larcher.
1335 2637 1370 2672 h.
1389 2635 1412 2671 l.
1425 2655 1480 2662 —

819 2699 878 2738 Ad
899 2698 1109 2748 imperfecta
1129 2709 1180 2733 αν
1202 2688 1481 2755 υπεξήλαυνον

821 2760 859 2793 et
882 2753 931 2793 ἂν
950 2750 1064 2804 ἔλαβε
1069 2765 1177 2796 σκον,
1210 2745 1408 2801 ε’-τῃροντο
1429 2742 1481 2786 οἷν

820 2813 916 2849 conf.
934 2815 1025 2848 nott.
1049 2809 1096 2846 ad
1117 2807 1180 2854 111,
1204 2808 1294 2846 117·

1478 854 1536 889 Sc)
1540 854 1656 882 iliarum
1674 856 1757 879 astus

1496 889 1596 916 Persi.
1609 887 1740 921 pmedae

1479 923 1551 959 quid
1568 921 1693 951 subinde
1705 921 1756 949 ob
