1863 3256
414 212 498 251 232

831 211 1304 252 HERODOTI

415 317 611 374 γμάτων,
643 320 863 377 σφρηγῖδά
893 332 972 374 σφι
1004 319 1183 376 ἐπέβαλε
1214 321 1293 376 τήν
1322 321 1536 374 Δαρείου·
1579 322 1684 376 μετὰ

395 395 401 403 1
451 389 460 402 t
524 389 564 404 u..
617 390 636 405 ‚.
815 395 832 402 -
922 392 932 405 ,
1025 391 1033 404 t
1153 391 1163 405 ,

386 391 487 438 4δε,
516 406 584 446 ηιε
614 406 721 446 εχων
748 408 886 435 ταυτα
916 408 959 443 ες
987 409 1062 442 τας
1093 393 1270 446 Σαρδις.

1332 388 1594 445 ἀπικόμενος
1624 392 1684 443 δὲ,

416 460 489 504 καὶ
513 459 718 515 Ὀροίτεω
759 461 803 513 ἐς
842 460 948 513 ὄψιν
980 462 1145 510 ἐλθὼν,
1186 466 1274 505 τῶν
1304 463 1485 517 βιβλίων
1512 463 1562 505 εἐν
1591 462 1743 506 gua-90

417 542 521 574 στον
550 531 925 587 περιαιρεόμενος,
956 532 1102 575 ἐδίδου
1125 535 1185 591 τῷ
1213 535 1514 588 γραμματιστῇ
1534 536 1593 590 τῷ
1613 535 1687 588 βα-

416 604 567 658 σιληίῳ
598 602 891 656 ἐπιλέγεσθαι·
939 603 1263 658 γραμματιστὰς
1292 602 1337 646 δὲ
1368 605 1622 658 βασιληίους
1645 605 1689 647 οἱ

388 672 577 723 5πάντες
620 671 813 726 ὕπαρχοι
861 670 1020 727 ἔχουσι.

1093 671 1467 728 ἄποπειρεώμενος
1516 674 1561 717 δὲ
1601 679 1688 718 τῶν

413 741 703 798 δορυφόρων,
745 742 895 786 ἐδίδου
926 742 979 786 τά
1010 745 1157 799 βιβλία
1195 742 1218 786 ὁ
1254 748 1465 799 Βαγαῖος,
1506 747 1542 788 εἰ
1571 745 1685 789 ἐνδε-

384 815 566 866 σξαίατο
609 811 850 856 ἀπόστασιν
889 811 975 856 ἀπὸ
1008 812 1224 868 Ὀροίτεω.

1290 813 1430 869 ὁρέων
1467 815 1512 858 δέ
1552 828 1686 871 σφεας
1697 823 1741 857 95

412 883 466 926 τά
495 899 539 926 τε
569 885 717 939 βιβλία
753 884 1016 939 σεβομένους
1047 885 1256 940 μεγάλως,
1287 885 1360 927 καὶ
1391 884 1443 927 τοὶ
1474 887 1686 942 λεγόμενα

411 955 459 996 ἐκ
498 957 588 995 τῶν
626 955 810 1010 βιβλίων
850 954 912 997 ἔτι
951 955 1164 1010 μεζόνως,
1211 957 1329 998 διδοῖ
1365 954 1492 1004 ἄλλο,
1540 956 1587 999 ἐν
1625 962 1686 1014 τῷ

382 1023 519 1079 7ἐνῆν
558 1023 661 1068 ἔπεα
700 1023 824 1069 τάδε·

354 1145 486 1183 Matth.
506 1146 572 1184 Gr.
598 1147 664 1184 Gr.
683 1160 721 1198 p.
741 1148 849 1188 1110
869 1147 916 1185 ob
934 1161 1021 1200 par-

355 1203 468 1253 ticipii
485 1216 598 1240 usum.

414 1254 765 1310 περιαιρεόμενος]
796 1261 819 1297 i.
841 1273 873 1298 e.
901 1260 1020 1297 ‹letra-

355 1316 440 1352 kens
470 1316 654 1365 sigillum,
688 1315 822 1354 solvens
853 1318 1021 1366 singulas

356 1372 503 1419 literas,
557 1387 585 1410 s.
624 1373 806 1410 vinculum
855 1376 1021 1423 cuiusque

355 1429 528 1479 epistolae.
560 1430 618 1467 Cf.
634 1429 698 1476 Ill,
717 1431 767 1470 41
790 1430 876 1480 ibiq.
899 1436 989 1468 nott.

414 1484 678 1537 ἐπιλέγεσθαι]
711 1486 770 1523 Cf.
784 1491 877 1524 nott.
895 1487 942 1523 ad
957 1487 1020 1534 lll,

356 1540 424 1585 41.
465 1542 524 1579 Ad
558 1555 685 1580 vocem
719 1538 1020 1595 ἆποπειρεώμε·

357 1613 427 1644 νος
456 1600 501 1635 cf.
521 1598 584 1646 ΙΙΙ,
615 1600 705 1638 118.

411 1651 704 1705 γραμματιστας
720 1651 762 1694 δὲ
773 1654 1019 1706 βασιληίους]

357 1711 414 1748 Cf.
434 1711 594 1749 Heeren.
614 1711 724 1749 Ideen
736 1712 795 1759 1‚1
819 1725 855 1762 p.
868 1711 950 1752 496
965 1725 1019 1761 sq.

354 1766 437 1805 Hoc
446 1768 494 1804 ad
504 1769 639 1817 regiam
652 1769 906 1806 auctoritatem
915 1773 1020 1806 tuen-

354 1825 438 1861 dam
460 1824 511 1861 ita
529 1825 737 1861 institutum
756 1825 842 1862 suit:
881 1825 1020 1875 quippe

355 1894 376 1917 a
408 1881 541 1918 nuntiis
573 1881 683 1929 regiis
719 1882 893 1918 mandata
920 1882 1017 1930 regis

354 1936 520 1974 celeriter
550 1938 782 1986 exsequenda
814 1937 867 1974 his
891 1938 1016 1975 scribis

352 1993 616 2040 tradebantur,
646 1993 708 2042 qui
735 2006 779 2031 ea
798 2007 876 2030 cum
900 1999 1017 2031 satra-

353 2049 411 2099 pis
430 2050 749 2096 communicarent,
765 2051 911 2100 citoque
931 2064 1016 2100 per-

354 2109 527 2153 agerent3
557 2119 651 2151 curn,
670 2107 731 2155 qui
749 2107 848 2143 dicto
868 2119 940 2143 non
955 2119 1021 2143 au-

357 2162 498 2208 dirent,
529 2175 595 2211 pro
621 2162 814 2200 rebellibus
838 2163 1019 2200 haberen-

358 2221 444 2264 tur,
484 2218 647 2268 indeque
682 2220 804 2256 statim
837 2220 1020 2257 interfice-

358 2279 510 2321 rentur,
556 2288 666 2312 causa
705 2276 864 2323 indicta,
909 2280 1019 2325 atque

355 2328 453 2365 haud
490 2342 573 2367 raro
605 2331 661 2369 vel
685 2332 730 2368 ob
759 2331 873 2368 solam
900 2333 1020 2382 suspi-

355 2385 506 2422 cionem.
586 2387 696 2430 Quod
737 2388 772 2424 in
815 2388 1019 2425 Turcorum

356 2453 471 2490 regno
500 2455 579 2478 cum
602 2443 784 2492 hodieque
807 2445 857 2480 sic
886 2444 1019 2492 valeat,

354 2497 392 2533 id
410 2497 529 2547 ipsum
553 2498 641 2535 satis
661 2500 899 2549 comprobare
919 2501 1020 2538 vide-

354 2559 423 2599 tur,
451 2566 507 2600 ea,
538 2566 633 2602 quae
662 2555 711 2591 ad
739 2555 912 2593 Oroetem
931 2569 1018 2606 pes-

356 2609 597 2646 sumdandum
619 2624 638 2646 a
652 2610 763 2646 Dalio
782 2611 924 2658 tierent,
943 2624 1017 2648 non

354 2665 551 2703 abhorrere
564 2666 609 2702 ab
623 2679 666 2703 ea
681 2668 882 2716 principum
899 2668 1018 2705 orien-

355 2721 479 2758 talium
502 2723 657 2766 ratione,
680 2735 774 2772 quae
791 2728 827 2760 et
847 2723 930 2760 olim
955 2736 1017 2760 va-

353 2777 431 2824 luit,
451 2782 486 2815 et
503 2778 785 2822 immutatasere
797 2780 843 2815 ad
855 2785 1017 2817 nostram

357 2846 473 2884 usque
522 2835 573 2872 sic
623 2835 797 2873 remansit
844 2840 1016 2874 aetatem.

892 1019 975 1076 „³62
1021 1024 1209 1082 Πέρσαι,
1260 1026 1463 1083 βασιλεύς
1499 1031 1687 1082 Δαρεῖος

1078 1148 1298 1197 wesseling.
1322 1152 1524 1196 monuerat,
1543 1148 1643 1188 hisce
1665 1149 1742 1187 Ba-

1077 1206 1160 1254 gaei
1200 1206 1338 1242 artibus
1369 1206 1416 1242 ad
1445 1206 1618 1243 Oroetem
1657 1219 1742 1256 pes-

1078 1261 1319 1298 sumdandum
1341 1263 1535 1300 convenire
1556 1262 1742 1299 Macronis

1077 1317 1227 1355 technas
1268 1319 1304 1354 in
1343 1316 1421 1356 Ael.
1469 1319 1603 1355 Seiano
1644 1320 1742 1369 apud

1076 1373 1232 1412 Dionem
1252 1375 1431 1421 Cassium,
1455 1378 1491 1411 et
1509 1374 1685 1424 Olympii,
1711 1388 1743 1412 s.

1077 1430 1233 1467 Honorii
1264 1431 1380 1481 Imp.,
1412 1432 1451 1467 in
1470 1430 1644 1468 Stilicone
1675 1444 1742 1481 op-

1076 1487 1268 1537 primendo
1299 1488 1397 1538 apud
1424 1487 1614 1524 Zosimum
1638 1485 1741 1537 (hist.

1137 1599 1173 1637 εἰ
1222 1598 1448 1647 ἐνδεξαίατο
1495 1594 1739 1651 ἀπόστασιν]

1080 1655 1186 1693 Unus
1210 1656 1397 1693 Sancrofti
1418 1656 1529 1693 liber:
1561 1656 1597 1695 εἰ
1620 1656 1661 1696 οἵ
1678 1656 1740 1696 ἒν-

1080 1711 1275 1760 δεξαίατο,
1297 1726 1370 1749 non
1388 1713 1621 1763 improbante
1632 1713 1740 1751 Wes-

1078 1768 1221 1818 seling.,
1245 1770 1306 1818 qui
1327 1768 1552 1816 ἐνδεξαίατο
1573 1770 1740 1820 repetita

1075 1825 1186 1862 verbo
1207 1824 1511 1872 ἐνδείκνυσθαι,
1551 1826 1742 1864 conserens

1075 1881 1227 1919 Diodor.
1262 1882 1373 1929 Xlll,
1410 1885 1459 1922 17
1488 1886 1525 1919 et
1552 1881 1740 1932 Excerptt.

1076 1937 1124 1975 T.
1144 1938 1176 1974 11
1197 1951 1233 1987 p.
1254 1940 1349 1979 631.
1379 1938 1496 1988 Epist.
1516 1938 1564 1975 ad
1577 1938 1739 1975 Timoth.

1074 1994 1138 2039 lv,
1166 1996 1227 2034 14.
1269 1994 1364 2031 Tum
1385 1995 1479 2031 enim
1503 1995 1572 2032 erit
1589 2007 1739 2032 sensus:

1076 2064 1123 2087 (ιιι
1157 2052 1403 2098 sz'gnitcaturi
1434 2053 1467 2088 ei
1498 2054 1609 2087 essent
1643 2050 1742 2101 dese-

1076 2108 1227 2144 ctionem.
1281 2107 1405 2144 Malim
1435 2108 1607 2156 equidem
1629 2108 1666 2144 in
1689 2107 1740 2145 le-

1075 2164 1198 2201 ctione
1233 2163 1381 2212 vulgata
1408 2163 1601 2211 Mediceo,
1651 2163 1741 2200 Flo-

1075 2220 1239 2266 rentino,
1270 2220 1348 2257 aliis
1369 2221 1527 2271 probata
1545 2220 1739 2270 persistere

1076 2280 1113 2314 et
1146 2289 1226 2313 cum
1250 2276 1364 2313 Porto
1392 2277 1546 2326 ipsoque
1568 2276 1736 2324 Schwgh.

1077 2333 1112 2369 in
1141 2331 1230 2369 Lex.
1259 2332 1398 2372 Herod.
1439 2345 1467 2369 s.
1497 2344 1529 2368 v.
1570 2336 1738 2381 repetere

1078 2387 1302 2434 ἐνδεξαίατο
1321 2402 1343 2425 a
1359 2389 1470 2426 verbo
1495 2385 1736 2436 ἐνδέχεσθαι,

1078 2458 1121 2481 eo
1161 2445 1238 2481 sere
1281 2457 1389 2481 sensu
1413 2457 1421 2480 ε
1489 2443 1737 2493 exploraturus

1077 2501 1284 2537 sententiam
1327 2500 1540 2544 satellitum,
1597 2513 1643 2536 an
1669 2500 1736 2537 ‹ul-

1076 2558 1238 2601 missuri,
1278 2569 1305 2593 s.
1325 2557 1515 2606 probaturi
1542 2560 1654 2593 essent
1678 2557 1738 2593 (le-

1067 2611 1257 2661 flctz‘onem
1281 2613 1324 2648 ab
1346 2613 1489 2658 Oroete,
1521 2625 1549 2649 s.
1572 2612 1737 2662 defectio-

1073 2670 1130 2704 nis
1163 2681 1345 2705 sermonem
1373 2671 1458 2718 ipsis
1485 2669 1657 2717 oblatum,
1698 2674 1738 2707 ut

1073 2725 1119 2761 sit
1132 2723 1253 2771 ἐνδεξ.
1275 2720 1490 2764 α’πόστασιν
1506 2726 1617 2772 idem,
1636 2726 1737 2776 quod

1074 2778 1156 2819 ἒνδ.
1180 2777 1246 2819 τὸν
1277 2780 1365 2831 περὶ
1396 2777 1636 2828 α’ῑτοστάσιος
1665 2778 1734 2821 λό-

1077 2851 1158 2888 γον.
1201 2835 1324 2887 Atque
1344 2838 1400 2876 vel
1419 2838 1485 2877 hac
1506 2840 1543 2876 in
1560 2839 1737 2890 interpre·
1808 2849 1810 2851 ’
