1863 3256
428 225 512 266 580

842 218 1308 262 HERODOTI

432 335 569 388 βατα,
608 330 898 388 ἀναβαίνουσι
934 330 977 379 ἐς
1007 327 1177 383 Αὔγιλα
1205 331 1372 384 χῶρον,
1412 325 1698 383 ὀπωριεῦντες

433 403 538 453 τούς
577 405 799 458 φοίνικας·

862 401 905 442 οἱ
941 398 987 441 δὲ
1027 399 1184 442 πολλοὶ
1222 400 1295 442 καὶ
1329 397 1598 455 ἀμφιλαφέες
1627 416 1698 443 πε-

400 472 622 528 Ξφύκασι,
653 471 810 520 πάντες
839 468 980 520 ἐόντες
1010 469 1300 525 καρποφόροι.
1357 469 1463 521 τούς
1498 470 1544 513 δὲ
1577 469 1698 514 oim-

433 543 588 599 λέβους
617 540 747 584 ἐπεὰν
771 540 1041 595 θηρεύσωσι,
1073 539 1314 596 αὐήναντες
1334 539 1447 595 πρὸς
1465 540 1543 583 τὸν
1562 539 1701 596 ἥλιον,

433 611 715 659 καταλέουσι,
745 610 820 654 καὶ
850 611 992 654 ἔπειτα
1022 611 1091 654 ἐπὶ
1119 608 1232 666 γάλα
1261 611 1592 662 ἐπιπασσοντες,
1629 612 1757 654 ari-40

400 690 574 725 ὃνουσμ

639 685 851 736 γυναῖκας
891 682 938 725 δὲ
976 683 1227 737 νομίζοντες
1257 681 1423 733 πολλάς
1463 682 1573 737 ἔχειν
1608 681 1700 724 ἔκα-

435 763 548 803 στος,
577 750 799 796 ἐπίκοινον
829 752 999 797 αὐτέων
1025 753 1103 809 τὴν
1131 754 1248 809 μίξιν
1277 757 1522 797 ποιεῦνται·
1553 751 1700 808 τρόπῳ

381 942 470 991 „qui
491 941 742 992 praeterlapsa
761 943 902 978 aestate
914 941 1043 989 (quam

383 1012 431 1036 se.
454 999 490 1034 in
507 997 786 1035 mediterrancis
804 1001 918 1045 agant
937 995 1042 1043 locis)

382 1057 650 1104 ingruenteque
690 1058 865 1090 autumno
911 1066 1045 1102 pecora

384 1112 433 1148 ad
455 1123 555 1148 oram
576 1112 749 1159 abigant3
778 1122 851 1159 quo
873 1122 958 1147 vero
980 1122 1044 1146 au-

383 1168 499 1205 tumni
523 1171 691 1217 tempore
713 1165 894 1217 palmulae
925 1170 1045 1203 matu-

385 1224 545 1270 ruerint,
585 1236 728 1260 rursum
759 1224 808 1259 ad
831 1222 1047 1260 mediterra-

386 1293 456 1319 nea
488 1280 569 1316 loca
596 1283 807 1326 revertant,
850 1278 1047 1328 palmulas-

384 1349 457 1386 que
500 1337 697 1386 decerpant
734 1336 964 1384 hiememque
994 1335 1045 1371 ibi

384 1393 601 1441 transigant.
615 1394 639 1412 “
687 1390 768 1429 Nec
795 1396 920 1429 tamen
950 1391 1046 1427 iusta

385 1449 472 1485 mihi
527 1448 674 1485 videtur
727 1448 876 1485 subesse
935 1459 1048 1484 causa

385 1505 587 1554 quidquam
607 1504 644 1540 in
655 1504 849 1540 Herodoto
871 1503 1047 1541 mutandi.

386 1561 445 1599 De
474 1563 587 1597 ovium
606 1564 787 1609 proventu
808 1561 956 1609 egregio
983 1571 1048 1609 per

387 1617 497 1654 hosce
519 1621 655 1653 tractus
686 1617 781 1652 conf.
809 1621 902 1653 nott.
921 1615 968 1652 ad
988 1615 1048 1660 lV,

391 1672 492 1719 1553
540 1673 587 1709 de
601 1672 772 1722 palmulis
789 1673 860 1709 vid.
883 1676 979 1709 nott.
1000 1672 1049 1708 ad

389 1729 426 1775 1,
456 1729 535 1770 193
558 1733 596 1766 et
617 1729 664 1766 de
692 1742 783 1766 voce
810 1724 1051 1780 ἀμφιλαφής

389 1789 483 1822 nott.
506 1785 555 1820 ad
573 1785 636 1832 Ill,
664 1784 754 1826 114.

450 1836 696 1892 ἀττελέβους]
728 1841 822 1879 Tres
844 1840 925 1878 libri
944 1835 1051 1880 ἆττε-

392 1892 542 1948 λάβους
589 1899 749 1947 itemque
793 1897 962 1935 Eustatli.
1002 1898 1051 1935 ad

390 1953 545 2003 Dionys.
574 1955 719 2003 Perieg.
749 1957 852 2000 210,
892 1954 953 2003 qui
982 1955 1050 1991 ad-

365 2012 370 2023 *
392 2010 469 2047 dit:
511 2005 616 2056 εἶδος
645 2008 688 2049 δὲ
717 2005 878 2061 οἷκρίδος
903 2008 926 2049 ό
946 2006 1051 2049 οἷττὲ·

392 2066 524 2117 λαβος.
562 2066 742 2104 Locustas
764 2068 941 2116 quasdam
961 2079 1053 2117 pen-

392 2135 521 2160 narum
542 2128 709 2174 expertes
722 2124 774 2160 ita
790 2124 909 2160 vocari
926 2128 1053 2160 auctor

393 2183 451 2216 est
468 2178 606 2216 Plinius
622 2180 671 2216 H.
690 2179 738 2217 N.
759 2180 881 2216 XXIX
898 2179 977 2228 (4),
998 2181 1052 2220 29

394 2233 431 2285 ἓ.
465 2237 527 2275 13.
579 2236 733 2272 Arriano
767 2235 844 2272 lnd.
878 2238 931 2278 29
964 2237 1053 2273 haec

393 2291 577 2328 Herodoti
607 2293 719 2329 verba
750 2292 944 2329 obversata
970 2305 1052 2330 esse

393 2347 564 2384 observat
590 2348 804 2397 wesseling.

450 2406 644 2452 γυναῖκας
680 2403 722 2443 δὲ
760 2404 987 2455 νομίζοντες
1017 2419 1052 2443 κ.

395 2469 426 2493 τ.
447 2457 496 2507 L]
537 2459 648 2495 Haud
668 2462 742 2497 scio
765 2474 811 2497 an
830 2461 897 2497 hnc
917 2462 1054 2497 saciant

395 2511 516 2551 Melae
537 2515 649 2552 verba
669 2516 705 2563 1,
728 2520 766 2562 8,
787 2519 840 2556 38
867 2518 914 2553 de
937 2518 1054 2565 Cyre-

395 2570 522 2607 naicae
556 2570 808 2608 Nomadibus:
864 2573 1052 2619 „singulis

395 2625 536 2674 aliquot
557 2627 662 2664 simul
684 2628 859 2676 coniuges
878 2634 913 2664 et
930 2629 1053 2676 plures

396 2682 443 2718 ob
463 2682 499 2718 id
516 2681 618 2720 liberi
631 2684 829 2732 agnatique
847 2689 945 2729 sunt,
967 2697 1052 2719 nus-

395 2750 504 2786 quam
528 2740 674 2788 panci.“
720 2739 778 2776 Ad
805 2740 955 2777 verbum
987 2754 1049 2778 νο-

395 2794 571 2843 μίζοντες
589 2797 682 2833 conf.
700 2795 727 2841 Ι,
758 2797 848 2837 130.
871 2798 964 2836 202.

450 2848 655 2890 ἐπίκοινον
680 2847 831 2890 αὐτέων
851 2849 924 2902 τήν
943 2851 1051 2903 μίξιν

1101 940 1324 989 ποιεῦνται]
1367 939 1390 976 ἰ.
1414 952 1445 977 e.
1468 940 1660 990 promiscue
1682 950 1758 975 cum

1103 996 1310 1046 quibuslibet
1341 1000 1472 1035 coeunt.
1533 996 1675 1032 Eadem
1713 995 1760 1032 de

1102 1053 1317 1102 Agathyrsis
1346 1054 1542 1089 traduntur
1569 1050 1639 1098 lv,
1667 1049 1760 1098 104,

1102 1109 1149 1146 de
1171 1109 1395 1147 Ausensibus
1414 1108 1476 1155 IV,
1499 1110 1578 1149 180
1598 1107 1676 1145 coll.
1697 1106 1759 1154 lv,

1105 1168 1196 1206 176.
1228 1166 1352 1210 Quare
1372 1166 1533 1202 hocloco
1552 1164 1624 1201 ista
1644 1163 1759 1201 verba

1103 1221 1219 1258 aliena
1262 1222 1428 1271 maleque
1470 1221 1586 1258 textui
1618 1220 1759 1257 intrusa

1103 1279 1230 1315 statuit
1253 1278 1450 1323 Valcken.‚
1477 1290 1585 1327 quem
1613 1281 1759 1314 secutus

1100 1334 1324 1371 Borheckius
1357 1347 1377 1371 e
1405 1338 1506 1371 textu
1543 1333 1651 1371 eiecit
1687 1332 1760 1378 illa,

1102 1391 1200 1427 uncis
1219 1391 1376 1437 inclusit,
1398 1395 1439 1426 ut
1457 1394 1641 1440 suspecta,
1671 1388 1760 1425 Rei-

1102 1448 1192 1483 zius.
1222 1447 1272 1483 At
1286 1450 1490 1495 agnoscunt
1511 1458 1637 1483 omnes
1650 1444 1759 1481 codd.

1103 1504 1264 1551 itemque
1282 1503 1450 1539 Eustath.
1471 1503 1520 1538 ad
1533 1500 1721 1550 Dionys-l.
1737 1500 1759 1537 l.

1106 1565 1141 1596 et
1169 1559 1269 1595 Mela
1302 1558 1340 1605 l,
1368 1561 1414 1603 8,
1440 1558 1515 1604 55,
1546 1558 1761 1594 Herodotea

1105 1620 1192 1652 ante
1213 1616 1336 1651 oculos
1356 1614 1514 1660 habens,
1537 1614 1597 1650 ubi
1617 1614 1760 1650 scribit:

1106 1671 1233 1718 „Nulli
1263 1676 1363 1708 certa
1392 1683 1483 1707 uxor
1511 1669 1672 1716 est,'ex
1694 1669 1762 1716 his,

1106 1728 1167 1778 qui
1186 1732 1260 1764 tam
1279 1727 1429 1764 confuso
1451 1731 1642 1777 parentum
1665 1726 1764 1763 coitu

1106 1784 1242 1835 passim
1296 1784 1498 1832 incertique
1552 1786 1764 1828 nascuntur,

1107 1853 1201 1890 quos
1233 1853 1300 1890 pro
1330 1840 1403 1877 suis
1435 1839 1580 1886 colant,
1626 1839 1764 1876 formae

1109 1897 1342 1934 similitudine
1393 1897 1652 1945 agnorcunt;“
1726 1898 1765 1932 et

1107 1953 1215 2005 paulo
1261 1956 1348 2003 post
1386 1952 1541 2001 Augilae
1578 1951 1765 1988 mentione

1108 2011 1222 2047 sacta:
1253 2009 1446 2056 „foeminis
1467 2019 1591 2046 eorum
1613 2009 1765 2045 solenne

1108 2071 1185 2112 est,
1215 2070 1321 2103 noete
1340 2078 1412 2114 qua
1430 2066 1586 2110 nubunt,
1605 2064 1764 2101 omnium

1109 2127 1238 2173 stupro
1260 2127 1398 2172 patere,
1430 2122 1492 2171 qui
1510 2133 1591 2158 cum
1615 2131 1766 2158 munere

1109 2179 1345 2224 advenerint3
1391 2182 1429 2215 et
1454 2183 1527 2215 tum
1553 2190 1634 2214 cum
1655 2176 1765 2227 pluri-

1110 2236 1178 2272 bus
1211 2235 1448 2272 concubuisse
1478 2234 1669 2271 maximum
1699 2232 1765 2270 de·

1111 2304 1194 2336 cus;
1233 2292 1269 2328 in
1290 2291 1466 2339 reliquum
1485 2290 1659 2340 pudicitia
1679 2289 1765 2324 insi-

1110 2349 1192 2397 gnis
1215 2350 1309 2384 cst.“
1360 2346 1438 2384 Nec
1455 2346 1569 2393 magis
1586 2358 1698 2395 opus,
1728 2345 1764 2381 in

1110 2405 1293 2441 Herodoti
1311 2403 1426 2440 verbis
1449 2415 1528 2438 cum
1549 2401 1668 2438 Corae
1695 2414 1762 2450 pro

1110 2459 1314 2499 ἐπίκοινον
1344 2459 1501 2495 scribere
1526 2456 1589 2496 ἐπὶ
1611 2459 1765 2503 κοινοῦ,

1110 2517 1209 2564 quod
1239 2517 1334 2552 idem
1363 2515 1485 2551 valeat
1511 2519 1623 2563 atque
1641 2513 1765 2563 ἐμφα-

1110 2571 1246 2617 mig-l,
1279 2574 1371 2612 203.
1412 2571 1482 2616 lll,
1515 2573 1605 2611 101.
1666 2569 1766 2607 Nihil

1108 2628 1203 2664 enim
1224 2628 1368 2664 obstare
1385 2628 1493 2663 vim-0
1509 2653 1520 2672 ,
1551 2639 1624 2675 quo
1646 2627 1764 2663 minus

1107 2684 1220 2720 ternis
1246 2683 1342 2720 hisce
1368 2683 1454 2719 locis
1479 2682 1681 2728 ἐπίκοινος
1703 2682 1765 2731 μί-

1106 2742 1164 2786 ξις
1181 2740 1380 2789 accipiatur
1390 2741 1437 2777 de
1450 2741 1643 2789 promiscuo
1655 2740 1761 2783 coitu,

1105 2797 1410 2844 quomadmodum
1434 2796 1460 2842 l,
1486 2798 1568 2837 216
1593 2796 1640 2833 de
1660 2794 1762 2831 Mas-

1104 2853 1262 2900 sagetis:
1292 2847 1457 2904 ταύτῃσι
1477 2851 1658 2891 ἐπίκοινα
1678 2848 1762 2903 χρέ-
