1863 3256
437 225 520 265 512

820 220 1285 263 HERODOTI

405 336 532 376 Ξλιπε
571 332 710 376 αὐτοῦ
738 333 873 389 ταύτῃ
907 332 954 374 ἐν
982 334 1042 385 τῷ
1074 328 1362 387 στρατοπέδῳ.
1419 330 1616 373 κατέλιπε
1645 332 1691 374 δὲ

433 402 539 453 τούς
585 419 628 445 τε
677 401 811 450 ὅνους
860 401 933 441 καὶ
975 399 1079 449 τούς
1117 398 1326 449 ἀσθενέας
1361 402 1436 454 τῆς
1477 402 1746 452 στρατιῆς,65

432 476 566 517 τῶνδε
605 475 763 515 εἵνεκεν
777 486 785 494 ·

845 471 917 511 ἵνα
958 471 1001 512 οἱ
1028 470 1106 524 μὲν
1136 469 1233 512 ὄνοι
1266 469 1376 525 βοὴν
1406 468 1688 523 παρέχωνται,

434 546 477 587 οἱ
507 547 551 586 oss
583 542 813 593 ἅνθρωποι
844 537 1070 595 ἀσθενείης
1099 540 1177 593 μὲν
1209 541 1367 582 εἵνεκεν
1396 542 1688 589 κατελίποντο,

432 612 678 667 προφάσιος
708 610 752 652 δὲ
782 612 908 664 τῆσδε
938 609 1100 665 δηλαδή
1140 609 1272 661 αὐτὸς
1302 611 1380 665 μὲν
1406 610 1489 653 σύν
1527 613 1587 664 τῷ
1612 625 1691 651 κα-

432 687 558 740 θαρῷ
596 684 677 724 τοῦ
715 683 902 733 στρατοῦ
939 680 1223 735 ἐπιθήσεσθαι
1251 683 1398 736 μέλλοι
1429 686 1540 723 τοῖσι
1570 677 1688 721 Σκύ-

432 758 563 807 θῃσι,
603 745 725 793 οὗτοι
757 750 802 792 δὲ
832 749 880 793 τὸ
912 751 1205 806 στρατόπεδον
1235 756 1393 794 τοῦτον
1422 751 1500 794 τὸν
1529 748 1691 805 χρόνον

403 830 425 862 3
438 822 630 876 ῥυοίατο.

690 825 828 863 ταῦτα
857 827 970 864 τοῖσι
1001 821 1387 876 ὑπολειπομένοισι
1416 821 1689 876 ὑποθέμενος
1702 827 1747 860 70

432 890 458 935 ὁ
487 896 696 945 Δαρεῖος,
731 892 804 934 καὶ
837 892 952 947 πυρὰ
985 891 1217 942 ἐκκαύσας,
1249 892 1327 947 τὴν
1354 894 1554 947 ταχίστην
1584 891 1690 934 ἐπεί-

403 964 533 1017 4γετο
565 961 633 1004 ἐπὶ
662 961 739 1005 τὸν
758 962 940 1017 Ἴστρον.

1001 965 1045 1006 οἱ
1074 963 1119 1006 δὲ
1148 963 1267 1014 ὄνοι,
1299 962 1588 1018 ἐρημωθέντες
1609 964 1690 1005 τοῦ

434 1031 611 1088 ὁμίλου,
651 1032 764 1076 οὕτω
794 1033 872 1087 μὲν
901 1032 954 1088 δή
983 1036 1148 1089 μᾶλλον
1176 1036 1320 1089 πολλῷ
1350 1035 1470 1076 ἵεσαν
1498 1037 1571 1088 τῆς
1600 1049 1691 1088 φω-

433 1107 534 1159 νῆς·

436 1265 478 1306 οἷ
508 1264 549 1306 δὲ
581 1263 791 1317 ἅνθρωποι
823 1263 1035 1318 ἀσθενείης

378 1320 451 1370 μὲν
474 1323 622 1362 εἵνεκεν
639 1339 674 1362 κ.
696 1339 726 1362 τ,
748 1323 797 1374 λ.]
824 1325 1034 1375 Impeditior

376 1379 445 1415 loci
482 1384 680 1426 structura,
731 1381 777 1418 de
822 1393 896 1430 qua
938 1381 1031 1418 conf.

376 1435 509 1472 Matth.
530 1436 594 1473 Gr.
618 1437 681 1472 Gr.
705 1434 740 1485 ἓ.
767 1438 869 1484 631,
901 1439 924 1476 3
947 1451 1031 1487 pag.

377 1493 497 1532 1299.
546 1493 641 1529 Sunt
680 1493 775 1529 enim
805 1493 1032 1543 potissimum

373 1547 486 1584 verba
524 1547 565 1585 οἱ
592 1545 634 1586 ὁὲ
663 1545 875 1599 ἅνθρωποι
907 1545 1033 1587 ‹iaes-

374 1603 486 1652 νείης
507 1600 578 1653 μὲν
604 1603 752 1642 εἵνεκεν
765 1605 1032 1652 κατελίποντο,

343 1659 345 1663 ’
376 1671 472 1708 quae
495 1664 713 1697 structuram
734 1661 899 1707 turbant3
938 1674 1033 1710 quae

376 1716 406 1752 si
436 1728 502 1765 per
524 1717 758 1766 parenthesin
776 1718 878 1766 quasi
900 1718 1032 1755 iniecta

374 1776 544 1822 putemus
557 1802 568 1820 ,
598 1773 734 1809 facilior
752 1775 928 1823 procedet
948 1786 1030 1811 ora-

375 1828 482 1864 tionis
519 1833 718 1876 structura,
757 1831 792 1866 in
822 1843 894 1879 qua
925 1835 1031 1881 opta-

377 1884 442 1921 tivi
479 1883 612 1934 μέλλοι
642 1890 678 1922 et
707 1886 868 1935 ῥυοίατο
893 1887 940 1923 ab
969 1899 1031 1924 ea-

375 1941 459 1977 dem
479 1942 641 1990 pendent
657 1942 830 1991 particula
848 1942 936 1989 ἳ’να·,
964 1955 1032 1979 un-

375 1997 423 2033 de
455 1998 593 2047 pendet
629 1998 876 2035 coniunctivus
908 1997 1031 2048 παρέ-

371 2067 540 2103 χωνται,·
570 2055 617 2091 de
638 2067 710 2103 quo
734 2055 806 2091 vid.
825 2059 915 2092 nott.
934 2056 981 2092 ad
1002 2055 1030 2102 1,

373 2109 454 2150 185
471 2110 551 2146 coll.
578 2110 650 2155 lV,
691 2112 780 2151 139.
821 2111 943 2154 Quare
964 2112 1031 2148 mi-

371 2167 468 2202 nime
496 2179 587 2216 opus
616 2166 794 2216 particula
823 2166 893 2214 ὥς,
921 2180 1029 2217 quam

371 2221 470 2258 libris
499 2223 618 2258 invitis
646 2227 729 2272 post
748 2220 900 2274 δηλαδή
918 2224 1030 2261 textui

372 2277 524 2314 inseruit
561 2279 730 2325 Reizius,
774 2292 956 2329 quamque
992 2283 1031 2317 ct

372 2334 451 2382 ipse
494 2333 626 2374 Mauh,
665 2336 701 2371 in
737 2339 837 2373 textu
872 2337 1029 2383 retinuit,

372 2401 438 2426 nec
473 2391 587 2437 magis
624 2404 715 2440 opus
748 2392 1030 2440 distinctionem,

372 2458 468 2494 quae
494 2446 599 2493 vulgo
627 2452 713 2495 post
742 2445 895 2497 δηλαδή
927 2449 1031 2497 poni-

372 2505 450 2545 tur,
481 2514 647 2549 quaeque
676 2503 779 2539 uobis
803 2517 949 2552 prorsus
970 2517 1031 2540 su-

371 2570 552 2607 pervacua
569 2559 728 2604 videtur,
760 2572 838 2595 cum
859 2560 1028 2607 Schwgh.

372 2614 566 2650 transferre
607 2618 690 2650 ante
732 2611 893 2665 δηλαδή.
954 2615 1029 2652 lam

373 2669 463 2706 haec
494 2669 578 2707 inde
600 2670 778 2707 enascitur
793 2671 858 2706 loci
882 2675 1028 2707 senteu-

374 2727 444 2762 tia:
494 2726 633 2775 reliquit
665 2728 780 2762 asinos
811 2731 841 2762 et
875 2727 1029 2776 insumus

374 2782 500 2818 vna'le'tes
524 2782 590 2818 Ιιαι·
617 2783 658 2819 de
684 2796 813 2830 «ms-(z,
846 2786 883 2818 ut
905 2786 935 2818 et
957 2785 1030 2819 usi-

374 2840 413 2875 m'
440 2838 619 2876 clamorem
645 2839 803 2887 ederent,
837 2839 1030 2876 homnibus

594 1100 859 1155 ἀκούσαντες
898 1104 943 1148 ὁὲ
972 1106 1016 1148 οἱ
1044 1102 1222 1148 Σκύθαι
1250 1107 1339 1146 τῶν
1369 1102 1509 1155 ὄνων,
1547 1101 1688 1159 πάγχυ
1701 1108 1746 1144 75

1089 1280 1168 1305 vero
1201 1269 1236 1303 in
1257 1268 1422 1303 ‹rmitatis
1456 1279 1565 1303 causa
1600 1266 1744 1313 relictis,

1089 1327 1164 1374 ipse
1190 1337 1252 1360 ‘rex
1282 1325 1361 1369 (lwc
1380 1325 1542 1360 nimirum
1555 1327 1745 1372 praetextu

1089 1380 1192 1430 usus)
1225 1393 1300 1416 cum
1333 1382 1505 1416 exercitus
1524 1381 1616 1430 flore
1652 1379 1745 1429 Scy-

1091 1438 1170 1473 thas
1205 1436 1361 1484 aggredi
1394 1440 1528 1486 posset,
1567 1437 1629 1472 isti
1667 1448 1745 1471 vero

1088 1494 1239 1529 homines
1269 1491 1411 1543 (relicti)
1451 1496 1569 1530 castra
1593 1505 1655 1541 per
1684 1492 1745 1528 hoc

1089 1553 1221 1598 tempus
1250 1551 1437 1586 servarent.
1487 1546 1531 1586 τό
1562 1544 1745 1598 καθαρόν

1088 1607 1160 1643 τοῦ
1189 1606 1358 1654 στρατοῦ
1381 1605 1471 1652 quid
1492 1605 1559 1650 sit,
1590 1604 1744 1641 diximus

1090 1662 1137 1697 ad
1159 1660 1196 1707 Ι,
1227 1663 1320 1700 211.
1350 1660 1568 1708 wesseling.
1608 1660 1748 1697 confert

1089 1717 1253 1767 Thucyd.
1272 1717 1324 1763 V,
1358 1718 1406 1764 8,
1435 1717 1496 1754 ubi
1517 1717 1588 1753 vid.
1609 1714 1746 1762 SchoL,

1087 1773 1167 1810 alia.
1188 1795 1243 1801 -—
1272 1772 1314 1809 In
1340 1786 1446 1822 seqq.
1473 1770 1746 1811 ’ὑποτίθεσθαι

1087 1829 1185 1867 valet
1225 1831 1447 1879 praecipere,
1496 1829 1745 1879 praescribere,

1087 1886 1176 1924 alias
1219 1886 1396 1922 consilium
1433 1885 1542 1931 (lare,
1584 1885 1744 1934 suadere,

1086 1947 1128 1980 ut
1146 1942 1297 1979 diximus
1318 1942 1366 1978 ad
1387 1942 1422 1987 Ι,
1458 1945 1547 1982 107.

1145 1993 1248 2037 οὕτω
1278 1997 1349 2047 μὲν
1372 1995 1421 2047 δή
1443 2000 1592 2047 μᾶλλον
1612 1998 1745 2050 πολλῷ

1087 2054 1198 2093 ἵεσαν
1226 2056 1297 2105 τῆς
1326 2052 1491 2103 φωνῆς]
1523 2055 1545 2091 i.
1575 2067 1606 2092 e.
1635 2054 1743 2090 multo

1086 2113 1247 2148 maiorem
1284 2110 1427 2147 edebant
1456 2111 1623 2147 ruditum.
1668 2110 1742 2147 Ubi

1087 2168 1284 2217 genitivum
1307 2169 1377 2216 τῆς
1399 2169 1541 2216 φωνῆς
1558 2167 1673 2203 refero
1693 2166 1742 2203 ad

1087 2226 1258 2274 μᾶλλον,
1286 2224 1385 2272 quod
1404 2222 1618 2259 substantivi
1640 2222 1742 2270 quasi

1086 2281 1182 2318 vices
1210 2280 1362 2317 iuduere
1390 2279 1553 2324 videtur,
1585 2291 1658 2314 non
1677 2277 1742 2314 ali-

1087 2340 1145 2373 ter
1181 2337 1257 2373 sere
1294 2340 1404 2384 atque
1438 2335 1474 2370 in
1500 2334 1556 2370 illa
1589 2333 1742 2371 formula

1087 2390 1151 2431 ἐπὶ
1174 2394 1343 2440 μᾶλλον,
1378 2391 1425 2428 de
1453 2403 1523 2438 qua
1551 2390 1620 2425 xid.
1647 2395 1740 2426 nott.

1088 2449 1135 2485 ad
1162 2448 1235 2494 ΙΙΙ,
1272 2448 1363 2486 104.
1381 2467 1436 2472 —
1475 2443 1617 2495 φωνήν
1639 2444 1742 2484 ἰέναι

1086 2505 1257 2551 frequens
1277 2503 1434 2547 Nostro,
1466 2508 1503 2537 ut
1523 2502 1572 2548 11,
1605 2506 1640 2542 2.
1676 2502 1741 2548 lv,

1086 2562 1151 2600 23.
1194 2558 1267 2605 lx,
1310 2561 1360 2598 16
1387 2557 1465 2594 coll.
1498 2558 1553 2604 ll,
1596 2558 1658 2598 15.
1685 2579 1741 2585 -—

1085 2615 1126 2651 ln
1150 2615 1220 2651 fine
1243 2626 1321 2664 cap.
1341 2627 1407 2664 pro
1426 2612 1523 2652 κατᾶ
1541 2609 1740 2664 χώρην-

1087 2666 1188 2709 εἶναι
1200 2670 1367 2707 Valclxeu.
1385 2670 1455 2718 legi
1470 2672 1546 2707 vult
1557 2668 1653 2708 nard·
1665 2665 1740 2720 χῶ·

1087 2741 1161 2777 ρην
1177 2748 1221 2754 —
1247 2726 1377 2775 μένειν
1398 2740 1425 2763 S.
1445 2731 1572 2776 μεῖναι
1591 2740 1652 2762 suo
1669 2726 1740 2762 loco

1086 2796 1233 2829 vumere,
1265 2789 1304 2819 ut
1324 2783 1420 2832 apud
1441 2782 1622 2832 Aristoph.
1643 2783 1739 2831 qu.

1089 2840 1208 2881 1351.
1239 2839 1406 2889 Thucyd.
1428 2840 1489 2888 lt,
1511 2839 1572 2879 75.
1599 2838 1740 2876 Herod.

1754 683 1838 726 340
