1863 3256
396 243 482 283 588

787 242 1254 282 HERODOTI

393 366 481 394 των
520 354 606 394 τῶν
646 351 877 395 Γινδάνων
917 348 1120 403 νέμονται
1162 349 1444 405 Λωτοφάγοι·
1501 355 1543 396 οἳ
1579 353 1659 395 τὸν

366 420 564 475 Quotquot}
594 426 763 477 μοῦνον
792 424 872 462 τοῦ
901 424 1044 463 λωτοῦ
1078 420 1316 475 τρώγοντες
1346 421 1517 474 ζώουσι.
1558 420 1582 464 ὁ
1614 422 1659 466 a}

393 496 473 535 τοῦ
513 496 651 535 λωτοῦ
688 489 855 544 καρπός
891 490 980 534 ἐστι
1018 491 1209 546 μέγαθος
1247 491 1355 534 ὅσον
1391 509 1435 535 τε
1471 496 1547 548 τῆς
1578 494 1660 548 σχί·

391 579 497 606 νου·
527 561 770 618 γλυκύτητα
800 560 867 613 δὲ,
907 565 987 604 τοῦ
1018 564 1219 617 φοίνικος
1249 566 1310 620 τῷ
1344 567 1496 620 καρπῷ
1527 574 1660 616 προσ-

392 635 565 683 είκελος.

394 703 659 759 Λωτοφάγοι
687 703 761 746 καὶ
791 700 928 748 οἶνον.

337 853 405 889 suit
453 864 516 888 ora
563 851 857 902 Lotophagon.“
930 854 998 891 Alii

338 908 447 944 etiam
471 908 611 945 addunt
636 908 791 946 insulam
811 910 893 947 huic
913 923 998 948 orae

338 964 495 1001 adsitam
509 994 521 1010 ‚
549 977 571 1002 a
592 964 820 1015 Lotophagis
842 967 998 1004 maxime

338 1020 559 1068 habitatam,
600 1034 696 1070 quae
714 1034 794 1058 cum
814 1022 896 1059 olim
915 1021 998 1060 Me-

337 1078 427 1113 ninx
475 1082 511 1115 et
554 1082 686 1127 postea
730 1078 841 1116 Girba
892 1092 998 1116 voca-

336 1137 456 1179 retur,
496 1146 591 1171 nune
612 1135 658 1171 ab
683 1133 863 1172 Arabibus
888 1148 995 1173 voca-

334 1194 392 1226 tur
408 1190 534 1237 Gerbo,
554 1194 651 1228 teste
672 1191 826 1229 Rennel.
847 1205 883 1241 p.
901 1195 993 1233 662.

333 1245 517 1284 Mannert.
538 1247 593 1292 X,
622 1250 649 1287 2
680 1260 764 1297 pag.
792 1246 869 1288 143
889 1261 992 1297 seqq.

333 1301 412 1339 coll.
443 1305 518 1343 161
543 1316 646 1352 seqq.
688 1304 744 1341 De
769 1305 856 1354 ipsis
876 1304 993 1341 Loto-

331 1358 464 1408 phagis
503 1372 598 1408 quae
632 1359 765 1397 Graeci
797 1362 994 1398 commenti

332 1416 486 1459 fuerint,
528 1416 664 1452 referre
709 1416 870 1464 longum.
933 1417 993 1454 Tu

308 1497 311 1501 -
332 1471 405 1507 vid.
427 1471 632 1508 Tzschuck.
659 1472 706 1508 ad
726 1471 814 1510 Mel.
838 1473 875 1520 l,
906 1476 930 1513 7
954 1471 991 1523 §-

332 1527 358 1567 5
383 1531 475 1563 nott.
509 1540 638 1576 exegg.
665 1540 749 1577 pag.
787 1528 867 1570 194
888 1541 991 1578 seqq.

332 1583 401 1619 Est
423 1584 516 1620 enim
544 1585 733 1621 notissima
754 1597 844 1633 gens
865 1584 922 1622 vel
946 1586 992 1622 ab

333 1639 484 1676 Homeri
511 1639 596 1677 inde
625 1645 747 1678 aetate
769 1642 833 1684 (cf.
857 1642 992 1689 Odyss.

334 1694 398 1741 lX,
420 1695 678 1744 82—104)‚
708 1709 803 1746 quae
823 1697 888 1735 hac
912 1699 993 1747 ipsa

332 1752 369 1788 in
391 1751 533 1801 Libyae
560 1766 648 1799 ora,
694 1766 789 1803 quae
820 1754 857 1790 in
891 1766 992 1792 mare

332 1808 481 1845 multum
527 1810 728 1859 prominet,
773 1810 822 1846 ad
853 1810 990 1859 Syrtim

331 1865 530 1912 minorem,
586 1865 729 1904 Siciliae
768 1880 789 1904 e
827 1867 991 1916 regione,

331 1922 441 1970 igitur
465 1922 501 1958 in
519 1923 638 1959 media
658 1935 722 1959 ora
743 1922 989 1973 Tripolitana,

332 1977 515 2015 habitasse
535 1983 713 2016 censetur.
755 1979 863 2016 Conf.
882 1980 990 2016 Man-

330 2039 421 2071 nert.
443 2034 462 2072 l.
486 2035 509 2071 1.
538 2035 707 2073 Viilcker.
718 2035 867 2073 Homer.
889 2036 992 2073 Geo-

330 2090 458 2140 graph.
491 2089 526 2141 §-
547 2092 600 2132 57
626 2105 711 2142 pag.
741 2094 832 2133 110.
892 2093 991 2136 Quin

332 2147 514 2195 hodieque
534 2148 569 2183 in
592 2149 720 2186 eadem
739 2148 797 2184 illa
817 2161 900 2195 ora,
925 2161 990 2185 an-

330 2203 395 2239 tris
415 2203 672 2254 speluncisque
694 2205 826 2242 referta
851 2209 990 2242 tutum-

329 2272 401 2307 que
440 2260 527 2297 inde
567 2262 767 2310 praebente
808 2262 989 2310 refugium

330 2328 373 2351 ac
394 2316 621 2365 receptacula
642 2317 808 2354 habitare
839 2322 988 2366 gentem

330 2371 540 2418 indigenam
554 2400 565 2418 ‚
606 2386 627 2409 a
649 2373 867 2423 reliquorum
888 2374 988 2411 inco-

330 2426 442 2463 larum
480 2428 708 2467 multitudine
744 2443 893 2479 prorsus
931 2443 988 2468 se-

331 2487 520 2531 gregatam
554 2489 591 2521 et
621 2485 666 2521 ab
689 2485 847 2523 Arabum
869 2487 988 2524 incur-

330 2539 491 2576 sionibus
524 2552 708 2587 seeuram,
746 2541 820 2578 loto
858 2543 986 2579 etiam-

331 2608 416 2632 num
447 2601 676 2642 vescentem,
725 2601 765 2633 ut
792 2610 880 2635 sane
908 2599 988 2634 Ho-

329 2651 418 2688 meri
447 2657 557 2701 atque
587 2652 768 2689 Herodoti
796 2653 987 2703 Lotopha-

329 2721 458 2757 gorum
478 2712 643 2758 posteros
660 2721 859 2757 agnoscas,
882 2710 985 2746 testis

331 2769 387 2801 est
429 2764 535 2802 Della
568 2764 679 2803 Cella.
742 2765 822 2803 Vid.
854 2765 986 2802 Ritter.

329 2819 571 2859 Erdkundel
602 2834 637 2870 p.
668 2819 762 2863 948.
793 2823 874 2862 949
903 2822 985 2861 coll.

332 2875 492 2915 Heeren.
512 2876 565 2915 ld.
590 2877 639 2925 ll,
670 2881 690 2920 1
715 2890 801 2930 pag.
830 2880 884 2920 50
909 2891 987 2929 seq.

633 635 860 675 ποιεῦνται
906 633 952 676 6²0-
1001 633 1047 676 ἐκ
1085 637 1165 678 τοῦ
1201 637 1374 688 καρποῦ
1413 633 1574 677 τούτου
1616 633 1714 677 οῑ90

1056 853 1191 901 Lotus,
1239 855 1334 893 unde
1361 855 1471 893 vitam
1507 858 1713 891 sustentare

1055 923 1147 959 gens
1184 911 1415 961 perhibetur,
1472 917 1529 949 est
1575 911 1712 947 fruetus

1055 966 1219 1003 Rhamm·
1247 966 1354 1011 L0t2·;
1387 980 1482 1016 quae
1512 966 1620 1003 arbor
1645 967 1713 1005 ad-

1055 1023 1124 1060 huc
1154 1024 1328 1073 frequens
1358 1036 1425 1073 per
1462 1023 1539 1060 illas
1572 1021 1713 1059 Africae

1054 1079 1224 1128 regiones
1253 1084 1396 1117 exstare
1422 1079 1574 1124 dicitur,
1621 1077 1713 1114 Ara-

1053 1136 1158 1172 bibus
1196 1137 1343 1184 cognita
1384 1137 1530 1173 nomine
1559 1133 1711 1181 Se'e'dra,

1051 1192 1150 1229 cuius
1185 1193 1302 1229 fructu
1334 1196 1484 1229 utuntur
1514 1192 1710 1240 indigenae

1051 1249 1147 1285 victu
1177 1249 1410 1297 quotidiano,
1463 1249 1551 1298 quin
1589 1248 1709 1298 ipsum

1052 1305 1122 1340 vini
1145 1317 1260 1352 genus
1279 1306 1365 1343 inde
1381 1305 1590 1352 conficiunt,
1609 1304 1709 1353 quod

1051 1366 1174 1397 tamen
1215 1373 1350 1410 paucos
1387 1362 1497 1398 modo
1529 1373 1595 1410 per
1629 1361 1708 1397 dies

1051 1417 1185 1453 servari
1206 1418 1332 1467 possit.
1377 1418 1434 1454 Cf.
1457 1417 1616 1454 Heeren.
1639 1417 1661 1452 l.
1683 1416 1705 1454 l.

1049 1472 1203 1510 Rennel.
1228 1486 1263 1522 p.
1285 1475 1365 1514 663
1387 1486 1464 1522 seq.
1523 1473 1571 1509 At
1600 1471 1708 1522 plane

1050 1529 1173 1566 differt
1195 1529 1424 1578 Aegyptiaca
1443 1529 1551 1575 lotus,
1573 1529 1620 1566 de
1637 1540 1708 1577 qua

1049 1585 1123 1621 dixi
1141 1585 1189 1621 ad
1210 1585 1254 1631 ll,
1275 1587 1340 1625 96.
1380 1585 1438 1622 De
1459 1589 1614 1634 utraque
1632 1584 1707 1622 loto

1049 1641 1153 1691 plura
1191 1640 1317 1689 Polyb.
1350 1641 1441 1688 XlI,
1478 1644 1516 1682 2.
1575 1640 1706 1678 Athen.

1049 1697 1148 1744 XIV,
1178 1698 1229 1738 18
1254 1710 1281 1734 S.
1299 1697 1352 1738 65
1372 1710 1458 1748 pag.
1479 1699 1554 1739 65¹
1580 1697 1651 1743 D.‚
1677 1709 1707 1735 s.

1048 1755 1131 1794 369
1152 1753 1356 1802 Schweigh.
1398 1753 1640 1804 Theophrast.
1657 1753 1706 1790 Η.

1047 1809 1100 1846 Pl.
1120 1810 1170 1847 IV
1201 1823 1236 1859 p.
1257 1808 1322 1851 46.
1366 1810 1464 1847 Add.
1496 1809 1707 1847 Tzschucke

1047 1867 1070 1903 l.
1091 1866 1113 1902 l.
1148 1866 1173 1903 Ι.
1189 1866 1238 1903 H.
1249 1866 1353 1903 Voss.
1365 1867 1413 1903 ad
1425 1866 1550 1914 Virgil.
1565 1866 1705 1914 Georg.

1047 1921 1092 1969 ΙΙ,
1117 1922 1171 1963 84
1193 1927 1229 1959 et
1255 1935 1352 1972 quae
1377 1923 1425 1959 ad
1445 1921 1627 1961 Herodoti
1653 1921 1707 1959 lo·

1047 1991 1126 2016 cum
1156 1979 1279 2015 citavit
1304 1979 1508 2028 Schweigh.
1547 1979 1707 2016 Creuze·

1047 2047 1108 2072 rus
1135 2036 1308 2073 amandat
1338 2036 1385 2073 ad
1403 2036 1499 2072 Kurt
1513 2034 1705 2085 Sprengel.

1047 2091 1267 2129 Geschichte
1306 2092 1372 2129 der
1407 2092 1590 2139 Botanik,
1642 2092 1705 2141 qui

1047 2149 1157 2185 etiam
1177 2148 1254 2185 eius
1272 2148 1484 2186 arbusculae
1506 2147 1704 2186 coloratam

1046 2204 1242 2253 imaginem
1262 2204 1432 2241 exhibuit.

1104 2261 1144 2299 οἳ
1174 2257 1246 2299 τόν
1275 2258 1432 2310 καρπόν
1466 2262 1622 2311 μοῦνον
1649 2281 1703 2286 -

1048 2312 1208 2367 ζώουσι]
1253 2318 1345 2354 Cum
1363 2317 1585 2354 Herodoteis
1607 2316 1701 2352 conf.

1045 2373 1218 2411 Strabon.
1238 2373 1341 2410 XVII
1372 2387 1408 2423 p.
1431 2374 1514 2414 829
1542 2385 1570 2408 s.
1596 2372 1702 2412 1185

1044 2429 1089 2466 B.
1128 2429 1187 2466 Ad
1207 2429 1318 2466 verba
1347 2441 1450 2477 seqq.
1481 2424 1703 2478 γλυκύτητα

1045 2483 1088 2523 δὲ
1120 2486 1214 2522 conf.
1243 2485 1411 2521 Eustath.
1437 2485 1486 2520 ad
1506 2485 1641 2534 Odyss.
1664 2497 1702 2534 p.

1048 2544 1168 2587 1616,
1186 2541 1239 2582 47
1251 2554 1278 2577 s·
1292 2542 1464 2587 337‚32,
1486 2541 1547 2577 ubi
1561 2536 1703 2592 γλυκύ-

1043 2612 1156 2642 τατος
1165 2602 1201 2634 et
1211 2594 1354 2646 ὁμοίως
1363 2610 1429 2647 pro
1440 2598 1702 2647 προσείκελος.

1042 2653 1224 2691 Homerus
1244 2654 1377 2703 Odyss.
1398 2654 1461 2700 xl,
1482 2653 1535 2694 94
1557 2659 1703 2692 vocarat

1043 2708 1228 2759 μελιηδέα
1244 2705 1414 2761 καρπὸν,
1445 2723 1518 2759 quo
1540 2711 1701 2748 fruentes

1043 2767 1130 2802 socii
1153 2765 1267 2803 Ulixis
1295 2768 1432 2803 reditus
1456 2765 1557 2803 obliti
1577 2771 1672 2803 sunt.

1099 2823 1304 2861 ποιεῦνται
1341 2820 1383 2861 δὲ
1420 2821 1463 2862 ἐκ
1499 2824 1570 2861 τοῦ
1606 2837 1700 2873 κοιρ-

1044 2880 1127 2918 ποῦ
1146 2874 1290 2919 τούτου
1311 2894 1344 2918 κ.
1368 2895 1398 2918 τ.
1414 2877 1464 2929 λ.]
1497 2879 1599 2917 Haec
1625 2891 1700 2916 non
