1863 3256
407 119 491 158 444

804 117 1261 157 HERODOTl

409 225 566 280 γυιέων
595 226 804 277 τουτέων,
836 224 1002 268 στάδιοι
1031 225 1184 268 ἑκατὸν
1217 225 1286 268 καὶ
1316 225 1442 278 χίλιοι
1471 225 1543 266 καὶ
1571 224 1655 278 μύ-

379 298 503 351 3ριοί
543 298 632 340 εἰσι.
690 297 732 346 ἐς
774 296 818 338 δὲ
852 294 1122 349 Θεμισκύρην
1160 295 1238 350 τὴν
1277 293 1344 336 ἐπὶ
1383 294 1713 348 Θερμώδοντιδο

407 372 586 422 ποταμῷ
616 367 660 409 ἐκ
681 370 753 420 τῆς
769 366 999 418 Σινδικῆς,
1035 364 1168 418 (κατὰ
1195 368 1325 407 τοῦτο
1355 362 1435 418 γάρ
1464 364 1550 407 ἔστι
1578 368 1658 407 τοῦ

408 436 587 479 Πόντου
633 433 918 487 εὐρύτατον,)
969 438 1103 487 τριῶν
1149 449 1192 476 τε
1235 433 1428 489 ἡμερέων
1468 435 1539 476 καὶ
1576 436 1656 477 δύο

404 510 573 549 νυκτῶν
602 503 754 554 πλόος·

815 499 943 547 αὗται
971 505 1017 547 ote.
1045 510 1159 558 τρεῖς
1195 504 1400 558 μυριάδες
1437 506 1509 548 καὶ
1546 505 1656 560 τριή-

405 592 538 620 κοντα
562 573 775 629 ὀργυιέων
794 576 1011 630 γίνονται,
1047 575 1214 618 στάδιοι
1247 575 1291 618 δὲ
1318 574 1557 630 τριηκόσιοι
1586 575 1657 618 καὶ

378 653 399 687 4
409 647 645 700 τρισχίλιοι.

701 643 749 687 Ὁ
787 645 864 699 μέν
903 662 985 688 νυν
1015 645 1184 696 Πόντος
1220 640 1350 696 οὗτος
1387 646 1458 689 καὶ
1489 645 1653 688 Βόσπο-

406 716 482 770 ρός
510 731 554 758 τε
589 715 660 758 καὶ
683 714 997 770 Ἑλλήσποντος
1030 715 1144 758 οὕτω
1183 717 1227 758 τέ
1265 733 1339 772 μοι
1369 716 1711 772 μεμετρέαται,ὃὸ

380 786 487 829 5καὶ
516 785 624 829 κατὰ
652 784 704 828 τὰ
735 784 935 841 εἰρημένα
969 784 1199 841 πεφύκασι.

1259 787 1498 842 Παρέχεται
1518 787 1563 830 δὲ
1583 788 1655 830 καὶ

404 858 559 912 λίμνην
587 854 610 899 ὁ
642 854 814 907 Πόντος
843 850 989 906 οὗτος,
1028 855 1287 899 ἐκδιδοῦσαν
1316 857 1358 907 ἐς
1385 856 1571 907 ἑωυτόν,
1601 855 1655 900 οὐ

402 999 442 1048 εἷς
473 998 516 1040 δὲ
546 998 797 1053 Θεμισκύρην
829 998 903 1052 τήν
937 999 1002 1040 ἐπὶ

348 1053 618 1109 Θερμώδοντι]
657 1059 715 1096 De
741 1058 1001 1104 Thermodwte,

348 1113 411 1162 qui
427 1126 522 1151 nunc
534 1115 735 1165 appellatur
747 1113 903 1161 ΤενιηεΙι,
913 1126 1002 1164 pau-

348 1170 398 1205 cis
418 1171 621 1208 monuimus
642 1170 747 1217 adil,
767 1170 859 1217 104,
873 1170 933 1207 ubi
946 1170 1000 1219 (p.

346 1225 447 1274 717)
459 1228 633 1264 mendose
656 1239 862 1276 expressum
885 1230 1004 1263 exstat

347 1280 510 1318 Pei-mela
531 1296 597 1332 pro
623 1283 794 1319 Termelz.
824 1283 883 1319 Ad
894 1294 1001 1331 quem

345 1338 493 1375 fluvium
518 1338 721 1376 Amazones
745 1338 926 1375 habitasse
945 1338 1003 1374 di-

347 1398 476 1430 cuntur
503 1395 538 1430 in
567 1395 655 1432 urbe
674 1393 923 1444 Themiscyra,
953 1393 1001 1430 ad

346 1449 444 1485 fluvii
466 1451 560 1487 ostia
581 1451 661 1487 sita.
709 1450 767 1487 Cf.
790 1453 907 1487 Anon.
926 1449 1002 1487 De-

347 1505 468 1554 script.
491 1505 596 1543 Pont.
621 1504 661 1556 ἓ.
687 1508 738 1546 16
764 1506 812 1543 T.
835 1505 885 1542 ΙΙΙ
912 1518 999 1555 pag.

347 1559 427 1601 156
459 1561 517 1597 ed.
545 1561 641 1598 Gaii.
675 1561 796 1598 Strab.
818 1561 888 1598 Xll
914 1572 999 1610 pag.

336 1616 428 1663 ι547
447 1629 475 1653 S.
490 1616 624 1658 82313.
645 1616 724 1656 coll.
739 1616 862 1654 Schol.
881 1615 1000 1666 Apoll.

344 1670 466 1709 Rhod.
480 1672 524 1719 ΙΙ,
541 1674 633 1714 373.
665 1673 774 1709 Plura
785 1672 1002 1710 Tzschueke

346 1728 395 1764 ad
413 1727 500 1766 Mel.
520 1729 549 1775 Ι,
575 1731 625 1769 19
639 1734 728 1766 nott.
748 1742 877 1778 exegg.
896 1727 999 1777 (Vol.

346 1784 397 1820 111
414 1784 455 1823 P.
476 1784 511 1832 Ι)
531 1797 617 1834 pag.
639 1787 740 1831 602,
768 1786 830 1834 qui
848 1785 943 1822 idem
963 1797 998 1834 p.

347 1841 423 1881 601
454 1841 500 1878 de
525 1840 812 1879 Thermodonte.
841 1864 891 1870 —-
926 1840 998 1877 Pro

347 1896 540 1946 Σινδικῆς
581 1910 706 1934 omnes
749 1896 828 1934 libri
875 1897 999 1946 scripti

342 1947 522 2002 Ἰνδικῆς.
560 1953 637 1989 Sed
661 1954 730 1990 vid.
755 1958 847 1990 nott.
869 1953 917 1990 ad
934 1952 996 1999 lv,

343 2009 397 2048 28
418 2013 455 2045 et
471 2010 564 2046 conf.
587 2009 708 2047 Kruse
732 2008 754 2046 l.
777 2009 801 2046 l.
825 2021 909 2060 pag.
929 2010 994 2050 26.

402 2060 506 2103 οὕτω
546 2063 586 2103 τέ
626 2080 694 2116 μοι
723 2064 993 2117 μεμετρέαται]

340 2119 412 2163 Qui
443 2120 543 2158 locus
573 2134 661 2159 sanc
693 2121 835 2159 videtur
865 2121 995 2158 indicio

341 2188 444 2223 esse,
496 2178 613 2227 ipsum
638 2178 868 2215 Herodotum
906 2177 995 2214 haec

340 2233 453 2269 maria
482 2234 608 2271 visisse
642 2234 833 2284 ipsumque
855 2234 994 2270 distan-

340 2287 411 2324 tias
434 2289 544 2324 fuisse
567 2302 772 2337 emensum,
809 2290 879 2328 iter
906 2290 992 2326 saci-

341 2347 461 2381 entem
483 2357 555 2380 non
577 2350 676 2382 recto
699 2359 815 2392 cursu,
846 2346 924 2392 sed,
954 2349 993 2382 ut

342 2399 532 2448 probabile
554 2399 605 2446 fit,
635 2413 718 2437 oras
739 2401 920 2448 legentem
945 2401 993 2437 si-

341 2467 482 2504 nusque
502 2455 717 2493 visitantem.
755 2457 813 2494 Cf.
830 2456 991 2504 Breiger.

340 2510 363 2548 l.
384 2512 407 2548 l.
423 2524 508 2561 pag.
534 2513 597 2551 19.
635 2512 758 2560 Heyse
786 2526 825 2562 p.
849 2513 928 2552 130
955 2516 992 2548 et

339 2579 448 2617 supra
469 2571 562 2605 nott.
587 2568 635 2604 ad
657 2568 719 2615 lv,
742 2567 809 2608 46.
867 2568 991 2604 Unam

338 2623 506 2673 paludem
523 2623 741 2661 Maeoticam
772 2625 827 2661 vix
856 2623 914 2660 ille
940 2623 993 2659 vi-

340 2679 445 2717 detur
468 2679 624 2726 adiisse,
664 2680 797 2718 nedum
829 2679 992 2731 pernavi-

341 2748 470 2784 gasse3
507 2735 643 2787 quippe
664 2737 711 2775 de
734 2737 832 2774 cuius
856 2736 992 2774 ambitu

1058 1014 1141 1039 eum
1171 1015 1244 1040 non
1275 1007 1372 1040 recte
1398 1003 1564 1041 edoctum
1592 1003 1712 1049 fuisse,

1059 1059 1248 1107 sequentia
1289 1060 1376 1095 satis
1416 1059 1569 1107 docent,
1619 1072 1710 1096 con-

1059 1126 1150 1163 grua
1187 1115 1349 1164 quamvis
1377 1116 1442 1162 iis,
1480 1128 1575 1164 quae
1593 1114 1657 1161 IV,
1685 1117 1710 1156 3

1058 1171 1228 1217 tradidit,
1265 1173 1455 1208 maximum
1485 1184 1565 1209 esse
1593 1171 1710 1209 lacum

1059 1239 1357 1264 commemorans,
1411 1228 1468 1264 Cf.
1489 1228 1614 1277 Heyse
1636 1227 1658 1263 1.
1685 1226 1708 1266 l.

1058 1295 1143 1332 pag.
1165 1284 1255 1324 134.
1283 1284 1445 1332 Breiger.
1463 1296 1546 1333 pag.
1566 1286 1632 1330 33,
1647 1284 1707 1332 qui

1057 1338 1287 1376 Herodotum
1317 1340 1446 1375 erroris
1478 1340 1626 1377 crimine
1659 1340 1709 1376 ita

1057 1393 1202 1431 liberari
1231 1407 1339 1444 posse
1366 1400 1492 1445 putat,
1533 1400 1571 1432 ut
1598 1395 1708 1433 verba

1059 1445 1108 1488 ον’
1127 1452 1259 1504 πολλῷ
1285 1449 1356 1488 τέω
1384 1446 1576 1489 ἐλάσσω
1559 1454 1708 1490 εωυτοῦ

1059 1503 1115 1557 (in
1129 1506 1260 1554 quibus
1280 1519 1367 1543 cave
1389 1506 1511 1544 deleas
1525 1502 1587 1554 ου’,
1608 1508 1708 1556 quod

1057 1566 1202 1611 praeter
1220 1562 1401 1599 Herodoti
1422 1562 1533 1599 libros
1554 1563 1707 1614 scriptos

1056 1623 1176 1654 tuetur
1200 1630 1345 1667 quoque
1369 1618 1551 1656 Eustathii
1582 1623 1708 1656 aucto-

1056 1674 1144 1710 ritas
1162 1674 1208 1710 ad
1218 1674 1370 1724 Dionys.
1383 1675 1524 1724 Perieg.
1543 1688 1596 1712 vs.
1608 1673 1705 1726 163)

1055 1742 1129 1766 non
1152 1729 1199 1767 de
1221 1731 1320 1767 omni
1337 1730 1434 1768 lacus
1457 1732 1594 1768 ambitu
1615 1731 1707 1768 acci-

1055 1785 1212 1834 piantur,
1238 1787 1303 1824 sed
1321 1787 1370 1824 ad
1387 1786 1649 1836 longitudinem
1669 1793 1706 1825 et

1054 1840 1279 1879 latitudinem
1291 1844 1503 1880 referantur.
1525 1844 1629 1887 Quae
1645 1856 1706 1881 ve-

1053 1910 1135 1934 reor
1153 1902 1193 1934 ut
1212 1899 1404 1936 sufficiant.
1462 1900 1706 1937 Conferantur

1053 1958 1234 1991 caeterum
1268 1955 1314 1992 de
1331 1954 1536 1993 Maeoticae
1561 1955 1704 2005 paludis

1052 2009 1189 2046 ambitu
1200 2010 1330 2058 Scylax
1349 2009 1387 2062 ς
1399 2013 1451 2053 69
1463 2025 1497 2062 p.
1507 2013 1573 2053 30.
1587 2011 1706 2049 Huds.

1051 2078 1088 2115 p.
1108 2066 1189 2107 283
1209 2066 1283 2103 T.1
1310 2067 1405 2104 Gail.
1427 2068 1540 2117 (quac
1559 2068 1707 2118 repetiit

1051 2121 1232 2170 Anonym.
1263 2122 1299 2159 in
1329 2122 1466 2174 Peripl.
1492 2123 1596 2160 Pont.
1619 2121 1656 2174 §.
1681 2127 1701 2164 1

1050 2190 1135 2228 pag.
1163 2180 1244 2219 206
1267 2178 1314 2215 T.
1334 2179 1382 2215 Ill
1404 2180 1460 2217 ed.
1479 2179 1592 2223 Gail.)
1631 2180 1706 2216 Ca-

1051 2234 1203 2270 saubon.
1222 2235 1269 2270 ad
1287 2235 1458 2271 Strabon.
1477 2235 1543 2271 Vll
1563 2248 1599 2284 p.
1621 2237 1703 2275 310

1052 2303 1083 2326 s.
1114 2289 1194 2330 477
1238 2295 1276 2327 et
1311 2303 1405 2339 quae
1436 2290 1698 2339 Wesselingius

1048 2346 1186 2394 profert
1209 2345 1374 2394 Dionysii
1404 2346 1558 2394 Byzant.
1588 2347 1699 2384 verba

1049 2413 1092 2438 ex
1119 2400 1261 2450 Anaplo
1291 2401 1412 2438 Ponti.
1469 2401 1565 2438 Add.
1591 2402 1698 2440 Man-

1048 2461 1137 2493 nert.
1156 2456 1205 2493 lv
1223 2469 1309 2507 pag.
1329 2460 1424 2497 323.

1101 2511 1322 2575 Παρέχεται
1345 2511 1387 2552 δὲ
1407 2528 1474 2552 και
1506 2514 1651 2565 λίμνην
1679 2514 1700 2555 c‘

1051 2563 1202 2614 Πόντος
1227 2563 1356 2619 οὗτος]
1400 2564 1515 2616 οὗτος
1536 2583 1557 2607 a
1581 2571 1697 2622 pluri-

1049 2624 1114 2660 bus
1133 2625 1238 2661 codd.
1259 2626 1372 2663 abest.
1419 2625 1701 2676 Schweighaeu-

1050 2692 1130 2717 sero
1169 2682 1360 2732 repetitum
1394 2683 1537 2720 videtur
1567 2696 1701 2734 prono-

1050 2749 1156 2784 men,
1213 2751 1285 2787 quo
1324 2739 1607 2788 distingueretur
1645 2740 1701 2777 hic
