1863 3256
401 177 484 218 542

375 289 539 340 4μενοι.
597 284 647 328 τὸ
689 285 734 329 δὲ
773 283 985 340 ἐμπόριον
1013 287 1144 327 τοῦτο
1174 278 1228 338 ἦν
1259 281 1482 338 ἀκήρατον
1511 288 1668 329 τοῦτον
1733 291 1814 332 348

796 175 1264 215 HERODOTl

402 356 481 400 τόν
499 355 680 412 χρόνον·
714 355 820 398 ὥστε
841 352 1218 409 ἀπονοστήσαντες
1235 349 1360 397 οὗτοι
1379 352 1527 408 ὀπίσω,
1549 354 1670 412 μέγι-

404 437 482 469 στα
513 426 565 482 δή
593 424 810 480 Ἑλλήνων
838 423 1039 476 πάντων,
1068 428 1156 467 τῶν
1173 422 1295 480 ἡμεῖς
1312 424 1514 481 ἅτρεκίην
1534 427 1670 481 ἴδμεν,

403 497 451 540 ἐκ
481 498 676 552 φορτίων
699 494 954 550 ἐκέρδησαν,
988 496 1093 552 μετά
1110 511 1157 551 γε
1175 496 1443 550 Σώστρατον
1459 495 1539 539 τὸν
1557 499 1670 539 Λαο-

403 568 645 622 δάμαντος,
691 565 950 623 Αἰγινήτην·

376 638 545 691 ὅέρίσαι
583 634 730 679 ἄλλον.

1009 566 1150 623 τούτῳ
1179 565 1263 622 γὰρ
1293 566 1376 611 οὐκ
1407 565 1479 611 οἷά
1509 568 1553 611 τέ
1583 568 1726 612 ἐστι35

792 639 836 680 οἱ
865 639 911 682 δὲ
941 637 1105 694 Σάμιοι
1133 637 1212 694 τὴν
1242 637 1426 695 δεκάτην
1456 642 1546 682 τῶν
1575 638 1667 683 ἐπι-

401 708 585 762 κερδίων
626 705 861 762 ἐξελόντες,
907 711 952 763 ’ἑξ
1000 710 1210 762 τάλαντα,
1258 708 1518 766 ἐποιήσαντο
1565 715 1667 766 χαλ-

393 883 447 940 ἧν
460 885 675 943 ἀκήρατον]
690 892 985 943 VertitSchwgh.
1000 908 1007 931 :

348 950 461 993 „erat
505 961 546 984 ea
592 951 793 999 tempestate
836 952 1010 987 intactum

347 1003 408 1040 hoc
426 1006 671 1054 emporium‚“
701 1007 737 1043 in
756 1006 847 1045 Lex.
865 1007 1006 1045 Herod.

346 1073 471 1098 vocem
501 1056 706 1111 ἀκήρατον
736 1076 923 1113 exponens
952 1065 1010 1100 in-

348 1120 502 1164 tactum,
532 1118 731 1166 illibatum,
760 1120 913 1157 nondum
926 1119 1007 1171 sre-

348 1177 551 1223 quentatum
578 1176 826 1212 mercatoribus
863 1178 1010 1227 (empo-

347 1231 470 1276 rium).
519 1231 600 1269 Nec
624 1232 728 1270 aliter
753 1234 896 1283 accepit
916 1233 1014 1270 Lar-

347 1287 443 1324 cher.
466 1288 613 1326 minime
634 1301 700 1335 ea,
745 1302 841 1338 quae
864 1290 902 1336 I,
929 1291 1008 1331 163

349 1343 396 1380 de
426 1343 745 1392 Phocaeensibus,
797 1346 905 1395 primi
946 1345 1009 1395 qui

347 1399 557 1437 Tartessum
603 1401 754 1439 Graecis
801 1401 1007 1448 indicarint,

309 1492 312 1497 ,
346 1456 539 1493 traduntur
579 1456 677 1494 hisee
710 1458 895 1494 adversari
935 1462 1010 1495 sta-

347 1515 467 1548 tuens.
526 1512 649 1556 Quam
672 1513 709 1549 in
742 1514 896 1550 eandem
926 1527 1009 1551 sen„

347 1568 498 1605 tentiam
529 1567 684 1616 Lange:
732 1569 871 1617 „Diese
899 1569 1009 1606 Han-

349 1623 535 1661 delsstc'itte
553 1625 636 1661 abe-r
655 1637 729 1661 war
744 1626 831 1662 noch
850 1639 916 1663 neu
931 1626 1008 1663 und

346 1681 536 1718 unbesucht
563 1694 609 1717 zu
635 1681 696 1718 cler
717 1682 858 1726 Zeit‚·“
903 1684 1009 1721 item·

347 1750 425 1802 que·
438 1737 547 1774 Italus
568 1738 819 1789 interpres:‚
823 1739 915 1786 ,tale
940 1752 1008 1776 em-

341 1807 443 1844 porco
462 1807 523 1831 era
544 1794 662 1830 allora
689 1796 830 1833 intatto.
843 1797 868 1816 “
925 1795 1018 1834 Nec·

348 1863 437 1888 sane
457 1855 667 1902 repugnant
685 1864 781 1900 quae
803 1856 1007 1902 sequuntur

346 1907 483 1954 verba,
541 1919 762 1957 quamquam
803 1904 1006 1960 ἀκήρατον

347 1975 432 2000 num
452 1963 523 2000 dici
543 1964 664 2014 possit
684 1965 887 2016 emporium
915 1979 1006 2003 non-

347 2019 432 2056 dum
445 2019 731 2070 frequentatum,
768 2021 877 2059 velim
904 2023 1007 2072 equi-

347 2076 431 2113 dem
467 2077 623 2114 edoceri.
682 2077 880 2116 Substituit
908 2080 1005 2116 San-

346 2133 452 2170 crosti
473 2132 564 2170 liber
588 2129 823 2185 οἷπείρατον,
853 2136 874 2172 i.
898 2149 929 2173 e.
951 2137 1006 2172 in-

347 2192 518 2226 tentatum
557 2187 736 2240 (Graecis
778 2191 878 2238 scih,
925 2204 1005 2228 cum

347 2248 458 2282 antea
496 2246 738 2284 Phoenicibus
782 2247 867 2284 solis
910 2251 1006 2286 esset

347 2302 573 2350 cognitum),
604 2304 731 2352 quod
722 2317 840 2354 ipsum
862 2304 918 2342 vel
939 2317 1007 2355 po-

347 2356 415 2392 tius
436 2353 651 2408 οἷπείρητον
680 2360 711 2396 si
727 2359 847 2409 plures
869 2361 1007 2398 ferrent

347 2411 427 2448 libri
467 2414 554 2460 (nisi
591 2428 658 2464 pro
688 2415 914 2463 glossemate
941 2417 1006 2453 ha-

348 2469 525 2517 bendum)
559 2469 657 2507 haud
682 2471 888 2521 displiceret
920 2472 1006 2509 Val-

347 2524 565 2574 ckenaerio‚
602 2539 677 2575 quo
709 2534 882 2565 monente
911 2523 1006 2578 α’κή-

348 2596 468 2632 ρατον
485 2582 616 2620 ‹licitur
627 2595 757 2632 purum
777 2589 887 2633 atque
904 2586 1004 2620 inta-

346 2639 519 2676 minatum
541 2639 671 2677 eodem
689 2640 798 2676 modo
819 2653 892 2689 quo
915 2635 1004 2678 α’κέ-

348 2709 463 2746 ραιον
488 2697 536 2734 de
554 2695 702 2732 urbibus
728 2709 770 2733 ac
791 2697 1003 2746 regionibus

347 2752 522 2801 integris,
560 2751 678 2789 hostili
714 2753 810 2790 ferro
843 2754 1003 2790 nondum

348 2807 486 2846 violatis
515 2809 614 2860 apud
642 2808 781 2847 Herod.
813 2809 878 2857 ΙΙΙ,
913 2809 1003 2852 146.

1067 894 1236 943 Thucyd.
1257 893 1303 942 Il,
1328 895 1389 933 18.
1422 894 1529 938 Quae
1548 896 1577 931 si
1600 901 1725 933 tenea-

1066 963 1168 998 mus,
1198 950 1295 986 haud
1320 950 1394 986 scio
1417 962 1464 987 an
1486 963 1566 988 eum
1590 951 1625 988 in
1645 964 1725 988 mo-

1066 1008 1152 1045 dum
1182 1005 1382 1054 intelligere
1413 1006 1518 1044 liceat
1548 1007 1642 1045 hunc
1669 1007 1726 1044 lo-

1065 1077 1166 1101 cum:
1209 1063 1270 1099 hoc
1302 1075 1379 1099 ‘vero
1415 1065 1602 1112 emporium
1633 1066 1725 1101 iute-

1065 1133 1170 1169 grum
1201 1119 1318 1156 adhuc
1342 1121 1438 1156 stetit
1466 1120 1528 1156 illo
1559 1123 1724 1170 tempore,-

1065 1182 1107 1214 ut
1128 1176 1311 1214 Herodoti
1331 1181 1452 1214 aetate
1470 1177 1627 1213 dirutum
1648 1178 1724 1214 sere

1065 1246 1133 1271 nec
1153 1233 1225 1269 ullo
1239 1233 1351 1269 modo
1375 1232 1528 1283 amplius
1547 1233 1727 1271 exstitisse

1066 1290 1208 1328 credas.
1230 1309 1280 1317 -—
1311 1289 1370 1325 Ad
1388 1288 1606 1327 locutionem
1628 1285 1725 1328 ἄπο-

1066 1341 1328 1395 νοστήσαντες
1361 1340 1489 1384 ὀπίσω
1514 1347 1609 1383 conf.
1631 1350 1723 1383 nott.

1065 1403 1113 1439 ad
1135 1402 1197 1447 lll,
1220 1404 1281 1442 16.

1122 1460 1200 1496 τῶν
1231 1455 1347 1507 ἡμεῖς
1375 1452 1558 1506 οἷτρεκίην
1594 1455 1721 1508 ἴδμεν]

1067 1515 1088 1551 i.
1113 1528 1145 1552 e.
1170 1526 1313 1564 quorum
1334 1515 1459 1549 certior
1482 1513 1532 1550 ad
1560 1527 1621 1550 nos
1642 1527 1723 1563 per-

1065 1572 1161 1607 venit
1179 1572 1321 1607 notitia.
1352 1569 1468 1606 Simili
1488 1570 1598 1606 modo
1615 1565 1722 1619 ἄτρε-

1066 1627 1132 1677 κίη
1161 1627 1231 1675 Vl,
1264 1630 1299 1666 1.
1358 1626 1430 1663 Pro
1461 1625 1574 1676 ἴδμεν
1603 1626 1723 1665 Codd.

1066 1696 1192 1721 omnes
1234 1682 1372 1732 ἰ’σμεν;
1426 1695 1537 1731 quam
1567 1683 1723 1721 eandem

1065 1742 1219 1778 sormam
1239 1739 1377 1789 aliquot
1399 1738 1477 1776 libri
1496 1739 1674 1789 praebent
1692 1739 1722 1786 Ι,

1069 1799 1159 1838 178.
1198 1796 1268 1844 IV,
1308 1798 1408 1842 197,
1448 1794 1603 1832 alienam
1626 1794 1723 1833 illam

1064 1853 1211 1903 quidem
1254 1852 1300 1889 ab
1335 1852 1543 1890 Herodoto,
1600 1851 1724 1889 Verba

1064 1910 1256 1959 sequentia
1288 1903 1383 1958 μετά
1413 1923 1455 1960 γε
1484 1903 1721 1959 Σώστρατον

1063 1981 1099 2005 κ.
1119 1981 1150 2004 τ.
1172 1968 1205 2004 λ.
1243 1965 1325 2002 hinc
1355 1964 1464 2003 affert
1483 1964 1649 2001 Eustath.
1673 1964 1722 2002 ad

1062 2022 1216 2072 Dionys.
1238 2021 1381 2071 Perieg.
1402 2022 1496 2063 511.
1535 2020 1619 2058 Hoc
1635 2032 1721 2058 vero

1063 2079 1112 2117 ad
1139 2091 1285 2116 omnem
1314 2078 1430 2116 teneri
1454 2077 1559 2116 velim
1592 2089 1722 2114 narra-

1062 2136 1222 2182 tionem,
1245 2134 1443 2183 Aeginetas
1461 2146 1579 2183 aeque
1600 2146 1642 2171 ac
1653 2133 1723 2170 Sa-

1063 2192 1155 2229 mios
1183 2192 1335 2240 antiquo
1367 2191 1594 2241 potissimum
1629 2201 1721 2228 aevo

1062 2249 1156 2286 inter
1180 2248 1343 2285 Graecos
1369 2246 1576 2285 excelluisse
1597 2257 1637 2283 re
1656 2258 1722 2283 na-

1062 2304 1156 2349 vali,
1216 2306 1418 2341 mercatura
1433 2331 1444 2349 ,
1504 2302 1721 2351 magnisque

1062 2361 1146 2398 hinc
1162 2360 1349 2408 acquisitis
1377 2359 1520 2408 opibus.
1566 2357 1625 2395 De
1648 2370 1720 2406 quo

1063 2417 1157 2454 conf.
1178 2420 1269 2452 nott.
1290 2415 1338 2452 nd
1360 2415 1425 2461 Ill,
1448 2416 1512 2455 59.
1541 2415 1606 2455 60.
1628 2415 1721 2454 139.

1121 2469 1370 2521 ἐπικερδίων]
1394 2471 1449 2507 lta
1469 2483 1548 2508 cum
1568 2475 1720 2508 recentt.

1064 2529 1150 2566 edd.
1172 2527 1338 2577 rescripsi
1361 2540 1428 2577 pro
1461 2524 1718 2578 ἐπικερδὲωνς

1061 2584 1164 2634 quod
1203 2589 1349 2634 praeter
1391 2583 1561 2630 Portum,
1607 2584 1668 2632 qui
1699 2596 1721 2621 a

1061 2653 1149 2678 voce
1169 2638 1369 2690 ἐπικερδὲς
1389 2640 1552 2686 derivat,
1573 2639 1722 2677 retinuit

1062 2709 1209 2746 quoque
1229 2696 1359 2733 Matth.
1392 2696 1463 2733 Pro
1480 2691 1720 2745 ἐποιήσαντο

1062 2755 1104 2801 (i.
1125 2767 1156 2790 e.
1176 2752 1395 2801 fiaece'umlum
1427 2755 1618 2801 curarunt)
1647 2752 1721 2789 duo

1062 2810 1142 2847 libri
1173 2808 1377 2860 ἐποίησαν.
1442 2808 1500 2846 Ad
1528 2803 1720 2859 χαλκήϊον
