1863 3256
401 151 487 191 468

799 151 1268 190 HERODOTI

373 262 489 302 6κοῦ
520 256 642 314 μέχρι
667 257 971 316 Ἀναφλύστου
1000 259 1154 314 δήμου.
1214 259 1323 314 λέγω
1363 258 1429 308 δὲ,
1471 256 1527 309 ὥς
1557 256 1669 302 εἶναι

403 333 540 373 ταῦτα
582 331 742 385 σμικρὰ
790 330 1016 385 μεγάλοισι

1065 329 1334 384 συμβαλέειν.
1400 333 1605 372 τοιοῦτον
1642 328 1726 385 ἡδο

409 398 606 456 Ταυρική
637 401 735 443 ἐστι.
794 399 843 450 ὃς
882 401 927 443 δὲ
957 403 1032 454 τῆς
1059 398 1249 455 Ἀττικῆς
1277 403 1414 442 ταῦτα
1442 399 1500 456 μή
1532 415 1669 454 παρα-

405 472 622 520 πέπλωκε,
663 470 744 526 ἐγώ
774 470 819 513 δὲ
849 468 989 520 ἄλλως
1027 469 1230 525 δηλώσω·
1283 469 1341 521 ὥς
1371 471 1407 512 εἰ
1433 474 1508 526 τῆς
1536 467 1672 525 Ἰηπυ-

405 544 501 598 γίης
542 540 645 582 ἄλλο
684 541 833 594 ἔθνος,
874 542 948 585 καὶ
987 540 1045 596 μή
1082 540 1297 597 Ἰήπυγες,
1351 538 1585 596 ἀρξάμενοι
1626 541 1672 583 ἐκ

407 612 666 667 Βρεντεσίου
695 611 894 667 λιμένος,
935 611 1233 668 α’ποταμοίατο
1273 611 1396 667 μέχρι
1431 609 1671 664 Τάραντος,

371 683 476 726 7καὶ
519 682 725 735 νεμοίατο
765 683 845 739 τὴν
891 683 1043 739 ἄκρην.

1113 682 1194 726 δύο
1236 682 1281 725 δὲ
1329 683 1467 738 λέγων
1511 686 1670 731 ταῦτα,

406 752 545 796 πολλὰ
565 750 673 807 λέγω
690 752 934 809 παρόμοια,
963 759 1073 797 τοῖσι
1098 753 1266 796 ἄλλοισι
1283 751 1437 807 ἕοικεή
1465 751 1670 808 Ταυρική.
1683 759 1726 792 85

351 983 384 1016 et
413 978 675 1029 Anaplelystum
713 978 872 1015 nonnihil
909 981 1010 1014 arta-

350 1040 424 1072 tum
446 1035 547 1084 longe
567 1037 604 1072 in
621 1034 802 1083 Aegaeum
819 1047 914 1071 mare
927 1048 1010 1084 pro-

351 1094 478 1140 minet,
513 1096 551 1129 ut
572 1096 669 1129 recte
690 1092 838 1141 exponit
861 1090 906 1128 W
910 1104 1013 1128 esse-

349 1148 438 1197 ling.
496 1148 555 1186 De
595 1147 630 1185 T
629 1148 745 1184 horico
781 1160 879 1198 pago
916 1160 1012 1184 nunc

351 1205 486 1243 confer.
514 1205 636 1242 Kruse
658 1203 781 1242 Hellas
804 1204 857 1251 11,
882 1208 901 1244 1
924 1216 1011 1254 pag.

352 1262 434 1302 248
454 1273 533 1310 seq.
578 1260 610 1297 A
633 1261 748 1297 Sunio
770 1260 829 1298 ille
851 1265 1011 1298 remotus

353 1321 432 1355 erat
479 1318 631 1354 duarum
681 1318 795 1354 ferme
842 1317 1011 1353 horarum

353 1374 496 1425 spatio,
541 1374 758 1422 antiquitate
788 1373 939 1422 insignis
974 1376 1013 1410 et

351 1434 482 1481 postea
494 1429 724 1466 Acamantidi
742 1430 853 1466 tribui
872 1429 1012 1467 adscri-

355 1491 452 1537 ptus.
483 1486 557 1522 Ubi
579 1486 762 1534 hodieque
783 1486 933 1523 inveniri
955 1498 1014 1521 as-

352 1546 478 1579 serunt
505 1542 647 1580 moenia
668 1543 809 1590 priscae
847 1555 889 1579 ac
914 1542 1013 1578 rudis

353 1602 577 1644 structurae,
610 1596 784 1647 Cyclopia
810 1598 918 1647 vulgo
948 1610 1014 1634 vo·-

342 1658 437 1691 'cant
454 1666 585 1705 opera,
626 1653 769 1703 aliaque
789 1655 944 1700 rudera,
975 1658 1016 1690 ut

355 1710 501 1748 theatri.
551 1709 757 1747 Etiamnum
779 1710 859 1747 loco
881 1722 1015 1748 nomen

359 1765 527 1803 Thoricos
559 1780 586 1803 s.
620 1765 779 1804 Thorico.
824 1766 1015 1817 Anaphly-

355 1827 431 1860 stus
450 1823 534 1860 hinc
554 1823 782 1861 occidentem
801 1836 928 1861 versus
949 1824 1015 1860 ab-

354 1883 433 1917 erat
459 1880 651 1928 sexaginta
676 1880 829 1927 stadiis,
860 1880 896 1917 in
920 1879 1015 1916 occi-

355 1935 494 1973 dentali
527 1935 669 1973 Atticae
702 1949 788 1982 ora,
828 1936 888 1973 ubi
919 1948 1015 1973 nunc

353 1993 452 2028 vicus
476 1991 670 2042 Anaphiso.
735 1992 835 2030 Arcis
856 1993 1017 2030 munitae

352 2048 487 2085 rudera
510 2049 691 2098 quaedam
711 2050 758 2086 ad
778 2049 895 2096 viam,
919 2061 1016 2099 quae

353 2103 505 2142 Athenis
526 2105 678 2142 Sunium
709 2106 890 2151 ducebat,
929 2117 1016 2142 con-

355 2161 445 2210 spici
476 2173 594 2211 prope
623 2161 738 2199 locum
758 2160 900 2198 Metal-2·
916 2162 1017 2199 Ana—

355 2217 456 2263 basi,
488 2218 550 2266 qui
571 2230 667 2255 nuuc
688 2222 857 2265 vocatur,
886 2219 1016 2256 admo-

356 2277 456 2309 nent.
515 2273 598 2310 Vid.
636 2275 758 2313 Kruse
796 2275 883 2312 ibid.
930 2288 1016 2326 pag.

355 2329 438 2369 233
458 2340 562 2378 seqq.

415 2381 470 2430 ὥς
493 2380 595 2423 εἶναι
610 2407 666 2412 —-
688 2384 938 2436 συμβαλέειν]
954 2386 1015 2424 Τιι

356 2441 450 2477 conf.
473 2440 518 2488 Il,
547 2443 598 2481 10
620 2442 744 2490 ibique
762 2446 850 2479 nott.
872 2464 929 2470 -—
954 2442 1013 2479 Ad

356 2508 460 2534 usum
485 2497 681 2546 particulae
704 2495 746 2535 δέ
772 2499 808 2534 in
837 2511 938 2547 seqq.
966 2500 1013 2536 cf.

361 2553 421 2599 lll,
444 2554 496 2594 37
523 2554 646 2602 ibique
672 2553 767 2590 laud.
790 2554 944 2592 l‘Verser.
977 2555 1014 2591 in

358 2607 455 2646 Actt.
485 2609 583 2660 phill.
607 2609 774 2647 Monacc.
799 2610 812 2646 l
837 2624 922 2660 pag.
948 2612 1014 2650 97.

356 2664 414 2702 De
431 2664 613 2716 Iapygia,
644 2679 753 2715 quam
775 2667 912 2713 urbem,
941 2679 1014 2703 non

354 2722 541 2770 regionem
582 2734 661 2760 esse
696 2722 861 2760 voluerat
893 2723 1014 2760 Heca-

356 2782 459 2816 taeus
480 2779 642 2816 Milesius
669 2778 781 2827 (conf.
814 2792 851 2829 p.
870 2779 936 2820 55.
960 2781 1014 2819 62

251 824 347 869 100
410 822 469 866 Τὸ
495 821 536 866 δ’
561 820 647 866 ἀπό
670 827 744 879 τῆς
767 827 1008 880 Ταυρικῆς,
1045 822 1127 880 ἤδη
1151 822 1328 867 Σκύθαι
1349 824 1395 866 τὸ
1424 820 1669 878 κατύπερθε

1066 978 1235 1026 sragmm.
1271 978 1330 1016 ed.
1365 976 1581 1028 Klauseu),
1630 979 1724 1015 conf.

1068 1039 1158 1071 nott.
1179 1034 1225 1070 ad
1244 1034 1316 1080 Ill,
1342 1036 1432 1075 138.
1483 1033 1580 1072 Add.
1601 1034 1726 1072 Strab.

1067 1090 1115 1126 Vl
1139 1104 1172 1140 p.
1196 1093 1277 1131 277
1300 1104 1327 1127 s.
1349 1091 1430 1131 425
1450 1091 1492 1128 B.
1522 1090 1580 1129 De
1603 1090 1728 1128 Brun-

1068 1147 1178 1193 (lisia,
1217 1148 1313 1184 unde
1333 1147 1581 1184 Romanorum
1605 1150 1728 1185 aetate

1068 1203 1241 1241 traiectus
1263 1204 1298 1240 in
1316 1204 1509 1240 Graeciam
1531 1204 1608 1241 fieri
1631 1204 1729 1241 sule-

1068 1261 1153 1306 bat,
1192 1260 1295 1309 plura
1317 1264 1494 1297 annotare
1517 1273 1590 1297 non
1622 1273 1727 1311 opus.

1068 1315 1176 1353 Nunc
1197 1321 1346 1353 vocatur
1367 1315 1545 1353 Brindisi.
1575 1316 1634 1355 De
1648 1319 1729 1368 ipsa

1068 1372 1166 1409 vocis
1215 1373 1331 1409 forma
1381 1371 1638 1423 (Βρεντέσιον
1693 1377 1729 1411 et

1071 1424 1334 1478 Βρεντήσιον)
1356 1430 1450 1466 conf.
1471 1429 1656 1468 Schaefer.
1680 1429 1729 1468 ad

1071 1485 1252 1521 Plutarch.
1277 1485 1324 1521 T.
1343 1486 1376 1520 V
1396 1498 1431 1534 p.
1452 1484 1545 1526 234.
1586 1487 1728 1530 Quibus

1074 1540 1142 1578 Cr.
1168 1542 1258 1578 haec
1277 1541 1403 1577 addit:
1440 1541 1589 1590 „Atque
1613 1541 1731 1592 Τεμέ-

1074 1609 1147 1647 σην
1168 1597 1319 1634 Homeri
1348 1597 1482 1646 Odyss.
1507 1593 1531 1635 ά
1560 1611 1613 1635 vs.
1635 1597 1728 1644 184,

1072 1666 1167 1703 quae
1200 1653 1276 1690 aliis
1306 1653 1421 1703 Cypri
1458 1653 1598 1692 insulae
1641 1655 1728 1692 urbs

1071 1711 1148 1747 visa
1177 1715 1255 1757 est,
1288 1709 1382 1747 hanc
1403 1710 1518 1760 ipsam
1542 1711 1730 1749 Ausonum

1071 1765 1304 1818 Βρεντέσιον
1323 1767 1448 1803 urbem
1467 1780 1548 1805 esse
1576 1781 1728 1806 censue-

1071 1827 1158 1860 runt
1180 1823 1337 1860 Pausan.
1359 1822 1423 1870 VI,
1445 1825 1481 1864 6.
1523 1823 1664 1862 Aelian.
1682 1825 1728 1862 V.

1071 1880 1122 1917 H.
1141 1879 1240 1926 Vlll,
1264 1881 1324 1920 18.
1366 1879 1542 1930 Pompon.
1568 1881 1667 1918 Mela
1683 1879 1731 1928 II,

1072 1936 1098 1977 4
1123 1936 1210 1985 ibiq.
1239 1936 1408 1986 interprr.
1437 1937 1532 1974 conf.
1553 1936 1730 1975 Niebuhr.

1071 1992 1179 2029 Rom.
1202 1991 1335 2030 Gesch.
1360 1993 1376 2028 Ι
1413 2005 1449 2043 p.
1476 1992 1530 2033 48
1563 2000 1601 2031 et
1629 1993 1728 2031 Will.

1073 2048 1170 2087 Gell.
1200 2048 1426 2099 Geography
1455 2049 1529 2086 and
1554 2050 1731 2099 Itinerary

1072 2106 1115 2143 of
1130 2105 1260 2142 Ithaka
1281 2118 1317 2156 p.
1337 2106 1468 2146 101.“

1129 2158 1254 2200 πολλοὶ
1283 2159 1380 2212 λέγω
1400 2183 1456 2189 —-
1476 2157 1506 2211 ἦ
1533 2155 1729 2211 Ταυρική]

1073 2218 1200 2266 „Idem
1224 2218 1292 2255 hoc
1320 2217 1415 2254 valet
1443 2230 1485 2254 ac
1509 2217 1539 2253 si
1566 2217 1729 2264 dixisset,

1073 2271 1199 2313 πολλοὶ
1213 2272 1310 2312 ἄλλα
1328 2271 1425 2324 λέγω
1445 2268 1656 2324 παρόμοια,
1669 2268 1731 2321 οἷς

1073 2330 1175 2370 ἔοικε
1196 2329 1224 2381 ἦ
1248 2324 1466 2381 Ταυρική.“
1523 2329 1729 2378 Scliwgh.

1300 2386 1410 2436 Cap.
1454 2385 1496 2422 C.

1137 2438 1184 2481 T&
1207 2436 1247 2480 δ’
1269 2436 1347 2480 α’πό
1370 2443 1440 2491 τῆς
1466 2441 1673 2492 Ταυρικῆς
1695 2457 1730 2479 κ.

1072 2514 1103 2537 τ.
1123 2499 1169 2548 L]
1202 2498 1288 2534 Non
1311 2498 1415 2535 aliter
1437 2497 1499 2544 IV,
1522 2499 1596 2540 99:
1627 2495 1669 2538 τό
1688 2495 1731 2537 δὲ

1073 2551 1152 2593 ἀπὸ
1168 2551 1329 2603 Ἴστρου.
1380 2555 1519 2591 Sensus
1538 2559 1614 2592 est:
1645 2555 1730 2602 „in-

1072 2612 1118 2648 de
1140 2624 1161 2647 a
1183 2611 1339 2647 Taurica
1353 2640 1363 2657 ‚
1401 2611 1547 2648 ulterius
1578 2624 1730 2661 progre-

1072 2668 1185 2704 dienti
1204 2667 1421 2715 Scytharum
1444 2672 1501 2704 est
1519 2668 1644 2716 regio,
1666 2668 1728 2716 qui

1072 2728 1110 2760 et
1141 2723 1218 2760 loca
1247 2723 1341 2760 ultra
1365 2723 1513 2760 Tauros
1532 2725 1600 2761 sita
1625 2729 1730 2761 tene·

1071 2785 1136 2816 ant
1177 2780 1224 2816 ad
1267 2793 1367 2818 mare
1410 2779 1567 2818 australe
1605 2781 1729 2829 (quae
