1946 3272
55 837 117 881 16

577 210 934 253 THALIA.

994 210 1053 249 111.
1388 214 1444 252 29

179 335 303 378 ταίου
332 327 548 381 Παυσίρι·
602 324 676 369 καὶ
714 322 800 380 γὰρ
845 316 977 372 οὗτος
1021 317 1208 374 ἀπέλαβε
1249 318 1329 375 τὴν
1365 324 1446 363 τοῦ

150 411 170 445 4
181 402 341 457 πατρὸς
380 395 528 453 ἀρχήν.

597 397 741 440 καίτοι
784 392 939 447 Ἰνάρω
988 407 1032 434 τε
1072 390 1145 434 καὶ
1189 389 1505 445 Ἀμυρταίουὸὅ

178 472 365 526 οὐδαμοί
393 484 455 512 κω
487 467 657 522 Πέρσας
686 463 800 510 κακὰ
830 465 945 507 πλέω
974 460 1228 517 ἐργάσαντο.
1287 465 1371 504 νῦν
1403 462 1448 504 δὲ
1507 467 1587 504 202

173 539 482 601 μηχανώμενος
502 538 615 581 κακὰ
640 536 663 581 ὁ
692 535 991 592 Ψαμμήνιτος,
1023 534 1147 589 ἔλαβε
1167 531 1247 575 τὸν
1264 530 1450 588 μισθόν’

146 610 360 662 mammis
395 610 481 666 γάρ
512 611 782 665 Αἰγυπτίους
813 607 915 664 ἥλω.
976 606 1068 649 ἐπεί
1098 620 1142 647 τε
1174 602 1219 647 δὲ
1251 603 1454 654 invitatos

174 684 368 740 ἐγένετο,
405 679 494 724 ὑπὸ
535 681 786 736 Καμβύσεω
827 678 934 736 αἷμα
971 676 1141 730 ταύρου
1173 674 1308 727 πιών,
1355 673 1455 718 ἁπέ-

172 761 283 799 θανε
313 755 590 808 παραχρῆμα.
651 752 768 796 οὕτω
797 751 850 807 δή
881 746 1012 801 οὗτος
1043 749 1298 803 ἐτελεύτησε.

289 822 531 880 Καμβύσης
563 824 608 866 δὲ
640 824 687 867 ἐκ
715 824 923 879 Μέμφιος
954 820 1133 866 ἀπίκετο
1165 819 1207 870 ἐς
1229 818 1345 862 Σάϊν
1376 817 1456 862 πό-

1467 753 1513 787 90

1515 882 1573 909 dav

1516 814 1644 849 eaymbs

1515 822 1663 875 τοιΑιιιᾶξ
1667 821 1723 874 isdis

1640 886 1696 908 ete

1714 814 1741 840 Ia

1744 822 1790 841 ce,

176 904 261 950 λιν,
292 894 563 954 βουλόμενος
592 899 773 952 ποιῆσαι
801 894 855 938 τὰ
886 893 939 950 δή
970 894 1044 937 καὶ
1075 892 1259 949 ἐποίησε.
1293 889 1384 934 ἐπεί
1413 905 1458 933 τε
1513 924 1581 945 man
1556 890 1791 944 dovolaff'e

125 1115 197 1157 tur,
218 1109 353 1146 obiisse
370 1108 616 1158 intelligamus
638 1108 788 1159 Olymp.

126 1166 267 1213 XCIII,
290 1168 326 1211 1,
358 1167 433 1203 sive
455 1166 537 1206 408
573 1179 605 1203 a.
637 1167 722 1203 Chr.
751 1179 788 1203 11.

126 1224 215 1273 (quo
237 1222 368 1260 eodem
390 1235 486 1259 anno
507 1222 610 1260 Medi
632 1223 789 1260 defecis-

126 1292 166 1317 se
194 1279 360 1316 dicuntur
384 1278 524 1317 Nostro
548 1280 576 1326 1,
605 1280 704 1327 130,
729 1279 790 1315 ubi

124 1337 199 1374 vid.
228 1337 404 1385 notatt.)·,
442 1336 676 1373 Herodotum
706 1336 790 1373 inde

125 1396 231 1445 patet
249 1393 356 1428 vitam
378 1406 600 1444 prorogasse
615 1406 730 1443 usque
743 1393 792 1430 ad

125 1450 228 1489 Darii
253 1448 368 1486 Nothi
396 1454 577 1500 tempora.
640 1449 793 1499 Syncel-

125 1507 197 1544 lum
224 1506 254 1543 si
283 1518 478 1555 sequamur
508 1506 791 1557 Chronograph.

125 1577 163 1615 p.
186 1562 268 1604 205
283 1591 294 1609 ‚
324 1564 486 1600 secundo
507 1576 618 1611 ann0‚
649 1577 694 1601 ex
719 1576 792 1613 quo

128 1620 261 1658 Darius
288 1619 433 1658 Nothus
457 1622 645 1670 regnavit,
675 1620 795 1658 desci-

128 1678 181 1714 vit
194 1676 409 1726 Amyrtaeus
431 1678 698 1728 imperiumque
715 1691 796 1714 sus-

129 1734 241 1771 tinuit
260 1747 323 1771 sex
343 1747 409 1784 per
431 1747 570 1780 annos·,
591 1736 689 1772 unde
707 1747 795 1771 con-

130 1791 230 1828 iicias
260 1790 364 1838 licet,
394 1804 492 1828 anno
531 1791 612 1832 416
646 1804 678 1828 a.
709 1791 796 1828 Chr.

131 1861 167 1885 n.
198 1851 380 1884 mortuum
423 1861 504 1885 esse
546 1847 796 1897 Amyrtaeum.

131 1905 254 1948 Quam
275 1908 395 1941 tamen
416 1909 610 1954 utramque
630 1909 666 1942 et
678 1905 796 1941 Euse-

131 1961 182 1999 bii
212 1965 248 1998 et
277 1960 435 2011 Syncelli
463 1962 683 1999 sententiam
714 1962 797 1999 reii-

131 2018 230 2056 ciens
252 2017 471 2067 Wesseling.
499 2031 544 2056 ex
570 2018 657 2056 locis
686 2030 797 2069 supra

131 2073 289 2111 laudatis
327 2074 578 2124 Thucydidis,
636 2075 796 2123 Ctesiae,

131 2131 286 2170 Diodori
318 2132 421 2179 (XI,
451 2133 517 2173 74.
547 2133 624 2180 77)
658 2132 797 2182 liquere

132 2188 205 2235 ait,
244 2189 339 2226 circa
385 2188 533 2240 Olymp.
572 2188 731 2226 LXXIX
770 2202 798 2225 s.

135 2243 218 2287 462
236 2259 268 2282 a.
283 2246 370 2282 Chr.
389 2258 425 2282 n.
447 2246 590 2282 inarum
614 2252 652 2283 et
667 2246 798 2295 Amyr-

135 2306 260 2339 taeum
289 2315 311 2338 a
339 2303 460 2340 Persis
491 2304 709 2351 descivisse,
745 2304 799 2340 ita

136 2362 176 2395 ut
195 2360 384 2409 utriusque
404 2360 561 2398 defectio
582 2361 683 2410 prior
702 2364 800 2398 certe

135 2415 246 2453 fuerit
309 2416 405 2454 bello
472 2416 798 2467 Peloponnesiaco.

137 2472 255 2516 Quem
294 2474 460 2522 sequitur
501 2473 711 2511 Gottleber.
752 2474 802 2510 ad

137 2528 344 2579 Thucydid.
365 2530 393 2578 I,
407 2532 500 2579 110,
529 2530 703 2568 Larcher.
725 2535 803 2568 tum

139 2585 176 2621 in
197 2593 273 2623 not.
285 2587 332 2624 ad
352 2587 386 2624 h.
401 2586 438 2633 l.,
456 2592 534 2624 tum
554 2588 591 2624 in
604 2589 678 2626 tab.
698 2587 805 2624 chro-

140 2641 260 2691 nolog.
280 2656 366 2694 pag.
392 2645 485 2685 103.
509 2646 591 2685 653
609 2673 620 2692 ,
649 2645 804 2694 ipseque

143 2705 282 2735 secutus
299 2712 375 2737 sum
397 2701 445 2737 ad
465 2701 615 2739 Ctesiae
634 2702 803 2750 fragmm.

143 2765 228 2803 pag·
257 2758 331 2797 121
369 2761 408 2795 et
436 2770 548 2808 supra
579 2758 616 2795 in
640 2762 804 2795 annotat.

144 2810 192 2846 ad
224 2810 275 2856 11,
311 2812 413 2860 140,
441 2815 504 2852 ubi
535 2815 627 2852 circa
668 2828 802 2852 annum

144 2865 226 2908 458
246 2866 476 2916 Amyrtaeum
499 2870 692 2924 Aegyptiis
712 2875 802 2924 post

846 1108 991 1145 lnarum
1014 1106 1218 1158 praefuisse
1237 1105 1363 1156 posui3
1393 1104 1512 1142 minus

847 1169 966 1212 recte,
998 1177 1078 1201 cum
1101 1163 1228 1200 inatus
1248 1175 1345 1200 anno
1365 1162 1513 1199 demum

847 1222 931 1263 457
963 1234 991 1257 S·
1026 1218 1108 1261 456
1132 1232 1166 1257 a.
1188 1219 1274 1257 Chr.
1302 1232 1338 1256 n.
1369 1219 1513 1264 obierit,

847 1282 997 1316 auctore
1016 1277 1249 1315 Dahlmanno
1268 1278 1291 1313 l.
1307 1276 1328 1314 l.
1349 1276 1513 1326 pag.39.

850 1336 978 1380 Quare
1012 1333 1299 1382 WVesselingium
1337 1333 1435 1370 Inari
1482 1335 1519 1368 et

849 1392 1040 1443 Amyrtaei
1073 1395 1265 1442 tempora,
1314 1390 1424 1427 valde
1457 1387 1519 1425 illa

848 1451 1000 1500 quidem
1020 1449 1115 1485 inter
1141 1461 1180 1485 se
1206 1447 1400 1494 distantia,
1427 1458 1517 1483 con-

849 1507 990 1545 fudisse
1007 1510 1045 1543 et
1056 1506 1104 1542 ad
1116 1518 1226 1542 unum
1240 1505 1411 1553 idemque
1425 1507 1518 1540 tem-

850 1576 919 1615 pus
944 1567 1139 1612 utrumque
1166 1561 1431 1613 Aegyptiorum
1454 1560 1522 1597 du-

852 1634 930 1659 cem
960 1620 1130 1658 retulisse
1164 1632 1261 1656 nunc
1290 1617 1410 1656 malim
1445 1621 1522 1655 sta-

852 1682 970 1715 tuere.

910 1759 989 1795 νῦν
1007 1753 1049 1795 δὲ
1063 1751 1363 1807 μηχανώιιενος]
1382 1754 1441 1792 De
1454 1766 1522 1790 usu

853 1813 1112 1865 particularum
1141 1815 1216 1852 νῦν
1239 1810 1282 1851 δὲ
1304 1812 1399 1850 conf.
1427 1815 1520 1848 nott.

854 1871 903 1908 ad
921 1870 985 1916 III,
998 1870 1064 1911 25
1098 1871 1138 1908 In
1156 1883 1261 1920 seqq.
1278 1870 1407 1907 verba:
1436 1867 1521 1907 ἐπεί

853 1941 894 1966 τε
933 1924 974 1965 δὲ
1016 1922 1202 1973 ἐπαὶστος
1247 1925 1399 1978 ἐγένετο
1438 1920 1522 1964 υπὸ

854 1979 1084 2034 Καμβύσεω
1112 1984 1254 2021 valent:
1280 1987 1470 2034 postquam
1500 1993 1523 2018 α

855 2041 1111 2092 Cambysefuzt
1131 2041 1285 2078 detectus
1304 2053 1331 2077 s.
1349 2040 1412 2077 ubi
1423 2039 1525 2076 Cam-

854 2099 953 2149 byses
1001 2111 1078 2135 eum
1127 2098 1296 2148 defecisse
1345 2098 1521 2145 cognovit.

855 2155 990 2193 Glossa
1009 2155 1226 2193 Herodotea
1253 2151 1442 2200 ἔπάϊστος
1462 2166 1523 2191 ex-

854 2214 980 2263 ponit:
1015 2211 1203 2264 φανερός.
1252 2211 1315 2249 Tu
1342 2212 1437 2249 conf.
1458 2210 1526 2259 Vl,

856 2268 923 2311 74.
946 2269 1026 2317 VII,
1050 2269 1141 2310 146.
1162 2269 1262 2316 VIII,
1284 2270 1376 2311 128.

916 2354 1015 2410 αἷμα
1043 2353 1196 2411 ταύρου
1229 2355 1360 2410 πιών]
1412 2356 1527 2395 Simili

857 2417 969 2455 modo
1003 2416 1263 2466 Tanyoxarces
1297 2416 1525 2462 interficitur,

859 2478 980 2511 sumto
1013 2474 1192 2524 sanguine
1221 2475 1389 2519 taurino,
1419 2485 1528 2522 quem

859 2530 1039 2568 letiferum
1069 2544 1151 2568 esse
1173 2536 1348 2568 constans
1371 2530 1440 2567 fuit
1469 2542 1533 2566 ve-

861 2593 979 2626 terum
1013 2588 1150 2638 opinio.
1206 2586 1288 2624 Vid.
1323 2587 1425 2624 Ctes.
1460 2585 1533 2623 Ex-

864 2648 998 2695 cerptt.
1038 2644 1162 2682 Perss.
1199 2642 1236 2695 ἓ.
1269 2647 1320 2686 10
1358 2647 1395 2681 et
1437 2645 1532 2680 nott.

862 2714 949 2751 pag.
1000 2703 1104 2748 128,
1152 2701 1277 2750 ibique
1321 2700 1430 2738 schol.
1483 2698 1532 2735 ad

862 2758 1038 2796 Nicandr.
1071 2757 1318 2808 Alexipharm.
1356 2758 1461 2802 312,
1492 2755 1528 2791 ῖῐ]

862 2816 993 2865 quibus
1015 2816 1110 2852 ratio
1131 2815 1319 2861 redditur,
1350 2825 1412 2850 cur
1430 2823 1530 2849 mor-

860 2876 936 2910 tem
955 2871 1086 2910 afferat
1115 2872 1184 2909 iste
1204 2875 1327 2924 potus.
