1863 3256
388 232 474 273 584
784 229 1252 270 HERODOTl

231 340 331 386 174
389 339 536 395 ἔχουσι
571 340 649 396 τὴν
685 340 834 396 χώρην
866 340 910 382 οἱ
940 341 1227 393 Νασαμῶνες.
1292 337 1476 380 Τούτων
1505 337 1551 380 δὲ
1581 353 1650 380 κα·
1664 344 1708 378 65

60 405 337 473 ῃῖἶῗῑῗξῗξῗξέἰῗη,
395 410 603 466 τύπερθε,
645 411 755 465 πρὸς
789 408 922 453 νότον
956 409 1139 463 ἄνεμον,
1181 409 1227 451 ἐν
1265 412 1317 464 τῇ
1347 406 1559 464 θηριώδεϊ
1586 409 1654 452 ol-

60 476 154 501 utrum
168 474 199 501 in
213 473 340 508 regione

488 617 601 666 Cap.
639 611 704 650 CI
707 611 840 650 XXIV.
1051 628 1153 653 cere:
1196 615 1355 665 ideoque
1393 615 1520 653 obvios
1554 615 1711 665 fugiunt,

401 668 564 713 Τούτων
607 666 650 708 δὲ
682 665 911 720 κατύπερθε
939 691 994 698 -—

336 727 512 770 οἰκέουσι
536 721 805 778 Γαράμαντες]
840 723 994 766 τούτων

333 799 412 825 cum
434 783 553 820 Gaisf.
585 786 623 820 et
650 781 782 820 Matth.
812 783 899 822 dedi
927 796 996 835 pro

333 838 517 881 τουτέων.
547 839 807 887 Garamantes,
836 853 909 889 quo
934 852 998 878 eo-

334 899 419 935 dem
448 896 598 933 nomine
627 907 717 943 gens
739 895 881 946 Libyca
903 896 996 933 infra

335 953 401 1001 lv,
426 953 530 999 183,
561 964 642 988 cum
664 951 852 990 meridiem
870 964 997 990 versus

338 1010 381 1059 (i.
400 1021 433 1047 e.
461 1008 693 1046 interioribus
712 1007 856 1046 Africae
874 1008 1000 1046 tracti-

338 1065 427 1113 bus)
447 1065 544 1102 intra
565 1063 795 1101 Nasamones
818 1069 855 1102 et
873 1065 998 1102 Macas

337 1122 504 1161 habitare
543 1121 733 1169 dicantur,
780 1121 1000 1159 collocantur

337 1180 376 1216 in
407 1182 526 1225 terra,
577 1189 672 1226 quae
716 1190 813 1216 nunc
851 1182 1000 1216 vocatur

338 1235 488 1273 Fezzan
514 1234 635 1271 media
650 1234 689 1270 in
708 1234 790 1281 via,
821 1247 917 1284 quae
936 1246 1002 1284 per

341 1292 488 1329 deserta
515 1290 680 1328 Saharae
707 1303 729 1328 a
750 1289 872 1328 Tunis
903 1291 1002 1327 ducit

342 1348 379 1384 in
401 1346 625 1397 Aegyptum.
657 1347 768 1384 Conf.
786 1347 942 1386 Rennel.
962 1358 1000 1396 p.

343 1403 438 1445 657.
486 1402 763 1440 Schlichthorst.
794 1416 879 1454 pag.
909 1402 1002 1443 14¹.

307 1499 309 1502 ,
342 1460 503 1498 Heeren.
524 1459 637 1496 ldeen
658 1459 710 1507 ll,
744 1462 764 1500 1
797 1473 883 1510 pag.
906 1458 1001 1500 224.

343 1515 397 1554 At
413 1517 616 1553 accuratius
633 1514 841 1567 inspicienti
853 1516 1003 1553 dubium

344 1573 402 1610 vix
433 1584 513 1609 esse
540 1573 694 1621 poterit,
739 1573 802 1620 qui
828 1572 897 1609 hoc
923 1571 1003 1607 loco

345 1630 585 1667 Garamantes
661 1632 1004 1673 commemorantur,

343 1685 389 1723 ab
408 1685 463 1733 iis,
485 1697 640 1733 quorum
658 1684 721 1732 IV,
743 1686 820 1726 183
841 1684 881 1721 fit
901 1696 1005 1721 men-

345 1742 409 1789 tio,
439 1753 608 1790 quosque
630 1745 667 1779 et
683 1742 783 1791 ipsos
800 1741 878 1779 iure
893 1741 930 1777 in
948 1752 1006 1777 re-

345 1798 455 1848 gione
484 1797 633 1834 Fezzan
666 1797 867 1844 collocant,
911 1797 1006 1834 bene

345 1854 607 1892 discernendos
643 1866 734 1891 esse.
797 1853 869 1898 Qui
909 1853 1005 1890 enim

345 1910 504 1948 hocloco
518 1914 777 1957 memorantur,
796 1911 844 1948 ad
864 1910 1006 1958 Libyae

345 1967 548 2004 maritimae
579 1967 755 2004 nomadas
788 1967 1008 2017 pertinuisse

348 2024 539 2067 videntur,
586 2036 690 2071 cum,
728 2023 790 2073 qui
821 2022 896 2070 IV,
930 2024 1006 2063 183

347 2083 607 2127 memorantur,
628 2081 665 2116 in
684 2084 801 2117 tractu
820 2078 1007 2125 sabuloso,

348 2137 409 2186 qui
439 2136 632 2172 introrsum
655 2137 750 2174 iacet
778 2136 825 2173 ab
848 2148 911 2172 ora
931 2147 1009 2172 ma-

347 2193 487 2239 ritima,
518 2191 726 2229 habitarint.
779 2193 904 2236 Quare
936 2191 1009 2228 iam

348 2247 550 2285 Larcherus
572 2249 817 2287 Garamantes
842 2248 1008 2298 palantes

348 2304 395 2340 ab
422 2303 611 2353 agricolis,
652 2306 785 2354 quibus
816 2308 940 2342 certae
967 2317 1009 2342 ac

350 2360 441 2397 fixae
464 2364 548 2396 sunt
569 2361 698 2408 sedes,
739 2361 912 2410 distingui
939 2373 1010 2398 vo-

350 2415 437 2460 luit3
473 2416 747 2454 Schlichthorst.
766 2417 788 2454 Ι.
809 2417 832 2454 l.
864 2430 949 2467 pag.
972 2419 1011 2458 7.

351 2470 427 2512 141
464 2471 529 2508 hos
557 2473 625 2509 dici
645 2473 719 2510 vult
740 2474 1011 2523 septentriona-

351 2527 402 2565 les
439 2527 707 2577 Garamantes,
759 2530 914 2577 alteros,
962 2530 1010 2567 de

349 2584 481 2632 quibus
501 2583 563 2631 lV,
587 2586 686 2632 183,
715 2585 903 2622 australes.
956 2584 1010 2622 Ac

348 2638 448 2677 Mela
457 2669 475 2686 ‚.
510 2653 605 2689 quae
632 2641 688 2677 hic
709 2641 755 2678 dc
775 2641 1009 2677 Garamanti-

347 2696 414 2733 bus
447 2700 685 2742 enarrantur,
725 2698 775 2733 sic
810 2697 948 2746 profert
981 2697 1009 2743 l,

349 2753 388 2800 8,
408 2755 483 2794 62:
515 2752 644 2799 ‚3Nudi
665 2758 748 2790 sunt
759 2753 1011 2802 Gamphasan-

349 2811 398 2845 tes
418 2821 673 2858 armorumque
694 2810 852 2847 omnium
871 2809 1009 2858 ignari:

350 2877 418 2902 nec
445 2866 561 2903 vitare
592 2866 709 2903 sciunt
738 2865 830 2913 tela,
871 2878 938 2904 nec
959 2865 1012 2902 ia-

1051 684 1173 721 neque
1221 671 1373 709 aliorum
1420 684 1531 722 quam
1580 672 1710 722 quibus

1052 729 1149 766 idem
1171 728 1307 778 ingenii
1334 732 1411 772 est,
1452 733 1516 766 aut
1538 741 1712 777 congres-

1053 797 1114 822 sus
1149 788 1212 821 aut
1259 784 1438 833 colloquia
1476 785 1672 835 patiuntur.
1685 784 1711 805 “

1053 842 1128 879 Ubi
1157 842 1202 878 cf.
1224 840 1441 878 Tzschucke
1470 845 1564 878 nott.
1580 854 1710 890 exegg.

1053 910 1139 948 pag·
1165 899 1259 938 237.
1299 896 1382 933 Vol.
1414 897 1462 933 111
1491 897 1532 933 P.
1560 897 1585 933 1.
1633 895 1712 934 Nec

1054 953 1158 991 aliter
1187 954 1264 990 sere
1296 951 1437 989 Plinius
1468 952 1516 988 H.
1544 952 1594 990 N.
1618 952 1664 999 V,
1687 954 1713 992 8

1055 1010 1122 1058 (8)
1136 1022 1143 1047 :
1174 1008 1485 1058 „Gamphasantes
1500 1009 1588 1045 nudi
1606 1021 1715 1059 proe-

1055 1066 1257 1115 liorumque
1296 1070 1486 1115 expertes,
1533 1064 1618 1102 nulli
1653 1075 1715 1102 ex-

1056 1126 1161 1161 terno
1208 1122 1528 1170 congregantur.“
1604 1120 1716 1159 Unde

1056 1179 1157 1230 apud
1193 1177 1423 1215 Herodotum
1462 1179 1500 1215 Γ
1495 1191 1717 1228 αραμαντες

1056 1236 1095 1273 in
1127 1237 1165 1273 Γ
1160 1246 1415 1284 αμφασαντες
1442 1234 1572 1271 mutari
1605 1233 1718 1270 voluit

1057 1291 1271 1337 Pintianu53
1301 1291 1400 1340 quod
1418 1289 1517 1327 haud
1535 1289 1718 1354 displicuit

1059 1347 1345 1394 Valckenaeri0‚
1411 1359 1480 1384 nec
1535 1347 1717 1396 cuiquam,

1059 1404 1213 1455 opinor,
1238 1403 1465 1453 displicebit,
1488 1402 1571 1451 qui,
1600 1415 1718 1452 quan-

1058 1464 1133 1497 tum
1152 1473 1246 1509 quae
1264 1460 1300 1496 h.
1316 1459 1342 1495 l.
1359 1463 1571 1505 narrentur,
1595 1459 1640 1495 ab
1660 1459 1717 1505 iis,

1059 1529 1155 1565 quae
1172 1516 1267 1553 infra
1288 1516 1483 1552 traduntur
1495 1544 1505 1562 ,
1532 1515 1719 1561 differant,

1060 1572 1148 1610 satis
1190 1571 1424 1610 intellexerit:
1482 1577 1525 1608 ut
1562 1577 1720 1620 utroque

1059 1629 1139 1666 loco
1160 1628 1207 1665 de
1224 1641 1295 1666 una
1315 1628 1517 1676 eademque
1530 1628 1591 1677 agi
1610 1631 1721 1677 gente

1061 1685 1208 1723 minime
1229 1684 1276 1722 sit
1300 1687 1595 1722 cnusentaneum.
1640 1682 1720 1721 Nec

1063 1755 1106 1779 eo
1151 1754 1228 1778 rem
1279 1740 1404 1792 perfici
1452 1745 1550 1778 recte
1597 1743 1722 1777 monet

1062 1797 1264 1846 Schweigh.
1276 1826 1287 1845 ,
1327 1797 1428 1847 quod
1447 1795 1538 1834 duas
1557 1796 1720 1834 eiusdem

1063 1855 1221 1892 nationis
1241 1858 1382 1891 statuas
1401 1853 1531 1900 tribus,
1554 1852 1721 1898 alteram,

1064 1912 1111 1948 de
1132 1910 1205 1960 qua
1234 1910 1290 1947 hic
1320 1923 1460 1956 sermo,
1499 1909 1606 1948 sedes
1630 1909 1721 1946 fixas

1064 1968 1260 2005 habentem
1288 1967 1324 2003 in
1351 1967 1427 2003 oasi
1451 1967 1631 2015 quadam3
1669 1963 1722 2001 al-

1064 2028 1206 2069 teram,
1234 2023 1281 2060 de
1301 2035 1373 2071 qua
1388 2022 1451 2069 lV,
1471 2023 1571 2068 183,
1593 2034 1722 2058 noma-

1065 2081 1151 2118 dum
1176 2092 1278 2117 more
1304 2078 1487 2129 palantem
1509 2091 1574 2129 per
1599 2079 1725 2115 deser-

1064 2140 1124 2182 ta,
1166 2149 1248 2173 cum
1288 2148 1377 2173 sane
1409 2135 1622 2172 Herodotus
1659 2133 1723 2180 lV,

1069 2195 1148 2234 183
1164 2193 1211 2230 de
1222 2192 1506 2229 Garamantibus
1525 2191 1576 2228 ita
1595 2190 1724 2239 loqua-

1065 2253 1124 2286 tur
1135 2278 1144 2296 ,
1175 2253 1218 2286 ut
1235 2248 1365 2285 nullam
1382 2249 1458 2286 sere
1475 2255 1582 2285 antea
1599 2259 1723 2284 eorum

1065 2306 1289 2343 mentionem
1311 2305 1441 2342 secisse
1461 2303 1508 2340 sit
1524 2304 1723 2354 putandus,

1066 2361 1194 2411 ltaque
1227 2362 1283 2397 vix
1315 2361 1484 2405 dubium,
1528 2359 1635 2396 aliam
1667 2359 1723 2396 hic

1066 2418 1341 2455 commemorari
1389 2420 1560 2464 gentem,
1615 2414 1722 2452 aliam

1067 2487 1222 2523 eamque
1243 2474 1423 2510 diversam
1444 2471 1505 2519 lv,
1525 2473 1626 2517 1833
1649 2483 1723 2520 quo

1065 2531 1184 2567 minus
1217 2534 1340 2566 tamen
1361 2528 1520 2566 Pintiani
1549 2529 1725 2566 emenda-

1065 2587 1200 2623 tionem
1219 2585 1255 2621 in
1275 2589 1412 2622 textum
1433 2584 1627 2634 recipiam,
1658 2584 1726 2621 ob-

1065 2646 1139 2678 stat
1175 2653 1264 2679 sane
1300 2641 1472 2678 librorum
1503 2645 1604 2679 vetus
1607 2645 1724 2677 torum

1066 2710 1287 2743 consensus,
1336 2698 1500 2747 itemque
1547 2697 1726 2748 Stephani

1066 2753 1223 2802 Byzant.
1245 2765 1272 2789 s
1297 2767 1329 2789 v
1365 2749 1618 2804 Ιαράμαντες
1639 2765 1726 2804 pag.

1067 2811 1151 2851 262
1170 2813 1208 2847 et
1230 2809 1411 2847 Eustathii
1431 2809 1646 2848 Herodotca
1666 2821 1727 2847 ex-

1069 2866 1258 2904 scribentis
1302 2867 1349 2904 ad
1388 2865 1543 2915 Diony&
1583 2865 1726 2914 Perieg.
1836 2835 1845 2981 ζ
