1863 3256
430 73 1118 119 MELPOMENE.1V.

139 206 217 245 την
257 188 280 233 ὁ
329 189 434 240 θεὸς
480 187 684 243 ἐνέσκηψε
724 184 869 241 βέλος·

327 260 502 315 Σκύλης
539 257 584 302 δὲ
623 256 755 301 οὐδὲν
782 253 944 299 τούτου
973 255 1118 298 εἵνεκα
1146 249 1283 310 ἧσσον
1312 254 1402 297 ἐπε-

661 328 839 372 Σκύθαι
869 327 915 370 δὲ
945 329 1026 369 τοῦ
1055 325 1281 381 βακχεύειν
1305 324 1405 378 πέρι

670 398 724 442 ου’
755 397 839 453 γάρ
872 408 981 452 φασι
1011 395 1129 446 οἰκὸς
1158 394 1269 438 εἶναι
1298 393 1461 437 θεὸν65

137 264 267 302 πᾶσα.

110 331 285 373 3τέλεσε
314 329 394 385 τὴν
422 328 603 384 τελετήν.

124 400 303 456 ’Ἕλλησι
334 400 617 452 ὀνειδίζουσι·

1320 81 1404 120 429

924 183 998 226 καὶ
1034 182 1062 238 ἡ
1100 183 1179 238 μὲν
1215 186 1402 241 κατεκάη

139 472 401 523 ἐξευρίσκειν
439 475 600 513 τοῦτον
639 469 757 519 ὅστις
797 470 1032 523 μαίνεσθαι
1062 467 1203 522 ἐνάγει
1232 463 1403 518 ἀνθρώ-

107 543 130 581 4
142 557 265 593 πους.

322 539 434 582 Ἐπεί
462 557 506 583 τε
537 539 582 583 δὲ
612 540 811 595 ἐτελέσθη
841 542 902 595 τῷ
932 540 1126 594 Βακχείῳ
1161 537 1184 581 ὁ
1215 536 1405 592 Σκύλης,

136 610 440 665 διεπρήστευσε
486 614 575 653 τῶν
620 627 685 660 τις
722 610 1104 663 Βορυσθενεϊτέων
1153 607 1261 663 πρὸς
1298 607 1404 658 τούς

107 689 129 723 5
139 679 325 731 Σκύθας
336 713 346 732 ,
379 683 517 737 λέγων
531 697 539 705 ·

599 681 760 737 ,,ἹΙμῖν
788 679 872 736 γάρ
903 683 1186 735 καταγελᾶτε,
1229 673 1263 721 ὦ
1290 677 1406 721 Σκύ·

135 757 236 800 θαι,
289 751 356 795 ὅτι
386 752 657 808 βακχεύομεν
696 753 769 796 καὶ
806 750 939 807 ἡμέας
979 750 1002 793 ὁ
1039 750 1144 801 θεὸς
1172 749 1462 805 λαμβάνει·70

135 826 222 866 νῦν
255 818 384 874 οὗτος
415 823 438 867 ὁ
473 826 642 879 δαίμων
679 824 753 867 καὶ
789 823 868 866 τὸν
896 820 1106 878 ὑμέτερον
1135 822 1314 878 βασιλέα
1343 824 1406 863 λε-

137 893 325 950 λάβηκε,
363 895 437 938 καὶ
469 896 690 951 βακχεύει,
723 894 797 939 καὶ
823 891 911 937 ὑπὸ
942 897 1022 937 τοῦ
1055 896 1164 936 θεοῦ
1194 894 1404 949 μαίνεται.

137 1082 334 1135 ἐνέσκηψε
367 1082 502 1134 βέλος]
556 1085 615 1123 De
652 1097 740 1122 voce

80 1139 316 1191 ἐπισκήπτειν
342 1142 438 1178 conf.
467 1142 506 1188 1,
543 1141 621 1182 105
652 1141 740 1188 ibiq.

81 1202 174 1235 nott.
208 1196 322 1248 βέλος
352 1198 450 1234 haud
487 1210 569 1234 raro
597 1198 667 1234 diei
699 1197 741 1233 ‹le

74 1254 248 1305 fitlmz'ne,
277 1254 416 1291 notavit
434 1253 579 1291 Dissen.
593 1255 640 1290 ad
655 1254 742 1290 Pin-

81 1312 161 1348 dar.
184 1311 334 1361 Olymp.
365 1310 417 1346 XI
448 1311 544 1358 (Χ),
576 1312 629 1350 80
654 1323 739 1360 pag.

84 1369 176 1408 136.
214 1388 271 1395 -—-
313 1365 372 1403 Ad
418 1363 592 1417 κατεκάη
646 1367 740 1403 conf.

81 1423 217 1461 Matth.
238 1425 305 1462 Gr.
325 1423 392 1460 Gr.
417 1437 503 1473 pag.
530 1423 613 1464 466
636 1428 672 1461 et
694 1424 742 1460 ad

83 1478 279 1520 ἐπετέλεσε
301 1480 439 1517 Herod.
458 1480 522 1526 lV,
542 1482 608 1519 76.

142 1532 191 1576 ου’
220 1535 294 1588 γάρ
325 1547 424 1585 φασι
445 1551 479 1574 κ.
501 1551 534 1575 τ.
553 1534 614 1587 λ.]
655 1537 677 1573 i.
709 1548 741 1573 e.

87 1593 244 1644 Scythae
298 1594 434 1629 rationi
477 1597 742 1630 consentaneum

85 1664 154 1687 esse
175 1651 374 1699 negabant,
422 1649 523 1686 (lcum
542 1653 741 1698 excogitare

85 1708 214 1744 hancce
246 1709 294 1755 (s.
320 1705 423 1743 talem
442 1709 591 1756 reperiri
610 1708 741 1753 (lemn),

86 1766 149 1815 qai
184 1765 337 1800 homines
369 1764 405 1798 in
437 1762 597 1812 furorem
638 1766 740 1811 agat.

83 1821 145 1857 Ad
166 1815 320 1870 ἐνάγειν
343 1818 532 1869 (incitare,
562 1818 740 1870 excitare)

84 1877 178 1913 conf.
208 1877 277 1924 111,
309 1878 352 1922 1,
389 1875 460 1913 alia
496 1877 533 1912 in
552 1876 640 1914 Lex.
663 1877 743 1914 He-

84 1933 164 1970 rod.
184 1955 240 1961 ——
262 1928 349 1971 οἰκό
355 1947 372 1978 ς
389 1946 469 1969 cum
488 1937 640 1971 recentt.
654 1934 741 1971 edd.

86 1990 213 2039 scripsi
236 2003 303 2040 pro
324 1984 439 2035 εἰκός.

143 2042 439 2097 διεπρήστευσε]
480 2045 658 2084 Intactum
687 2059 745 2084 re-

85 2103 172 2152 liqui
191 2116 270 2140 cum
294 2102 444 2148 Matth„
476 2104 573 2152 quod
600 2102 744 2153 plurimi

86 2159 169 2196 libri
211 2159 440 2205 afferebant,
492 2172 646 2208 quorum
685 2160 745 2196 alii

88 2211 350 2267 ἔπρήστευσε,
380 2228 473 2253 unus
496 2216 678 2252 Sancrosti
702 2217 744 2253 li-

91 2272 154 2309 ber
176 2273 436 2319 διεπίστευσε,
477 2273 577 2321 quod
599 2273 744 2310 wesse-

89 2328 177 2375 ling.
198 2329 476 2378 interpretatur:
501 2329 615 2378 fidem
628 2329 743 2380 far-it,

91 2384 212 2421 Valla:
258 2387 427 2422 iudicium
459 2386 609 2432 detulit,
651 2386 744 2436 Scy„

92 2441 163 2476 this
192 2441 318 2478 «licens.
377 2441 636 2480 Valckenaerio
662 2443 744 2493 pla-

92 2497 166 2534 cuit
194 2496 345 2536 διέπεσε
380 2500 437 2536 vel
467 2497 666 2546 ὄιέπιπτε,
706 2503 757 2537 ιη’

91 2553 432 2601 Βοηείἰιρυίῑειῐιιη]
471 2568 582 2603 unus,
623 2560 745 2593 custo-

93 2610 161 2646 diis
194 2610 337 2656 insciis,
377 2611 512 2660 quippe
538 2613 636 2649 urbis
661 2626 746 2662 por-

91 2666 161 2711 tis,
202 2667 287 2702 (lum
309 2679 370 2703 rex
391 2669 498 2702 sacris
519 2674 747 2718 operaretur,

93 2722 264 2770 occlusis,
302 2723 392 2760 urbe
413 2722 554 2773 elapsus
582 2737 651 2761 esse
673 2739 746 2776 pu-

797 1085 959 1129 taretur3
998 1094 1071 1132 quo
1100 1094 1210 1119 sensu
1236 1081 1461 1130 frequentius

799 1140 1001 1178 διαπεσεῖν
1030 1140 1129 1188 apud
1162 1137 1458 1187 Xenophontem.

800 1197 913 1239 Quod
944 1196 1074 1232 merito
1109 1194 1294 1244 displicuit
1315 1194 1461 1241 Reizio,

799 1254 861 1302 qui
888 1252 968 1302 ipse
996 1252 1176 1299 (Praefat.
1197 1264 1231 1300 p.
1252 1250 1393 1297 XV111)
1418 1263 1462 1287 ex

798 1309 1008 1346 coniectura
1055 1308 1220 1358 reposuit
1266 1307 1462 1358 ὃιεπερίσ·

800 1377 912 1404 σευσε
940 1366 1051 1401 m’mz'a
1078 1365 1292 1414 loquacitate
1312 1376 1382 1400 rem
1408 1362 1460 1414 ef-

791 1422 915 1473 fatiat.
966 1422 1180 1459 Schneider.
1211 1421 1249 1457 in
1273 1420 1364 1458 Lex.
1391 1421 1458 1457 Gr.

799 1478 936 1516 mavult
985 1474 1261 1529 διεδρήστευσε
1279 1508 1289 1525 ,
1358 1477 1461 1527 quod

800 1536 896 1572 idem
926 1534 1046 1572 valeat
1078 1540 1189 1584 atque
1219 1532 1353 1584 διέόρη
1375 1538 1460 1582 (au-

791 1591 921 1642 fugit,
957 1591 1096 1641 elapsus
1117 1589 1206 1642 est),
1247 1603 1330 1627 cum
1361 1590 1461 1640 apud

798 1648 1020 1697 Hesychium
1032 1649 1223 1699 Λρῆσται·
1248 1645 1435 1697 δραπέται
1448 1663 1461 1695 ,-

800 1709 838 1742 et
862 1705 961 1755 apud
984 1705 1123 1742 Herod.
1145 1704 1207 1750 IV,
1235 1702 1314 1744 142
1339 1704 1461 1753 (quod

798 1761 1000 1810 Schweigh.
1029 1759 1151 1810 addit)
1187 1757 1362 1811 ἄδρηστα
1390 1755 1458 1799 α’ν-

799 1814 992 1869 δράποδα.
1057 1817 1148 1854 Mihi
1181 1817 1378 1866 aliquando
1420 1819 1459 1854 in

798 1878 959 1912 mentem
971 1879 1123 1912 venerat
1141 1872 1353 1925 διέπρησσε
1369 1875 1457 1922 egit,

799 1933 986 1980 transegzt.
1035 1932 1156 1981 Supra
1181 1932 1253 1977 IV,
1287 1930 1341 1971 24
1373 1930 1457 1969 δια-

799 1984 1048 2040 πρήσσονται
1068 1987 1146 2024 coll.
1170 1987 1233 2034 IX,
1259 1989 1324 2028 94.

854 2043 969 2095 Ἡμιν
996 2060 1069 2096 γαρ
1091 2059 1213 2095 κατας,
1219 2042 1350 2093 ελᾶτε]
1400 2043 1459 2081 De

800 2105 980 2138 structura
1010 2101 1110 2138 verbi
1136 2102 1354 2151 καταγελᾶν
1381 2113 1460 2138 mo-

801 2159 862 2195 nui
886 2159 932 2195 ad
954 2158 1016 2205 111,
1039 2160 1104 2197 38.
1128 2157 1230 2203 1553
1278 2158 1325 2194 de
1347 2157 1461 2207 parti-

802 2215 882 2252 cula
901 2210 976 2266 γάρ
998 2215 1090 2252 conf.
1112 2219 1205 2250 nott.
1228 2215 1275 2250 ad
1296 2214 1325 2260 I,
1347 2216 1384 2254 8.
1408 2237 1459 2242 —

802 2271 861 2308 Ad
890 2285 994 2308 usum
1029 2271 1129 2308 verbi
1168 2266 1386 2321 λαμβάνειν
1423 2270 1461 2306 in

803 2340 905 2377 seqq.
933 2329 1095 2377 pertinet
1123 2326 1211 2364 illud
1236 2321 1462 2378 φοιβόλαμ-

802 2399 898 2430 πτος
922 2385 983 2431 IV,
1008 2386 1071 2425 13.

859 2440 926 2480 καὶ
947 2436 1151 2492 βακχεύει,
1183 2439 1252 2479 καὶ
1281 2436 1361 2480 ὑπὸ
1388 2440 1462 2478 τοῦ

801 2500 906 2537 θεοῦ
946 2497 1150 2548 μαίνεται]
1205 2497 1332 2534 Plures
1381 2496 1460 2532 libri

803 2551 987 2606 βακχεύει
1019 2569 1071 2593 τε.
1104 2576 1159 2582 ——
1193 2554 1296 2601 „Vel
1323 2552 1459 2589 servari

803 2613 980 2650 debuerat
1005 2607 1187 2662 βακχεύει
1207 2608 1274 2648 καὶ
1295 2608 1363 2653 vel,
1386 2607 1459 2657 pri-

802 2682 861 2705 mo
892 2667 959 2706 καὶ
994 2670 1063 2714 (ex
1086 2683 1127 2706 κε
1151 2667 1262 2711 nuto)
1295 2668 1460 2714 praeter-

802 2727 912 2762 misso
935 2725 1064 2761 scribi:
1114 2717 1296 2775 βακχεύει
1323 2734 1363 2759 τε
1391 2717 1459 2758 καὶ
