<?xml version="1.0" encoding="UTF-8"?>
<!DOCTYPE html PUBLIC "-//W3C//DTD XHTML 1.0 Transitional//EN"
    "http://www.w3.org/TR/xhtml1/DTD/xhtml1-transitional.dtd">
<html xmlns="http://www.w3.org/1999/xhtml" xml:lang="en" lang="en">
 <head>
  <title>
</title>
<meta http-equiv="Content-Type" content="text/html;charset=utf-8" />
  <meta name='ocr-system' content='tesseract 3.04.00' />
  <meta name='ocr-capabilities' content='ocr_page ocr_carea ocr_par ocr_line ocrx_word'/>
</head>
<body>
  <div class='ocr_page' id='page_1' title='image "./musaeher02hero/musaeher02hero_0329.png"; bbox 0 0 1863 3256; ppageno 0'>
   <div class='ocr_carea' id='block_1_1' title="bbox 0 64 20 1008">
    <p class='ocr_par' dir='ltr' id='par_1_1' title="bbox 0 64 20 1008">
     <span class='ocr_line' id='line_1_1' title="bbox 0 64 20 1008; baseline 0 0"><span class='ocrx_word' id='word_1_1' title='bbox 0 64 20 1008; x_wconf 95' lang='lat' dir='ltr'> </span> 
     </span>
    </p>
   </div>
   <div class='ocr_carea' id='block_1_2' title="bbox 483 76 1165 120">
    <p class='ocr_par' dir='ltr' id='par_1_2' title="bbox 483 76 1165 120">
     <span class='ocr_line' id='line_1_2' title="bbox 483 76 1165 120; baseline -0.006 0"><span class='ocrx_word' id='word_1_2' title='bbox 483 76 1165 120; x_wconf 88' lang='lat' dir='ltr'>MELPOMENE.1V.</span> 
     </span>
    </p>
   </div>
   <div class='ocr_carea' id='block_1_3' title="bbox 138 291 384 296">
    <p class='ocr_par' dir='ltr' id='par_1_3' title="bbox 138 291 384 296">
     <span class='ocr_line' id='line_1_3' title="bbox 138 291 384 296; baseline 0 0"><span class='ocrx_word' id='word_1_3' title='bbox 138 291 384 296; x_wconf 95' lang='lat' dir='ltr'> </span> 
     </span>
    </p>
   </div>
   <div class='ocr_carea' id='block_1_4' title="bbox 101 348 800 1294">
    <p class='ocr_par' dir='ltr' id='par_1_4' title="bbox 101 348 800 1294">
     <span class='ocr_line' id='line_1_4' title="bbox 135 348 797 403; baseline -0.003 -15"><span class='ocrx_word' id='word_1_4' title='bbox 135 366 171 403; x_wconf 90' lang='lat' dir='ltr'>p.</span> <span class='ocrx_word' id='word_1_5' title='bbox 194 355 277 394; x_wconf 80' lang='lat'>290</span> <span class='ocrx_word' id='word_1_6' title='bbox 298 367 327 390; x_wconf 78' lang='lat' dir='ltr'>s,</span> <span class='ocrx_word' id='word_1_7' title='bbox 345 350 428 392; x_wconf 78' lang='lat'>445</span> <span class='ocrx_word' id='word_1_8' title='bbox 450 349 508 396; x_wconf 88' lang='lat' dir='ltr'>A.‚</span> <span class='ocrx_word' id='word_1_9' title='bbox 529 350 592 399; x_wconf 90' lang='lat' dir='ltr'>qui</span> <span class='ocrx_word' id='word_1_10' title='bbox 611 349 728 387; x_wconf 78' lang='lat' dir='ltr'>Plinio</span> <span class='ocrx_word' id='word_1_11' title='bbox 748 348 797 386; x_wconf 89' lang='lat' dir='ltr'>H.</span> 
     </span>
     <span class='ocr_line' id='line_1_5' title="bbox 136 406 796 457; baseline -0.006 -11"><span class='ocrx_word' id='word_1_12' title='bbox 136 409 184 446; x_wconf 90' lang='lat' dir='ltr'>N.</span> <span class='ocrx_word' id='word_1_13' title='bbox 210 410 272 457; x_wconf 86' lang='lat' dir='ltr'>lv,</span> <span class='ocrx_word' id='word_1_14' title='bbox 293 409 342 449; x_wconf 82' lang='grc'>14</span> <span class='ocrx_word' id='word_1_15' title='bbox 360 411 445 444; x_wconf 88' lang='lat' dir='ltr'>sunt</span> <span class='ocrx_word' id='word_1_16' title='bbox 463 407 637 443; x_wconf 77' lang='lat' dir='ltr'>Guttones</span> <span class='ocrx_word' id='word_1_17' title='bbox 658 410 695 443; x_wconf 88' lang='lat' dir='ltr'>et</span> <span class='ocrx_word' id='word_1_18' title='bbox 706 406 796 443; x_wconf 78' lang='lat' dir='ltr'>Pto-</span> 
     </span>
     <span class='ocr_line' id='line_1_6' title="bbox 136 462 796 507; baseline -0.006 -4"><span class='ocrx_word' id='word_1_19' title='bbox 136 466 275 503; x_wconf 85' lang='lat' dir='ltr'>lemaeo</span> <span class='ocrx_word' id='word_1_20' title='bbox 304 464 444 501; x_wconf 62' lang='lat' dir='ltr'>Batiai.</span> <span class='ocrx_word' id='word_1_21' title='bbox 513 463 613 507; x_wconf 88' lang='lat' dir='ltr'>Quin</span> <span class='ocrx_word' id='word_1_22' title='bbox 647 462 796 499; x_wconf 87' lang='lat' dir='ltr'>ulterius</span> 
     </span>
     <span class='ocr_line' id='line_1_7' title="bbox 135 519 795 572; baseline -0.006 -14"><span class='ocrx_word' id='word_1_23' title='bbox 135 533 348 572; x_wconf 85' lang='lat' dir='ltr'>progressus</span> <span class='ocrx_word' id='word_1_24' title='bbox 366 519 553 566; x_wconf 68' lang='lat' dir='ltr'>Budinos,</span> <span class='ocrx_word' id='word_1_25' title='bbox 594 520 669 556; x_wconf 71' lang='lat' dir='ltr'>sive</span> <span class='ocrx_word' id='word_1_26' title='bbox 691 519 795 555; x_wconf 75' lang='lat' dir='ltr'>Gelo-</span> 
     </span>
     <span class='ocr_line' id='line_1_8' title="bbox 135 577 798 628; baseline -0.005 -14"><span class='ocrx_word' id='word_1_27' title='bbox 135 591 199 615; x_wconf 76' lang='lat' dir='ltr'>nos</span> <span class='ocrx_word' id='word_1_28' title='bbox 224 590 291 628; x_wconf 92' lang='lat' dir='ltr'>pro</span> <span class='ocrx_word' id='word_1_29' title='bbox 321 577 512 613; x_wconf 75' lang='lat' dir='ltr'>Germanis</span> <span class='ocrx_word' id='word_1_30' title='bbox 538 577 798 625; x_wconf 73' lang='lat' dir='ltr'><em>antiquissimis</em></span> 
     </span>
     <span class='ocr_line' id='line_1_9' title="bbox 135 632 798 682; baseline -0.003 -11"><span class='ocrx_word' id='word_1_31' title='bbox 135 634 263 672; x_wconf 87' lang='lat' dir='ltr'>haberi</span> <span class='ocrx_word' id='word_1_32' title='bbox 281 632 358 670; x_wconf 92' lang='lat' dir='ltr'>vult</span> <span class='ocrx_word' id='word_1_33' title='bbox 380 634 456 671; x_wconf 88' lang='lat' dir='ltr'>sive</span> <span class='ocrx_word' id='word_1_34' title='bbox 473 633 612 680; x_wconf 73' lang='lat' dir='ltr'>Gothis,</span> <span class='ocrx_word' id='word_1_35' title='bbox 643 646 798 682; x_wconf 89' lang='lat' dir='ltr'>quorum</span> 
     </span>
     <span class='ocr_line' id='line_1_10' title="bbox 135 689 799 733; baseline -0.002 -6"><span class='ocrx_word' id='word_1_36' title='bbox 135 690 210 727; x_wconf 82' lang='lat' dir='ltr'>dux</span> <span class='ocrx_word' id='word_1_37' title='bbox 237 690 339 726; x_wconf 90' lang='lat' dir='ltr'>Odin</span> <span class='ocrx_word' id='word_1_38' title='bbox 370 690 447 727; x_wconf 91' lang='lat' dir='ltr'>sive</span> <span class='ocrx_word' id='word_1_39' title='bbox 470 690 631 727; x_wconf 78' lang='lat' dir='ltr'>wodan.</span> <span class='ocrx_word' id='word_1_40' title='bbox 692 689 799 733; x_wconf 84' lang='lat' dir='ltr'>Quae</span> 
     </span>
     <span class='ocr_line' id='line_1_11' title="bbox 134 747 799 796; baseline -0.002 -12"><span class='ocrx_word' id='word_1_41' title='bbox 134 759 232 784; x_wconf 89' lang='lat' dir='ltr'>nunc</span> <span class='ocrx_word' id='word_1_42' title='bbox 260 758 335 783; x_wconf 91' lang='lat' dir='ltr'>non</span> <span class='ocrx_word' id='word_1_43' title='bbox 363 747 481 795; x_wconf 87' lang='lat' dir='ltr'>magis</span> <span class='ocrx_word' id='word_1_44' title='bbox 504 747 712 796; x_wconf 77' lang='lat' dir='ltr'><strong>disquirere</strong></span> <span class='ocrx_word' id='word_1_45' title='bbox 735 758 799 783; x_wconf 89' lang='lat' dir='ltr'>va-</span> 
     </span>
     <span class='ocr_line' id='line_1_12' title="bbox 135 804 798 854; baseline 0 -14"><span class='ocrx_word' id='word_1_46' title='bbox 135 807 217 849; x_wconf 87' lang='lat' dir='ltr'>cat,</span> <span class='ocrx_word' id='word_1_47' title='bbox 268 815 378 852; x_wconf 88' lang='lat' dir='ltr'>quam</span> <span class='ocrx_word' id='word_1_48' title='bbox 412 804 548 841; x_wconf 84' lang='lat' dir='ltr'>Ritteri</span> <span class='ocrx_word' id='word_1_49' title='bbox 588 804 798 854; x_wconf 85' lang='lat' dir='ltr'>opinionem</span> 
     </span>
     <span class='ocr_line' id='line_1_13' title="bbox 135 859 797 911; baseline 0.002 -14"><span class='ocrx_word' id='word_1_50' title='bbox 135 859 326 908; x_wconf 90' lang='lat' dir='ltr'>(Vorhalle</span> <span class='ocrx_word' id='word_1_51' title='bbox 356 874 390 911; x_wconf 90' lang='lat' dir='ltr'>p.</span> <span class='ocrx_word' id='word_1_52' title='bbox 424 861 477 901; x_wconf 78' lang='lat'>25</span> <span class='ocrx_word' id='word_1_53' title='bbox 502 873 580 909; x_wconf 84' lang='lat' dir='ltr'>seq.</span> <span class='ocrx_word' id='word_1_54' title='bbox 615 862 681 900; x_wconf 84' lang='lat'>30.</span> <span class='ocrx_word' id='word_1_55' title='bbox 719 860 797 900; x_wconf 77' lang='lat'>153</span> 
     </span>
     <span class='ocr_line' id='line_1_14' title="bbox 136 916 798 966; baseline 0 -12"><span class='ocrx_word' id='word_1_56' title='bbox 136 918 289 965; x_wconf 86' lang='lat' dir='ltr'>seqq.),</span> <span class='ocrx_word' id='word_1_57' title='bbox 333 917 406 965; x_wconf 66' lang='lat' dir='ltr'>qua</span> <span class='ocrx_word' id='word_1_58' title='bbox 432 916 577 966; x_wconf 70' lang='lat' dir='ltr'>Rudini</span> <span class='ocrx_word' id='word_1_59' title='bbox 603 916 798 963; x_wconf 85' lang='lat' dir='ltr'>Buddhae,</span> 
     </span>
     <span class='ocr_line' id='line_1_15' title="bbox 136 973 798 1019; baseline -0.002 -9"><span class='ocrx_word' id='word_1_60' title='bbox 136 974 251 1010; x_wconf 82' lang='lat' dir='ltr'>Indici</span> <span class='ocrx_word' id='word_1_61' title='bbox 269 973 342 1019; x_wconf 92' lang='lat' dir='ltr'>dei,</span> <span class='ocrx_word' id='word_1_62' title='bbox 358 973 562 1010; x_wconf 81' lang='lat' dir='ltr'>habeantur</span> <span class='ocrx_word' id='word_1_63' title='bbox 577 973 744 1019; x_wconf 90' lang='lat' dir='ltr'>cultores,</span> <span class='ocrx_word' id='word_1_64' title='bbox 755 986 798 1010; x_wconf 82' lang='lat' dir='ltr'>ex</span> 
     </span>
     <span class='ocr_line' id='line_1_16' title="bbox 101 1029 799 1079; baseline 0 -13"><span class='ocrx_word' id='word_1_65' title='bbox 101 1057 103 1059; x_wconf 88' lang='lat'>-</span> <span class='ocrx_word' id='word_1_66' title='bbox 135 1029 225 1066; x_wconf 89' lang='lat' dir='ltr'>Asia</span> <span class='ocrx_word' id='word_1_67' title='bbox 252 1030 373 1067; x_wconf 79' lang='lat' dir='ltr'>media</span> <span class='ocrx_word' id='word_1_68' title='bbox 402 1030 572 1079; x_wconf 85' lang='lat' dir='ltr'>adeoque</span> <span class='ocrx_word' id='word_1_69' title='bbox 601 1030 704 1067; x_wconf 88' lang='lat' dir='ltr'>India</span> <span class='ocrx_word' id='word_1_70' title='bbox 729 1030 799 1066; x_wconf 90' lang='lat' dir='ltr'>huc</span> 
     </span>
     <span class='ocr_line' id='line_1_17' title="bbox 137 1085 797 1137; baseline 0.003 -14"><span class='ocrx_word' id='word_1_71' title='bbox 137 1085 262 1123; x_wconf 87' lang='lat' dir='ltr'>delati.</span> <span class='ocrx_word' id='word_1_72' title='bbox 289 1086 423 1135; x_wconf 88' lang='lat' dir='ltr'>Bayer.</span> <span class='ocrx_word' id='word_1_73' title='bbox 445 1086 483 1123; x_wconf 92' lang='lat' dir='ltr'>in</span> <span class='ocrx_word' id='word_1_74' title='bbox 500 1087 656 1137; x_wconf 91' lang='lat' dir='ltr'>Opuscc.</span> <span class='ocrx_word' id='word_1_75' title='bbox 683 1099 720 1135; x_wconf 89' lang='lat' dir='ltr'>p.</span> <span class='ocrx_word' id='word_1_76' title='bbox 743 1087 797 1126; x_wconf 89' lang='grc'>88</span> 
     </span>
     <span class='ocr_line' id='line_1_18' title="bbox 137 1141 798 1181; baseline -0.002 -2"><span class='ocrx_word' id='word_1_77' title='bbox 137 1142 196 1180; x_wconf 87' lang='lat' dir='ltr'>ed.</span> <span class='ocrx_word' id='word_1_78' title='bbox 221 1141 345 1179; x_wconf 87' lang='lat' dir='ltr'>Klotz.</span> <span class='ocrx_word' id='word_1_79' title='bbox 374 1143 540 1181; x_wconf 91' lang='lat' dir='ltr'>Budinos</span> <span class='ocrx_word' id='word_1_80' title='bbox 570 1147 609 1180; x_wconf 89' lang='lat' dir='ltr'>et</span> <span class='ocrx_word' id='word_1_81' title='bbox 634 1141 798 1180; x_wconf 89' lang='lat' dir='ltr'>Gelonos</span> 
     </span>
     <span class='ocr_line' id='line_1_19' title="bbox 137 1198 799 1250; baseline -0.003 -14"><span class='ocrx_word' id='word_1_82' title='bbox 137 1199 186 1236; x_wconf 90' lang='lat' dir='ltr'>ibi</span> <span class='ocrx_word' id='word_1_83' title='bbox 220 1199 298 1236; x_wconf 78' lang='lat' dir='ltr'>fere</span> <span class='ocrx_word' id='word_1_84' title='bbox 336 1198 519 1237; x_wconf 84' lang='lat' dir='ltr'>habitasse</span> <span class='ocrx_word' id='word_1_85' title='bbox 552 1203 681 1250; x_wconf 86' lang='lat' dir='ltr'>putat,</span> <span class='ocrx_word' id='word_1_86' title='bbox 737 1198 799 1235; x_wconf 91' lang='lat' dir='ltr'>ubi</span> 
     </span>
     <span class='ocr_line' id='line_1_20' title="bbox 135 1254 800 1294; baseline -0.003 -1"><span class='ocrx_word' id='word_1_87' title='bbox 135 1254 366 1293; x_wconf 85' lang='lat' dir='ltr'>Palatinatus</span> <span class='ocrx_word' id='word_1_88' title='bbox 407 1259 464 1293; x_wconf 84' lang='lat' dir='ltr'>est</span> <span class='ocrx_word' id='word_1_89' title='bbox 495 1255 724 1294; x_wconf 85' lang='lat' dir='ltr'>Chelmensis</span> <span class='ocrx_word' id='word_1_90' title='bbox 763 1258 800 1292; x_wconf 91' lang='lat' dir='ltr'>et</span> 
     </span>
    </p>
   </div>
   <div class='ocr_carea' id='block_1_5' title="bbox 64 1310 802 1364">
    <p class='ocr_par' dir='ltr' id='par_1_5' title="bbox 64 1310 802 1364">
     <span class='ocr_line' id='line_1_21' title="bbox 64 1310 802 1364; baseline -0.001 -15"><span class='ocrx_word' id='word_1_91' title='bbox 64 1358 70 1364; x_wconf 20' lang='grc' dir='ltr'>ἱ</span> <span class='ocrx_word' id='word_1_92' title='bbox 135 1312 378 1350; x_wconf 90' lang='lat' dir='ltr'>Brzestiensis</span> <span class='ocrx_word' id='word_1_93' title='bbox 405 1313 443 1349; x_wconf 87' lang='lat' dir='ltr'>in</span> <span class='ocrx_word' id='word_1_94' title='bbox 463 1312 627 1350; x_wconf 88' lang='lat' dir='ltr'>Polonia.</span> <span class='ocrx_word' id='word_1_95' title='bbox 685 1310 719 1348; x_wconf 91' lang='lat' dir='ltr'><strong>A</strong></span> <span class='ocrx_word' id='word_1_96' title='bbox 743 1324 802 1349; x_wconf 88' lang='lat' dir='ltr'>se-</span> 
     </span>
    </p>
   </div>
   <div class='ocr_carea' id='block_1_6' title="bbox 136 1368 807 2777">
    <p class='ocr_par' dir='ltr' id='par_1_6' title="bbox 136 1368 807 2777">
     <span class='ocr_line' id='line_1_22' title="bbox 137 1368 801 1419; baseline 0 -14"><span class='ocrx_word' id='word_1_97' title='bbox 137 1370 350 1419; x_wconf 85' lang='lat' dir='ltr'>ptentrione</span> <span class='ocrx_word' id='word_1_98' title='bbox 368 1369 682 1416; x_wconf 79' lang='lat' dir='ltr'>Sauromatarum,</span> <span class='ocrx_word' id='word_1_99' title='bbox 705 1368 801 1406; x_wconf 88' lang='lat' dir='ltr'>ultra</span> 
     </span>
     <span class='ocr_line' id='line_1_23' title="bbox 137 1424 802 1472; baseline -0.003 -9"><span class='ocrx_word' id='word_1_100' title='bbox 137 1424 284 1463; x_wconf 85' lang='lat' dir='ltr'>Tanain</span> <span class='ocrx_word' id='word_1_101' title='bbox 321 1426 586 1472; x_wconf 82' lang='lat' dir='ltr'>habitantium,</span> <span class='ocrx_word' id='word_1_102' title='bbox 634 1426 802 1463; x_wconf 90' lang='lat' dir='ltr'>Budino-</span> 
     </span>
     <span class='ocr_line' id='line_1_24' title="bbox 136 1482 802 1532; baseline 0 -13"><span class='ocrx_word' id='word_1_103' title='bbox 136 1495 216 1519; x_wconf 89' lang='lat' dir='ltr'>rum</span> <span class='ocrx_word' id='word_1_104' title='bbox 237 1482 344 1520; x_wconf 89' lang='lat' dir='ltr'>sedes</span> <span class='ocrx_word' id='word_1_105' title='bbox 367 1485 597 1532; x_wconf 87' lang='lat' dir='ltr'>quaerendas</span> <span class='ocrx_word' id='word_1_106' title='bbox 619 1496 700 1521; x_wconf 89' lang='lat' dir='ltr'>esse</span> <span class='ocrx_word' id='word_1_107' title='bbox 721 1496 802 1519; x_wconf 83' lang='lat' dir='ltr'>mo-</span> 
     </span>
     <span class='ocr_line' id='line_1_25' title="bbox 138 1538 799 1589; baseline 0 -14"><span class='ocrx_word' id='word_1_108' title='bbox 138 1543 201 1576; x_wconf 88' lang='lat' dir='ltr'>net</span> <span class='ocrx_word' id='word_1_109' title='bbox 220 1539 393 1589; x_wconf 80' lang='lat' dir='ltr'>K&#39;oppen.</span> <span class='ocrx_word' id='word_1_110' title='bbox 409 1538 612 1589; x_wconf 88' lang='lat' dir='ltr'>Nordgest.</span> <span class='ocrx_word' id='word_1_111' title='bbox 633 1541 669 1577; x_wconf 92' lang='lat' dir='ltr'>d.</span> <span class='ocrx_word' id='word_1_112' title='bbox 689 1540 799 1576; x_wconf 87' lang='lat' dir='ltr'>Pont.</span> 
     </span>
     <span class='ocr_line' id='line_1_26' title="bbox 138 1596 801 1646; baseline -0.006 -10"><span class='ocrx_word' id='word_1_113' title='bbox 138 1607 224 1646; x_wconf 77' lang='lat' dir='ltr'>pag·</span> <span class='ocrx_word' id='word_1_114' title='bbox 249 1598 312 1636; x_wconf 89' lang='lat'>17.</span> <span class='ocrx_word' id='word_1_115' title='bbox 334 1598 400 1643; x_wconf 84' lang='lat'>68,</span> <span class='ocrx_word' id='word_1_116' title='bbox 431 1609 475 1634; x_wconf 90' lang='lat' dir='ltr'>ea</span> <span class='ocrx_word' id='word_1_117' title='bbox 497 1597 573 1634; x_wconf 87' lang='lat' dir='ltr'>fere</span> <span class='ocrx_word' id='word_1_118' title='bbox 592 1598 628 1633; x_wconf 92' lang='lat' dir='ltr'>in</span> <span class='ocrx_word' id='word_1_119' title='bbox 650 1596 801 1646; x_wconf 82' lang='lat' dir='ltr'>regione</span> 
     </span>
     <span class='ocr_line' id='line_1_27' title="bbox 139 1652 802 1702; baseline 0.002 -13"><span class='ocrx_word' id='word_1_120' title='bbox 139 1652 307 1701; x_wconf 85' lang='lat' dir='ltr'>gubernii</span> <span class='ocrx_word' id='word_1_121' title='bbox 327 1653 573 1702; x_wconf 87' lang='lat' dir='ltr'>Woronjesh,</span> <span class='ocrx_word' id='word_1_122' title='bbox 614 1654 676 1690; x_wconf 93' lang='lat' dir='ltr'>ubi</span> <span class='ocrx_word' id='word_1_123' title='bbox 706 1666 802 1690; x_wconf 90' lang='lat' dir='ltr'>nunc</span> 
     </span>
     <span class='ocr_line' id='line_1_28' title="bbox 139 1709 802 1759; baseline 0.002 -14"><span class='ocrx_word' id='word_1_124' title='bbox 139 1709 317 1759; x_wconf 91' lang='lat' dir='ltr'>oppidum</span> <span class='ocrx_word' id='word_1_125' title='bbox 345 1709 494 1746; x_wconf 78' lang='lat' dir='ltr'>Bobrow</span> <span class='ocrx_word' id='word_1_126' title='bbox 523 1711 600 1747; x_wconf 84' lang='lat' dir='ltr'>sive</span> <span class='ocrx_word' id='word_1_127' title='bbox 629 1711 712 1746; x_wconf 82' lang='lat' dir='ltr'>urbs</span> <span class='ocrx_word' id='word_1_128' title='bbox 742 1723 802 1746; x_wconf 83' lang='lat' dir='ltr'>ca-</span> 
     </span>
     <span class='ocr_line' id='line_1_29' title="bbox 138 1766 801 1805; baseline 0.002 -4"><span class='ocrx_word' id='word_1_129' title='bbox 138 1769 265 1802; x_wconf 78' lang='lat' dir='ltr'>storea.</span> <span class='ocrx_word' id='word_1_130' title='bbox 327 1766 410 1804; x_wconf 88' lang='lat' dir='ltr'>Nec</span> <span class='ocrx_word' id='word_1_131' title='bbox 439 1767 509 1803; x_wconf 86' lang='lat' dir='ltr'>alia</span> <span class='ocrx_word' id='word_1_132' title='bbox 538 1771 593 1805; x_wconf 89' lang='lat' dir='ltr'>est</span> <span class='ocrx_word' id='word_1_133' title='bbox 621 1767 801 1804; x_wconf 87' lang='lat' dir='ltr'>sententia</span> 
     </span>
     <span class='ocr_line' id='line_1_30' title="bbox 137 1822 801 1874; baseline 0 -15"><span class='ocrx_word' id='word_1_134' title='bbox 137 1822 310 1860; x_wconf 89' lang='lat' dir='ltr'>Rennelii</span> <span class='ocrx_word' id='word_1_135' title='bbox 346 1836 434 1874; x_wconf 88' lang='lat' dir='ltr'>pag.</span> <span class='ocrx_word' id='word_1_136' title='bbox 471 1822 553 1865; x_wconf 75' lang='lat'>416</span> <span class='ocrx_word' id='word_1_137' title='bbox 592 1829 630 1861; x_wconf 92' lang='lat' dir='ltr'>et</span> <span class='ocrx_word' id='word_1_138' title='bbox 669 1823 801 1860; x_wconf 87' lang='lat' dir='ltr'>Ritteri</span> 
     </span>
     <span class='ocr_line' id='line_1_31' title="bbox 138 1876 801 1931; baseline 0.011 -16"><span class='ocrx_word' id='word_1_139' title='bbox 138 1876 361 1931; x_wconf 86' lang='lat' dir='ltr'>(Erdkunde</span> <span class='ocrx_word' id='word_1_140' title='bbox 384 1880 414 1916; x_wconf 96' lang='lat' dir='ltr'>ll</span> <span class='ocrx_word' id='word_1_141' title='bbox 437 1894 473 1930; x_wconf 87' lang='lat' dir='ltr'>p.</span> <span class='ocrx_word' id='word_1_142' title='bbox 490 1881 584 1922; x_wconf 88' lang='grc'><strong>765.</strong></span> <span class='ocrx_word' id='word_1_143' title='bbox 606 1877 719 1931; x_wconf 85' lang='lat'>766).</span> <span class='ocrx_word' id='word_1_144' title='bbox 759 1879 801 1917; x_wconf 84' lang='lat'>1¹1</span> 
     </span>
     <span class='ocr_line' id='line_1_32' title="bbox 139 1935 802 1988; baseline 0.002 -16"><span class='ocrx_word' id='word_1_145' title='bbox 139 1935 306 1985; x_wconf 86' lang='lat' dir='ltr'>gubernii</span> <span class='ocrx_word' id='word_1_146' title='bbox 325 1936 520 1974; x_wconf 88' lang='lat' dir='ltr'>Astracani</span> <span class='ocrx_word' id='word_1_147' title='bbox 541 1941 665 1988; x_wconf 88' lang='lat' dir='ltr'>parte,</span> <span class='ocrx_word' id='word_1_148' title='bbox 707 1949 802 1985; x_wconf 89' lang='lat' dir='ltr'>quae</span> 
     </span>
     <span class='ocr_line' id='line_1_33' title="bbox 140 1993 801 2043; baseline 0.002 -14"><span class='ocrx_word' id='word_1_149' title='bbox 140 1993 188 2030; x_wconf 93' lang='lat' dir='ltr'>ad</span> <span class='ocrx_word' id='word_1_150' title='bbox 209 1993 355 2030; x_wconf 86' lang='lat' dir='ltr'>fiuvium</span> <span class='ocrx_word' id='word_1_151' title='bbox 376 1994 455 2031; x_wconf 86' lang='lat' dir='ltr'>Iaik</span> <span class='ocrx_word' id='word_1_152' title='bbox 474 1995 614 2043; x_wconf 88' lang='lat' dir='ltr'>vergit,</span> <span class='ocrx_word' id='word_1_153' title='bbox 637 1994 801 2031; x_wconf 84' lang='lat' dir='ltr'>Budinos</span> 
     </span>
     <span class='ocr_line' id='line_1_34' title="bbox 139 2048 801 2088; baseline -0.002 -1"><span class='ocrx_word' id='word_1_154' title='bbox 139 2048 292 2087; x_wconf 88' lang='lat' dir='ltr'>collocat</span> <span class='ocrx_word' id='word_1_155' title='bbox 325 2050 546 2088; x_wconf 83' lang='lat' dir='ltr'>Billerbeck.</span> <span class='ocrx_word' id='word_1_156' title='bbox 583 2050 705 2088; x_wconf 82' lang='lat' dir='ltr'>Diffie.</span> <span class='ocrx_word' id='word_1_157' title='bbox 739 2050 801 2087; x_wconf 93' lang='lat' dir='ltr'>As.</span> 
     </span>
     <span class='ocr_line' id='line_1_35' title="bbox 139 2107 802 2157; baseline 0.006 -14"><span class='ocrx_word' id='word_1_158' title='bbox 139 2118 225 2157; x_wconf 83' lang='lat' dir='ltr'>pag.</span> <span class='ocrx_word' id='word_1_159' title='bbox 247 2108 325 2153; x_wconf 79' lang='lat'>233</span> <span class='ocrx_word' id='word_1_160' title='bbox 363 2107 525 2145; x_wconf 89' lang='lat' dir='ltr'>Heeren.</span> <span class='ocrx_word' id='word_1_161' title='bbox 553 2107 684 2157; x_wconf 83' lang='lat' dir='ltr'>(ldeen</span> <span class='ocrx_word' id='word_1_162' title='bbox 713 2107 747 2151; x_wconf 87' lang='grc' dir='ltr'>Ι,</span> <span class='ocrx_word' id='word_1_163' title='bbox 775 2110 802 2147; x_wconf 80' lang='lat'>2</span> 
     </span>
     <span class='ocr_line' id='line_1_36' title="bbox 139 2164 802 2214; baseline 0 -15"><span class='ocrx_word' id='word_1_164' title='bbox 139 2175 226 2214; x_wconf 88' lang='lat' dir='ltr'>pag.</span> <span class='ocrx_word' id='word_1_165' title='bbox 249 2164 352 2212; x_wconf 80' lang='lat'>278)</span> <span class='ocrx_word' id='word_1_166' title='bbox 372 2165 408 2201; x_wconf 88' lang='lat' dir='ltr'>in</span> <span class='ocrx_word' id='word_1_167' title='bbox 432 2164 608 2212; x_wconf 85' lang='lat' dir='ltr'>gubernio</span> <span class='ocrx_word' id='word_1_168' title='bbox 622 2165 802 2210; x_wconf 81' lang='lat' dir='ltr'>Saratow,</span> 
     </span>
     <span class='ocr_line' id='line_1_37' title="bbox 143 2222 804 2270; baseline 0.002 -14"><span class='ocrx_word' id='word_1_169' title='bbox 143 2224 192 2267; x_wconf 90' lang='lat' dir='ltr'>et,</span> <span class='ocrx_word' id='word_1_170' title='bbox 222 2225 369 2269; x_wconf 84' lang='lat' dir='ltr'>gentem</span> <span class='ocrx_word' id='word_1_171' title='bbox 387 2233 559 2270; x_wconf 85' lang='lat' dir='ltr'>magnam</span> <span class='ocrx_word' id='word_1_172' title='bbox 579 2226 616 2258; x_wconf 90' lang='lat' dir='ltr'>et</span> <span class='ocrx_word' id='word_1_173' title='bbox 634 2222 804 2269; x_wconf 78' lang='lat' dir='ltr'>frequen-</span> 
     </span>
     <span class='ocr_line' id='line_1_38' title="bbox 141 2276 803 2328; baseline 0 -15"><span class='ocrx_word' id='word_1_174' title='bbox 141 2280 216 2314; x_wconf 86' lang='lat' dir='ltr'>tem</span> <span class='ocrx_word' id='word_1_175' title='bbox 290 2276 439 2316; x_wconf 85' lang='lat' dir='ltr'>ulterius</span> <span class='ocrx_word' id='word_1_176' title='bbox 513 2278 803 2328; x_wconf 87' lang='lat' dir='ltr'>septentrionem</span> 
     </span>
     <span class='ocr_line' id='line_1_39' title="bbox 142 2334 804 2384; baseline 0.003 -15"><span class='ocrx_word' id='word_1_177' title='bbox 142 2334 367 2372; x_wconf 88' lang='lat' dir='ltr'>orientemve</span> <span class='ocrx_word' id='word_1_178' title='bbox 413 2346 538 2372; x_wconf 87' lang='lat' dir='ltr'>versus</span> <span class='ocrx_word' id='word_1_179' title='bbox 589 2334 804 2384; x_wconf 86' lang='lat' dir='ltr'>productam</span> 
     </span>
     <span class='ocr_line' id='line_1_40' title="bbox 145 2390 803 2439; baseline 0.002 -12"><span class='ocrx_word' id='word_1_180' title='bbox 145 2390 349 2429; x_wconf 88' lang='lat' dir='ltr'>existimare</span> <span class='ocrx_word' id='word_1_181' title='bbox 378 2391 408 2427; x_wconf 89' lang='lat' dir='ltr'>si</span> <span class='ocrx_word' id='word_1_182' title='bbox 439 2391 564 2438; x_wconf 87' lang='lat' dir='ltr'>liceat,</span> <span class='ocrx_word' id='word_1_183' title='bbox 605 2391 642 2427; x_wconf 92' lang='lat' dir='ltr'>in</span> <span class='ocrx_word' id='word_1_184' title='bbox 668 2392 803 2439; x_wconf 88' lang='lat' dir='ltr'>guber-</span> 
     </span>
     <span class='ocr_line' id='line_1_41' title="bbox 144 2446 804 2495; baseline 0.003 -13"><span class='ocrx_word' id='word_1_185' title='bbox 144 2446 213 2483; x_wconf 89' lang='lat' dir='ltr'>niis</span> <span class='ocrx_word' id='word_1_186' title='bbox 252 2448 398 2495; x_wconf 87' lang='lat' dir='ltr'>Pensa,</span> <span class='ocrx_word' id='word_1_187' title='bbox 436 2447 637 2495; x_wconf 86' lang='lat' dir='ltr'>Simbirsk‚</span> <span class='ocrx_word' id='word_1_188' title='bbox 677 2447 804 2484; x_wconf 83' lang='lat' dir='ltr'>Kasan</span> 
     </span>
     <span class='ocr_line' id='line_1_42' title="bbox 146 2505 804 2554; baseline 0.005 -16"><span class='ocrx_word' id='word_1_189' title='bbox 146 2515 261 2551; x_wconf 86' lang='lat' dir='ltr'>usque</span> <span class='ocrx_word' id='word_1_190' title='bbox 287 2505 334 2541; x_wconf 91' lang='lat' dir='ltr'>ad</span> <span class='ocrx_word' id='word_1_191' title='bbox 356 2505 464 2542; x_wconf 88' lang='lat' dir='ltr'>Perm</span> <span class='ocrx_word' id='word_1_192' title='bbox 484 2510 520 2542; x_wconf 86' lang='lat' dir='ltr'>et</span> <span class='ocrx_word' id='word_1_193' title='bbox 540 2518 655 2554; x_wconf 86' lang='lat' dir='ltr'>usque</span> <span class='ocrx_word' id='word_1_194' title='bbox 674 2505 724 2541; x_wconf 87' lang='lat' dir='ltr'>ad</span> <span class='ocrx_word' id='word_1_195' title='bbox 748 2505 804 2541; x_wconf 92' lang='lat' dir='ltr'>vi-</span> 
     </span>
     <span class='ocr_line' id='line_1_43' title="bbox 147 2559 805 2609; baseline 0.006 -15"><span class='ocrx_word' id='word_1_196' title='bbox 147 2559 332 2597; x_wconf 86' lang='lat' dir='ltr'>cinitatem</span> <span class='ocrx_word' id='word_1_197' title='bbox 371 2560 528 2598; x_wconf 89' lang='lat' dir='ltr'>Norossi</span> <span class='ocrx_word' id='word_1_198' title='bbox 569 2561 704 2599; x_wconf 86' lang='lat' dir='ltr'>montis</span> <span class='ocrx_word' id='word_1_199' title='bbox 749 2563 805 2609; x_wconf 91' lang='lat' dir='ltr'>(s.</span> 
     </span>
     <span class='ocr_line' id='line_1_44' title="bbox 148 2615 806 2666; baseline 0.008 -15"><span class='ocrx_word' id='word_1_200' title='bbox 148 2615 239 2652; x_wconf 84' lang='lat' dir='ltr'>Ural</span> <span class='ocrx_word' id='word_1_201' title='bbox 254 2617 530 2666; x_wconf 87' lang='lat' dir='ltr'>meridionalis).</span> <span class='ocrx_word' id='word_1_202' title='bbox 559 2617 690 2655; x_wconf 89' lang='lat' dir='ltr'>Adhuc</span> <span class='ocrx_word' id='word_1_203' title='bbox 710 2620 806 2656; x_wconf 91' lang='lat' dir='ltr'>enim</span> 
     </span>
     <span class='ocr_line' id='line_1_45' title="bbox 149 2672 807 2724; baseline 0.008 -16"><span class='ocrx_word' id='word_1_204' title='bbox 149 2673 191 2709; x_wconf 89' lang='lat' dir='ltr'>iis</span> <span class='ocrx_word' id='word_1_205' title='bbox 215 2672 253 2709; x_wconf 90' lang='lat' dir='ltr'>in</span> <span class='ocrx_word' id='word_1_206' title='bbox 270 2674 374 2710; x_wconf 87' lang='lat' dir='ltr'>terris</span> <span class='ocrx_word' id='word_1_207' title='bbox 394 2673 513 2722; x_wconf 83' lang='lat' dir='ltr'>sylvas</span> <span class='ocrx_word' id='word_1_208' title='bbox 532 2674 705 2724; x_wconf 90' lang='lat' dir='ltr'>plurimas</span> <span class='ocrx_word' id='word_1_209' title='bbox 725 2688 807 2713; x_wconf 89' lang='lat' dir='ltr'>esse</span> 
     </span>
     <span class='ocr_line' id='line_1_46' title="bbox 149 2730 807 2777; baseline 0.003 -11"><span class='ocrx_word' id='word_1_210' title='bbox 149 2733 320 2777; x_wconf 86' lang='lat' dir='ltr'>narrant,</span> <span class='ocrx_word' id='word_1_211' title='bbox 386 2730 537 2768; x_wconf 88' lang='lat' dir='ltr'>navibus</span> <span class='ocrx_word' id='word_1_212' title='bbox 585 2731 807 2770; x_wconf 83' lang='lat' dir='ltr'>fabricandis</span> 
     </span>
    </p>
   </div>
   <div class='ocr_carea' id='block_1_7' title="bbox 1381 83 1466 123">
    <p class='ocr_par' dir='ltr' id='par_1_7' title="bbox 1381 83 1466 123">
     <span class='ocr_line' id='line_1_47' title="bbox 1381 83 1466 123; baseline 0.024 -2"><span class='ocrx_word' id='word_1_213' title='bbox 1381 83 1466 123; x_wconf 81' lang='lat'>315</span> 
     </span>
    </p>
   </div>
   <div class='ocr_carea' id='block_1_8' title="bbox 7 185 1516 245">
    <p class='ocr_par' dir='ltr' id='par_1_8' title="bbox 7 185 1516 245">
     <span class='ocr_line' id='line_1_48' title="bbox 7 185 1516 245; baseline -0.005 -9"><span class='ocrx_word' id='word_1_214' title='bbox 7 232 8 236; x_wconf 75' lang='grc'>,</span> <span class='ocrx_word' id='word_1_215' title='bbox 66 198 131 242; x_wconf 82' lang='grc'>22</span> <span class='ocrx_word' id='word_1_216' title='bbox 191 193 339 233; x_wconf 81' lang='grc' dir='ltr'><strong><em>πᾶσαν</em></strong></span> <span class='ocrx_word' id='word_1_217' title='bbox 369 188 528 245; x_wconf 84' lang='grc' dir='ltr'><em>δασὲην</em></span> <span class='ocrx_word' id='word_1_218' title='bbox 555 187 640 244; x_wconf 79' lang='grc' dir='ltr'>ὕλῃ</span> <span class='ocrx_word' id='word_1_219' title='bbox 664 188 866 243; x_wconf 82' lang='grc' dir='ltr'><strong>παντοίῃ.</strong></span> <span class='ocrx_word' id='word_1_220' title='bbox 928 186 1158 230; x_wconf 82' lang='grc' dir='ltr'><em>Βουδίνων</em></span> <span class='ocrx_word' id='word_1_221' title='bbox 1181 185 1227 229; x_wconf 77' lang='grc' dir='ltr'>δὲ</span> <span class='ocrx_word' id='word_1_222' title='bbox 1253 185 1516 241; x_wconf 66' lang='lat' dir='ltr'>ammineo-25</span> 
     </span>
    </p>
   </div>
   <div class='ocr_carea' id='block_1_9' title="bbox 854 346 1525 2783">
    <p class='ocr_par' dir='ltr' id='par_1_9' title="bbox 854 346 1525 2783">
     <span class='ocr_line' id='line_1_49' title="bbox 854 346 1518 398; baseline -0.003 -11"><span class='ocrx_word' id='word_1_223' title='bbox 854 349 1044 387; x_wconf 82' lang='lat' dir='ltr'>materiam</span> <span class='ocrx_word' id='word_1_224' title='bbox 1081 347 1374 398; x_wconf 85' lang='lat' dir='ltr'>suppeditantes.</span> <span class='ocrx_word' id='word_1_225' title='bbox 1431 346 1518 385; x_wconf 85' lang='lat' dir='ltr'>Non</span> 
     </span>
     <span class='ocr_line' id='line_1_50' title="bbox 855 404 1519 456; baseline -0.005 -13"><span class='ocrx_word' id='word_1_226' title='bbox 855 406 958 444; x_wconf 87' lang='lat' dir='ltr'>aliter</span> <span class='ocrx_word' id='word_1_227' title='bbox 995 404 1189 442; x_wconf 83' lang='lat' dir='ltr'>Reichard.</span> <span class='ocrx_word' id='word_1_228' title='bbox 1233 417 1320 456; x_wconf 87' lang='lat' dir='ltr'>pag.</span> <span class='ocrx_word' id='word_1_229' title='bbox 1351 407 1416 445; x_wconf 79' lang='lat'>33.</span> <span class='ocrx_word' id='word_1_230' title='bbox 1464 405 1519 446; x_wconf 89' lang='lat'>59</span> 
     </span>
     <span class='ocr_line' id='line_1_51' title="bbox 854 461 1519 511; baseline -0.005 -11"><span class='ocrx_word' id='word_1_231' title='bbox 854 462 1082 500; x_wconf 89' lang='lat' dir='ltr'>Budinorum</span> <span class='ocrx_word' id='word_1_232' title='bbox 1105 461 1225 506; x_wconf 87' lang='lat' dir='ltr'>sedes,</span> <span class='ocrx_word' id='word_1_233' title='bbox 1256 474 1330 510; x_wconf 92' lang='lat' dir='ltr'>quo</span> <span class='ocrx_word' id='word_1_234' title='bbox 1352 465 1519 511; x_wconf 87' lang='lat' dir='ltr'>tempore</span> 
     </span>
     <span class='ocr_line' id='line_1_52' title="bbox 855 518 1520 568; baseline 0 -13"><span class='ocrx_word' id='word_1_235' title='bbox 855 519 1041 568; x_wconf 82' lang='lat' dir='ltr'>Scythiam</span> <span class='ocrx_word' id='word_1_236' title='bbox 1064 519 1236 555; x_wconf 84' lang='lat' dir='ltr'>invaserit</span> <span class='ocrx_word' id='word_1_237' title='bbox 1253 518 1401 564; x_wconf 88' lang='lat' dir='ltr'>Darius,</span> <span class='ocrx_word' id='word_1_238' title='bbox 1424 519 1520 555; x_wconf 85' lang='lat' dir='ltr'>intra</span> 
     </span>
     <span class='ocr_line' id='line_1_53' title="bbox 855 574 1518 623; baseline -0.005 -10"><span class='ocrx_word' id='word_1_239' title='bbox 855 575 1002 613; x_wconf 86' lang='lat' dir='ltr'>Tanain</span> <span class='ocrx_word' id='word_1_240' title='bbox 1026 579 1063 611; x_wconf 88' lang='lat' dir='ltr'>et</span> <span class='ocrx_word' id='word_1_241' title='bbox 1074 574 1229 623; x_wconf 84' lang='lat' dir='ltr'>Volgam</span> <span class='ocrx_word' id='word_1_242' title='bbox 1246 576 1357 612; x_wconf 87' lang='lat' dir='ltr'>fuisse</span> <span class='ocrx_word' id='word_1_243' title='bbox 1377 575 1518 620; x_wconf 87' lang='lat' dir='ltr'>statuit,</span> 
     </span>
     <span class='ocr_line' id='line_1_54' title="bbox 855 631 1519 680; baseline -0.003 -11"><span class='ocrx_word' id='word_1_244' title='bbox 855 633 892 669; x_wconf 93' lang='lat' dir='ltr'>in</span> <span class='ocrx_word' id='word_1_245' title='bbox 937 631 1154 668; x_wconf 85' lang='lat' dir='ltr'>occidentali</span> <span class='ocrx_word' id='word_1_246' title='bbox 1201 636 1310 680; x_wconf 81' lang='lat' dir='ltr'>parte</span> <span class='ocrx_word' id='word_1_247' title='bbox 1350 631 1519 680; x_wconf 87' lang='lat' dir='ltr'>gubernii</span> 
     </span>
     <span class='ocr_line' id='line_1_55' title="bbox 855 688 1520 739; baseline -0.003 -13"><span class='ocrx_word' id='word_1_248' title='bbox 855 689 1049 733; x_wconf 82' lang='lat' dir='ltr'>Simbirsk‚</span> <span class='ocrx_word' id='word_1_249' title='bbox 1080 689 1115 724; x_wconf 93' lang='lat' dir='ltr'>in</span> <span class='ocrx_word' id='word_1_250' title='bbox 1138 688 1413 737; x_wconf 83' lang='lat' dir='ltr'>septentrionali</span> <span class='ocrx_word' id='word_1_251' title='bbox 1431 700 1520 739; x_wconf 88' lang='lat' dir='ltr'>par-</span> 
     </span>
     <span class='ocr_line' id='line_1_56' title="bbox 855 745 1521 794; baseline -0.002 -12"><span class='ocrx_word' id='word_1_252' title='bbox 855 750 892 782; x_wconf 93' lang='lat' dir='ltr'>te</span> <span class='ocrx_word' id='word_1_253' title='bbox 911 745 1077 794; x_wconf 88' lang='lat' dir='ltr'>gubernii</span> <span class='ocrx_word' id='word_1_254' title='bbox 1099 745 1266 781; x_wconf 76' lang='lat' dir='ltr'>Saratow</span> <span class='ocrx_word' id='word_1_255' title='bbox 1290 746 1521 794; x_wconf 87' lang='lat' dir='ltr'>regionibus-</span> 
     </span>
     <span class='ocr_line' id='line_1_57' title="bbox 856 801 1520 851; baseline -0.005 -11"><span class='ocrx_word' id='word_1_256' title='bbox 856 816 928 851; x_wconf 92' lang='lat' dir='ltr'>que</span> <span class='ocrx_word' id='word_1_257' title='bbox 956 802 1078 839; x_wconf 82' lang='lat' dir='ltr'>Pensa</span> <span class='ocrx_word' id='word_1_258' title='bbox 1106 806 1141 838; x_wconf 89' lang='lat' dir='ltr'>et</span> <span class='ocrx_word' id='word_1_259' title='bbox 1170 801 1360 839; x_wconf 89' lang='lat' dir='ltr'>Tambow.</span> <span class='ocrx_word' id='word_1_260' title='bbox 1420 802 1520 845; x_wconf 81' lang='lat' dir='ltr'>Quin</span> 
     </span>
     <span class='ocr_line' id='line_1_58' title="bbox 855 858 1520 907; baseline -0.003 -12"><span class='ocrx_word' id='word_1_261' title='bbox 855 859 1006 896; x_wconf 86' lang='lat' dir='ltr'>nomina</span> <span class='ocrx_word' id='word_1_262' title='bbox 1049 858 1230 907; x_wconf 82' lang='lat' dir='ltr'>quaedam</span> <span class='ocrx_word' id='word_1_263' title='bbox 1277 859 1441 904; x_wconf 87' lang='lat' dir='ltr'>subiicit,</span> <span class='ocrx_word' id='word_1_264' title='bbox 1482 858 1520 894; x_wconf 88' lang='lat' dir='ltr'>in</span> 
     </span>
     <span class='ocr_line' id='line_1_59' title="bbox 856 915 1520 965; baseline -0.003 -13"><span class='ocrx_word' id='word_1_265' title='bbox 856 916 986 965; x_wconf 89' lang='lat' dir='ltr'>quibus</span> <span class='ocrx_word' id='word_1_266' title='bbox 1013 915 1203 964; x_wconf 84' lang='lat' dir='ltr'>antiquum</span> <span class='ocrx_word' id='word_1_267' title='bbox 1236 916 1356 963; x_wconf 88' lang='lat' dir='ltr'>gentis</span> <span class='ocrx_word' id='word_1_268' title='bbox 1382 927 1520 952; x_wconf 88' lang='lat' dir='ltr'>nomen</span> 
     </span>
     <span class='ocr_line' id='line_1_60' title="bbox 856 971 1520 1020; baseline -0.002 -11"><span class='ocrx_word' id='word_1_269' title='bbox 856 973 975 1009; x_wconf 92' lang='lat' dir='ltr'>adhuc</span> <span class='ocrx_word' id='word_1_270' title='bbox 1008 971 1180 1020; x_wconf 83' lang='lat' dir='ltr'>cognosci</span> <span class='ocrx_word' id='word_1_271' title='bbox 1211 975 1334 1020; x_wconf 86' lang='lat' dir='ltr'>queat.</span> <span class='ocrx_word' id='word_1_272' title='bbox 1382 972 1520 1008; x_wconf 68' lang='lat' dir='ltr'>Coraes</span> 
     </span>
     <span class='ocr_line' id='line_1_61' title="bbox 857 1027 1521 1078; baseline 0 -14"><span class='ocrx_word' id='word_1_273' title='bbox 857 1028 933 1077; x_wconf 87' lang='lat' dir='ltr'>(ad</span> <span class='ocrx_word' id='word_1_274' title='bbox 959 1029 1175 1078; x_wconf 87' lang='lat' dir='ltr'>Hippocrat.</span> <span class='ocrx_word' id='word_1_275' title='bbox 1208 1027 1267 1065; x_wconf 87' lang='lat' dir='ltr'>De</span> <span class='ocrx_word' id='word_1_276' title='bbox 1295 1040 1368 1065; x_wconf 86' lang='lat' dir='ltr'>aer.</span> <span class='ocrx_word' id='word_1_277' title='bbox 1397 1041 1456 1077; x_wconf 91' lang='lat' dir='ltr'>aq.</span> <span class='ocrx_word' id='word_1_278' title='bbox 1484 1031 1521 1065; x_wconf 91' lang='lat' dir='ltr'>et</span> 
     </span>
     <span class='ocr_line' id='line_1_62' title="bbox 854 1084 1522 1134; baseline -0.001 -13"><span class='ocrx_word' id='word_1_279' title='bbox 854 1084 942 1122; x_wconf 93' lang='lat' dir='ltr'>loec.</span> <span class='ocrx_word' id='word_1_280' title='bbox 965 1084 1014 1121; x_wconf 89' lang='lat' dir='ltr'>T.</span> <span class='ocrx_word' id='word_1_281' title='bbox 1036 1084 1070 1121; x_wconf 85' lang='lat' dir='ltr'>ll</span> <span class='ocrx_word' id='word_1_282' title='bbox 1087 1097 1124 1134; x_wconf 92' lang='lat' dir='ltr'>p.</span> <span class='ocrx_word' id='word_1_283' title='bbox 1147 1085 1245 1131; x_wconf 85' lang='lat'><strong>313)</strong></span> <span class='ocrx_word' id='word_1_284' title='bbox 1273 1088 1419 1122; x_wconf 88' lang='lat' dir='ltr'>secutus</span> <span class='ocrx_word' id='word_1_285' title='bbox 1444 1084 1522 1120; x_wconf 88' lang='lat' dir='ltr'>Bii-</span> 
     </span>
     <span class='ocr_line' id='line_1_63' title="bbox 856 1139 1521 1189; baseline -0.003 -11"><span class='ocrx_word' id='word_1_286' title='bbox 856 1141 1060 1189; x_wconf 89' lang='lat' dir='ltr'>schingium</span> <span class='ocrx_word' id='word_1_287' title='bbox 1071 1170 1083 1187; x_wconf 90' lang='lat'>‚</span> <span class='ocrx_word' id='word_1_288' title='bbox 1119 1139 1155 1177; x_wconf 94' lang='lat' dir='ltr'><em>T</em></span> <span class='ocrx_word' id='word_1_289' title='bbox 1154 1144 1295 1177; x_wconf 79' lang='lat' dir='ltr'>artaros</span> <span class='ocrx_word' id='word_1_290' title='bbox 1313 1140 1521 1177; x_wconf 79' lang='lat' dir='ltr'>Budzz‘acos</span> 
     </span>
     <span class='ocr_line' id='line_1_64' title="bbox 856 1198 1521 1247; baseline -0.002 -12"><span class='ocrx_word' id='word_1_291' title='bbox 856 1198 919 1247; x_wconf 90' lang='lat' dir='ltr'>qui</span> <span class='ocrx_word' id='word_1_292' title='bbox 938 1210 1036 1235; x_wconf 88' lang='lat' dir='ltr'>nune</span> <span class='ocrx_word' id='word_1_293' title='bbox 1055 1202 1253 1243; x_wconf 89' lang='lat' dir='ltr'>vocantur,</span> <span class='ocrx_word' id='word_1_294' title='bbox 1293 1198 1521 1234; x_wconf 88' lang='lat' dir='ltr'>Budinorum</span> 
     </span>
     <span class='ocr_line' id='line_1_65' title="bbox 857 1254 1521 1305; baseline -0.003 -13"><span class='ocrx_word' id='word_1_295' title='bbox 857 1254 932 1292; x_wconf 89' lang='lat' dir='ltr'>vult</span> <span class='ocrx_word' id='word_1_296' title='bbox 952 1259 1121 1305; x_wconf 90' lang='lat' dir='ltr'>posteros</span> <span class='ocrx_word' id='word_1_297' title='bbox 1144 1267 1236 1292; x_wconf 88' lang='lat' dir='ltr'>esse.</span> <span class='ocrx_word' id='word_1_298' title='bbox 1296 1254 1521 1298; x_wconf 86' lang='lat' dir='ltr'>Quibuscum</span> 
     </span>
     <span class='ocr_line' id='line_1_66' title="bbox 858 1311 1521 1362; baseline -0.003 -13"><span class='ocrx_word' id='word_1_299' title='bbox 858 1312 1105 1358; x_wconf 85' lang='lat' dir='ltr'>conserenda,</span> <span class='ocrx_word' id='word_1_300' title='bbox 1140 1324 1236 1360; x_wconf 92' lang='lat' dir='ltr'>quae</span> <span class='ocrx_word' id='word_1_301' title='bbox 1263 1312 1366 1362; x_wconf 88' lang='lat' dir='ltr'>prius</span> <span class='ocrx_word' id='word_1_302' title='bbox 1401 1311 1447 1348; x_wconf 93' lang='lat' dir='ltr'>de</span> <span class='ocrx_word' id='word_1_303' title='bbox 1466 1311 1521 1347; x_wconf 89' lang='lat' dir='ltr'>his</span> 
     </span>
     <span class='ocr_line' id='line_1_67' title="bbox 859 1368 1521 1405; baseline -0.002 0"><span class='ocrx_word' id='word_1_304' title='bbox 859 1372 1041 1405; x_wconf 82' lang='lat' dir='ltr'>statuerat</span> <span class='ocrx_word' id='word_1_305' title='bbox 1079 1368 1262 1405; x_wconf 86' lang='lat' dir='ltr'>Gatterer.</span> <span class='ocrx_word' id='word_1_306' title='bbox 1304 1368 1340 1404; x_wconf 91' lang='lat' dir='ltr'>in</span> <span class='ocrx_word' id='word_1_307' title='bbox 1378 1368 1521 1405; x_wconf 90' lang='lat' dir='ltr'>Comm.</span> 
     </span>
     <span class='ocr_line' id='line_1_68' title="bbox 858 1425 1523 1475; baseline 0 -14"><span class='ocrx_word' id='word_1_308' title='bbox 858 1426 994 1462; x_wconf 83' lang='lat' dir='ltr'>Societ.</span> <span class='ocrx_word' id='word_1_309' title='bbox 1026 1426 1131 1462; x_wconf 87' lang='lat' dir='ltr'>Gott.</span> <span class='ocrx_word' id='word_1_310' title='bbox 1157 1425 1244 1462; x_wconf 88' lang='lat' dir='ltr'>XIV</span> <span class='ocrx_word' id='word_1_311' title='bbox 1265 1438 1350 1475; x_wconf 85' lang='lat' dir='ltr'>pag.</span> <span class='ocrx_word' id='word_1_312' title='bbox 1375 1426 1452 1472; x_wconf 83' lang='lat'>33,</span> <span class='ocrx_word' id='word_1_313' title='bbox 1484 1428 1523 1461; x_wconf 87' lang='lat' dir='ltr'>et</span> 
     </span>
     <span class='ocr_line' id='line_1_69' title="bbox 857 1481 1522 1527; baseline -0.003 -8"><span class='ocrx_word' id='word_1_314' title='bbox 857 1482 1059 1519; x_wconf 85' lang='lat' dir='ltr'>Danvillius</span> <span class='ocrx_word' id='word_1_315' title='bbox 1081 1482 1208 1527; x_wconf 75' lang='lat' dir='ltr'>(Mem.</span> <span class='ocrx_word' id='word_1_316' title='bbox 1230 1483 1278 1519; x_wconf 91' lang='lat' dir='ltr'>de</span> <span class='ocrx_word' id='word_1_317' title='bbox 1297 1481 1435 1519; x_wconf 90' lang='lat' dir='ltr'>l‘Acad.</span> <span class='ocrx_word' id='word_1_318' title='bbox 1456 1482 1522 1518; x_wconf 91' lang='lat' dir='ltr'>des</span> 
     </span>
     <span class='ocr_line' id='line_1_70' title="bbox 858 1537 1520 1589; baseline -0.005 -14"><span class='ocrx_word' id='word_1_319' title='bbox 858 1539 1040 1589; x_wconf 85' lang='lat' dir='ltr'>Inscriptt.</span> <span class='ocrx_word' id='word_1_320' title='bbox 1060 1538 1201 1575; x_wconf 86' lang='lat' dir='ltr'><strong>XXXV</strong></span> <span class='ocrx_word' id='word_1_321' title='bbox 1227 1551 1312 1588; x_wconf 87' lang='lat' dir='ltr'>pag.</span> <span class='ocrx_word' id='word_1_322' title='bbox 1336 1538 1418 1579; x_wconf 89' lang='grc'>550</span> <span class='ocrx_word' id='word_1_323' title='bbox 1438 1537 1520 1574; x_wconf 91' lang='lat' dir='ltr'>coll.</span> 
     </span>
     <span class='ocr_line' id='line_1_71' title="bbox 859 1594 1522 1645; baseline -0.008 -10"><span class='ocrx_word' id='word_1_324' title='bbox 859 1594 962 1645; x_wconf 80' lang='lat'>586)</span> <span class='ocrx_word' id='word_1_325' title='bbox 976 1625 986 1642; x_wconf 88' lang='lat'><strong>‚</strong></span> <span class='ocrx_word' id='word_1_326' title='bbox 1031 1596 1095 1644; x_wconf 92' lang='lat' dir='ltr'>qui</span> <span class='ocrx_word' id='word_1_327' title='bbox 1114 1608 1209 1644; x_wconf 88' lang='lat' dir='ltr'>quae</span> <span class='ocrx_word' id='word_1_328' title='bbox 1236 1596 1283 1632; x_wconf 87' lang='lat' dir='ltr'>de</span> <span class='ocrx_word' id='word_1_329' title='bbox 1302 1595 1456 1631; x_wconf 88' lang='lat' dir='ltr'>Budinis</span> <span class='ocrx_word' id='word_1_330' title='bbox 1475 1594 1522 1631; x_wconf 91' lang='lat' dir='ltr'>ab</span> 
     </span>
     <span class='ocr_line' id='line_1_72' title="bbox 858 1651 1523 1701; baseline -0.005 -11"><span class='ocrx_word' id='word_1_331' title='bbox 858 1653 1053 1690; x_wconf 88' lang='lat' dir='ltr'>Herodoto</span> <span class='ocrx_word' id='word_1_332' title='bbox 1071 1655 1108 1689; x_wconf 87' lang='lat' dir='ltr'>et</span> <span class='ocrx_word' id='word_1_333' title='bbox 1129 1652 1196 1688; x_wconf 91' lang='lat' dir='ltr'>hoc</span> <span class='ocrx_word' id='word_1_334' title='bbox 1215 1651 1294 1688; x_wconf 87' lang='lat' dir='ltr'>loco</span> <span class='ocrx_word' id='word_1_335' title='bbox 1314 1655 1351 1689; x_wconf 92' lang='lat' dir='ltr'>et</span> <span class='ocrx_word' id='word_1_336' title='bbox 1372 1651 1523 1701; x_wconf 80' lang='lat' dir='ltr'>potissi-</span> 
     </span>
     <span class='ocr_line' id='line_1_73' title="bbox 859 1708 1523 1755; baseline -0.005 -9"><span class='ocrx_word' id='word_1_337' title='bbox 859 1722 958 1746; x_wconf 89' lang='lat' dir='ltr'>mum</span> <span class='ocrx_word' id='word_1_338' title='bbox 988 1709 1083 1746; x_wconf 87' lang='lat' dir='ltr'>infra</span> <span class='ocrx_word' id='word_1_339' title='bbox 1102 1708 1165 1755; x_wconf 87' lang='lat' dir='ltr'>lV,</span> <span class='ocrx_word' id='word_1_340' title='bbox 1196 1710 1274 1748; x_wconf 81' lang='lat'>108</span> <span class='ocrx_word' id='word_1_341' title='bbox 1304 1709 1523 1755; x_wconf 87' lang='lat' dir='ltr'>referuntur,</span> 
     </span>
     <span class='ocr_line' id='line_1_74' title="bbox 860 1766 1522 1814; baseline -0.002 -12"><span class='ocrx_word' id='word_1_342' title='bbox 860 1767 1010 1814; x_wconf 83' lang='lat' dir='ltr'>egregie</span> <span class='ocrx_word' id='word_1_343' title='bbox 1030 1766 1224 1802; x_wconf 84' lang='lat' dir='ltr'>convenire</span> <span class='ocrx_word' id='word_1_344' title='bbox 1241 1766 1421 1802; x_wconf 82' lang='lat' dir='ltr'>existimat</span> <span class='ocrx_word' id='word_1_345' title='bbox 1441 1777 1522 1801; x_wconf 91' lang='lat' dir='ltr'>cum</span> 
     </span>
     <span class='ocr_line' id='line_1_75' title="bbox 858 1822 1523 1872; baseline -0.003 -13"><span class='ocrx_word' id='word_1_346' title='bbox 858 1823 901 1859; x_wconf 90' lang='lat' dir='ltr'>iis</span> <span class='ocrx_word' id='word_1_347' title='bbox 914 1852 925 1870; x_wconf 88' lang='lat'>‚</span> <span class='ocrx_word' id='word_1_348' title='bbox 956 1835 1051 1872; x_wconf 90' lang='lat' dir='ltr'>quae</span> <span class='ocrx_word' id='word_1_349' title='bbox 1070 1823 1293 1859; x_wconf 87' lang='lat' dir='ltr'>recentiores</span> <span class='ocrx_word' id='word_1_350' title='bbox 1310 1822 1523 1872; x_wconf 86' lang='lat' dir='ltr'>peregrina-</span> 
     </span>
     <span class='ocr_line' id='line_1_76' title="bbox 858 1877 1523 1927; baseline -0.005 -11"><span class='ocrx_word' id='word_1_351' title='bbox 858 1884 958 1917; x_wconf 87' lang='lat' dir='ltr'>tores</span> <span class='ocrx_word' id='word_1_352' title='bbox 993 1880 1040 1916; x_wconf 91' lang='lat' dir='ltr'>de</span> <span class='ocrx_word' id='word_1_353' title='bbox 1064 1879 1327 1916; x_wconf 88' lang='lat' dir='ltr'>Circassiorum</span> <span class='ocrx_word' id='word_1_354' title='bbox 1362 1877 1523 1927; x_wconf 89' lang='lat' dir='ltr'>regioni-</span> 
     </span>
     <span class='ocr_line' id='line_1_77' title="bbox 859 1935 1523 1973; baseline 0 -1"><span class='ocrx_word' id='word_1_355' title='bbox 859 1937 926 1973; x_wconf 87' lang='lat' dir='ltr'>bus</span> <span class='ocrx_word' id='word_1_356' title='bbox 958 1940 994 1973; x_wconf 86' lang='lat' dir='ltr'>et</span> <span class='ocrx_word' id='word_1_357' title='bbox 1025 1940 1123 1973; x_wconf 88' lang='lat' dir='ltr'>terra</span> <span class='ocrx_word' id='word_1_358' title='bbox 1149 1935 1284 1972; x_wconf 84' lang='lat' dir='ltr'>Kuban</span> <span class='ocrx_word' id='word_1_359' title='bbox 1324 1935 1523 1972; x_wconf 89' lang='lat' dir='ltr'>memoriae</span> 
     </span>
     <span class='ocr_line' id='line_1_78' title="bbox 859 1991 1524 2044; baseline -0.005 -14"><span class='ocrx_word' id='word_1_360' title='bbox 859 1993 1102 2044; x_wconf 86' lang='lat' dir='ltr'>prodiderint.</span> <span class='ocrx_word' id='word_1_361' title='bbox 1148 1991 1207 2028; x_wconf 84' lang='lat' dir='ltr'>Ad</span> <span class='ocrx_word' id='word_1_362' title='bbox 1226 1992 1380 2029; x_wconf 86' lang='lat' dir='ltr'>Caucasi</span> <span class='ocrx_word' id='word_1_363' title='bbox 1403 1992 1524 2039; x_wconf 86' lang='lat' dir='ltr'>regio-</span> 
     </span>
     <span class='ocr_line' id='line_1_79' title="bbox 859 2048 1521 2096; baseline -0.003 -9"><span class='ocrx_word' id='word_1_364' title='bbox 859 2063 925 2088; x_wconf 86' lang='lat' dir='ltr'>nes</span> <span class='ocrx_word' id='word_1_365' title='bbox 942 2054 1018 2086; x_wconf 90' lang='lat' dir='ltr'>tum</span> <span class='ocrx_word' id='word_1_366' title='bbox 1037 2053 1142 2086; x_wconf 83' lang='lat' dir='ltr'>erunt</span> <span class='ocrx_word' id='word_1_367' title='bbox 1164 2049 1351 2096; x_wconf 85' lang='lat' dir='ltr'>relegandi</span> <span class='ocrx_word' id='word_1_368' title='bbox 1367 2048 1521 2085; x_wconf 88' lang='lat' dir='ltr'>Budini:</span> 
     </span>
     <span class='ocr_line' id='line_1_80' title="bbox 860 2106 1524 2155; baseline -0.003 -11"><span class='ocrx_word' id='word_1_369' title='bbox 860 2106 1171 2155; x_wconf 84' lang='lat' dir='ltr'>quemadmodum</span> <span class='ocrx_word' id='word_1_370' title='bbox 1229 2106 1313 2142; x_wconf 89' lang='lat' dir='ltr'>olim</span> <span class='ocrx_word' id='word_1_371' title='bbox 1377 2117 1524 2154; x_wconf 86' lang='lat' dir='ltr'>quoque</span> 
     </span>
     <span class='ocr_line' id='line_1_81' title="bbox 859 2161 1523 2212; baseline -0.005 -12"><span class='ocrx_word' id='word_1_372' title='bbox 859 2164 1024 2212; x_wconf 74' lang='lat' dir='ltr'>Bayerus</span> <span class='ocrx_word' id='word_1_373' title='bbox 1045 2162 1219 2200; x_wconf 88' lang='lat' dir='ltr'>voluerat.</span> <span class='ocrx_word' id='word_1_374' title='bbox 1250 2161 1298 2199; x_wconf 92' lang='lat' dir='ltr'>At</span> <span class='ocrx_word' id='word_1_375' title='bbox 1319 2162 1523 2211; x_wconf 80' lang='lat' dir='ltr'>mihiR&#39;op-</span> 
     </span>
     <span class='ocr_line' id='line_1_82' title="bbox 861 2221 1186 2270; baseline 0 -14"><span class='ocrx_word' id='word_1_376' title='bbox 861 2221 960 2270; x_wconf 90' lang='lat' dir='ltr'>penii</span> <span class='ocrx_word' id='word_1_377' title='bbox 983 2224 1019 2256; x_wconf 88' lang='lat' dir='ltr'>et</span> <span class='ocrx_word' id='word_1_378' title='bbox 1039 2232 1186 2265; x_wconf 87' lang='lat' dir='ltr'>eorum,</span> 
     </span>
     <span class='ocr_line' id='line_1_83' title="bbox 861 2277 1525 2324; baseline -0.002 -11"><span class='ocrx_word' id='word_1_379' title='bbox 861 2278 935 2313; x_wconf 88' lang='lat' dir='ltr'>cuti</span> <span class='ocrx_word' id='word_1_380' title='bbox 956 2281 1061 2323; x_wconf 89' lang='lat' dir='ltr'>sunt,</span> <span class='ocrx_word' id='word_1_381' title='bbox 1091 2277 1299 2322; x_wconf 88' lang='lat' dir='ltr'>sententia,</span> <span class='ocrx_word' id='word_1_382' title='bbox 1323 2289 1345 2312; x_wconf 88' lang='lat' dir='ltr'>a</span> <span class='ocrx_word' id='word_1_383' title='bbox 1363 2288 1437 2324; x_wconf 88' lang='lat' dir='ltr'>qua</span> <span class='ocrx_word' id='word_1_384' title='bbox 1457 2288 1525 2312; x_wconf 90' lang='lat' dir='ltr'>nec</span> 
     </span>
     <span class='ocr_line' id='line_1_84' title="bbox 861 2333 1524 2382; baseline -0.005 -11"><span class='ocrx_word' id='word_1_385' title='bbox 861 2333 1060 2379; x_wconf 87' lang='lat' dir='ltr'>Heerenii,</span> <span class='ocrx_word' id='word_1_386' title='bbox 1101 2346 1168 2370; x_wconf 89' lang='lat' dir='ltr'>nec</span> <span class='ocrx_word' id='word_1_387' title='bbox 1195 2333 1417 2382; x_wconf 87' lang='lat' dir='ltr'>reliquorum</span> <span class='ocrx_word' id='word_1_388' title='bbox 1441 2345 1524 2369; x_wconf 89' lang='lat' dir='ltr'>sen-</span> 
     </span>
     <span class='ocr_line' id='line_1_85' title="bbox 861 2389 1525 2440; baseline -0.005 -12"><span class='ocrx_word' id='word_1_389' title='bbox 861 2391 975 2428; x_wconf 89' lang='lat' dir='ltr'>tentia</span> <span class='ocrx_word' id='word_1_390' title='bbox 997 2390 1103 2427; x_wconf 87' lang='lat' dir='ltr'>valde</span> <span class='ocrx_word' id='word_1_391' title='bbox 1121 2390 1283 2437; x_wconf 88' lang='lat' dir='ltr'>recedit,</span> <span class='ocrx_word' id='word_1_392' title='bbox 1313 2389 1525 2440; x_wconf 87' lang='lat' dir='ltr'>praeferen-</span> 
     </span>
     <span class='ocr_line' id='line_1_86' title="bbox 862 2444 1525 2485; baseline -0.008 0"><span class='ocrx_word' id='word_1_393' title='bbox 862 2448 911 2485; x_wconf 91' lang='lat' dir='ltr'>da</span> <span class='ocrx_word' id='word_1_394' title='bbox 948 2448 1102 2485; x_wconf 85' lang='lat' dir='ltr'>videtur.</span> <span class='ocrx_word' id='word_1_395' title='bbox 1156 2447 1223 2484; x_wconf 79' lang='lat' dir='ltr'>Cr.</span> <span class='ocrx_word' id='word_1_396' title='bbox 1253 2446 1409 2484; x_wconf 78' lang='lat' dir='ltr'>conferri</span> <span class='ocrx_word' id='word_1_397' title='bbox 1446 2444 1525 2482; x_wconf 86' lang='lat' dir='ltr'>vult</span> 
     </span>
     <span class='ocr_line' id='line_1_87' title="bbox 863 2501 1524 2553; baseline -0.009 -11"><span class='ocrx_word' id='word_1_398' title='bbox 863 2505 1034 2553; x_wconf 73' lang='lat' dir='ltr'>Gotting.</span> <span class='ocrx_word' id='word_1_399' title='bbox 1057 2503 1147 2541; x_wconf 89' lang='lat' dir='ltr'>Anz.</span> <span class='ocrx_word' id='word_1_400' title='bbox 1171 2505 1279 2544; x_wconf 79' lang='lat'>1823</span> <span class='ocrx_word' id='word_1_401' title='bbox 1299 2501 1418 2543; x_wconf 89' lang='lat' dir='ltr'>nr.75</span> <span class='ocrx_word' id='word_1_402' title='bbox 1438 2514 1524 2551; x_wconf 85' lang='lat' dir='ltr'>pag.</span> 
     </span>
     <span class='ocr_line' id='line_1_88' title="bbox 863 2558 1524 2604; baseline -0.015 -1"><span class='ocrx_word' id='word_1_403' title='bbox 863 2560 959 2602; x_wconf 87' lang='grc'><strong>747.</strong></span> <span class='ocrx_word' id='word_1_404' title='bbox 999 2561 1076 2599; x_wconf 90' lang='lat' dir='ltr'>Ubi</span> <span class='ocrx_word' id='word_1_405' title='bbox 1103 2574 1148 2599; x_wconf 87' lang='lat' dir='ltr'>ex</span> <span class='ocrx_word' id='word_1_406' title='bbox 1170 2561 1321 2598; x_wconf 87' lang='lat' dir='ltr'>historia</span> <span class='ocrx_word' id='word_1_407' title='bbox 1337 2558 1524 2604; x_wconf 78' lang='lat' dir='ltr'>poloniae,</span> 
     </span>
     <span class='ocr_line' id='line_1_89' title="bbox 862 2613 1525 2668; baseline -0.012 -12"><span class='ocrx_word' id='word_1_408' title='bbox 862 2631 960 2668; x_wconf 88' lang='lat' dir='ltr'>quae</span> <span class='ocrx_word' id='word_1_409' title='bbox 997 2622 1145 2656; x_wconf 91' lang='lat' dir='ltr'>auctore</span> <span class='ocrx_word' id='word_1_410' title='bbox 1183 2616 1358 2654; x_wconf 85' lang='lat' dir='ltr'>Bandtke</span> <span class='ocrx_word' id='word_1_411' title='bbox 1390 2613 1525 2663; x_wconf 88' lang='lat' dir='ltr'>prodiit</span> 
     </span>
     <span class='ocr_line' id='line_1_90' title="bbox 864 2669 1525 2718; baseline -0.011 -6"><span class='ocrx_word' id='word_1_412' title='bbox 864 2675 1065 2713; x_wconf 84' lang='lat' dir='ltr'>Cracoviae</span> <span class='ocrx_word' id='word_1_413' title='bbox 1086 2677 1215 2718; x_wconf 77' lang='lat'>1822,</span> <span class='ocrx_word' id='word_1_414' title='bbox 1251 2674 1348 2710; x_wconf 91' lang='lat' dir='ltr'>inter</span> <span class='ocrx_word' id='word_1_415' title='bbox 1368 2670 1437 2708; x_wconf 88' lang='lat' dir='ltr'>alia</span> <span class='ocrx_word' id='word_1_416' title='bbox 1455 2669 1525 2706; x_wconf 87' lang='lat' dir='ltr'>hoc</span> 
     </span>
     <span class='ocr_line' id='line_1_91' title="bbox 863 2726 1523 2783; baseline -0.012 -13"><span class='ocrx_word' id='word_1_417' title='bbox 863 2744 1012 2783; x_wconf 89' lang='lat' dir='ltr'>quoque</span> <span class='ocrx_word' id='word_1_418' title='bbox 1041 2732 1216 2777; x_wconf 84' lang='lat' dir='ltr'>refertur,</span> <span class='ocrx_word' id='word_1_419' title='bbox 1257 2728 1422 2766; x_wconf 90' lang='lat' dir='ltr'>Budinos</span> <span class='ocrx_word' id='word_1_420' title='bbox 1447 2726 1523 2777; x_wconf 89' lang='lat' dir='ltr'>pri-</span> 
     </span>
    </p>
   </div>
   <div class='ocr_carea' id='block_1_10' title="bbox 1238 2220 1588 2269">
    <p class='ocr_par' dir='ltr' id='par_1_10' title="bbox 1238 2220 1588 2269">
     <span class='ocr_line' id='line_1_92' title="bbox 1238 2220 1588 2269; baseline 0 -13"><span class='ocrx_word' id='word_1_421' title='bbox 1238 2220 1302 2268; x_wconf 91' lang='lat' dir='ltr'>qui</span> <span class='ocrx_word' id='word_1_422' title='bbox 1324 2220 1443 2269; x_wconf 88' lang='lat' dir='ltr'>ipsum</span> <span class='ocrx_word' id='word_1_423' title='bbox 1466 2231 1524 2256; x_wconf 86' lang='lat' dir='ltr'>se·</span> <span class='ocrx_word' id='word_1_424' title='bbox 1585 2261 1588 2266; x_wconf 28' lang='lat'>¹</span> 
     </span>
    </p>
   </div>
  </div>
 </body>
</html>
