1863 3256
600 219 940 263 THALIA.

1001 221 1064 258 ΙΙΙ.
1387 230 1469 269 179

197 330 527 389 συναμφότεροι
560 330 632 374 διὰ
667 331 818 384 τρίτου
856 330 972 380 ἔτεος
1013 326 1209 384 ἀγίνεον,
1249 327 1524 386 ἄγινέουσι15

197 404 244 449 δὲ
273 403 344 447 καὶ
374 401 422 445 τὸ
450 402 573 457 μέχρι
603 402 729 457 ἐμεῦ,
761 399 842 445 δύο
864 402 1057 457 χοίνικας
1079 398 1255 455 ἀπύρου
1273 405 1469 456 χρυσίου,

195 475 269 520 καὶ
299 474 524 527 διηκοσίας
554 471 780 529 φάλαγγας
810 472 966 528 ἐβένου
978 504 991 525 ,
1034 472 1107 516 καὶ
1147 471 1273 516 πέντε
1312 475 1472 525 παῖδας

195 547 437 594 Αἰθίοπας,
482 544 553 587 καὶ
585 544 817 600 ἐλέφαντος
847 542 1031 595 ὀδόντας
1068 541 1283 600 μεγάλους
1323 545 1470 588 εἴκοσι.

167 616 366 670 5Κόλχοι
397 616 443 660 δὲ
478 615 684 669 ἐτάξαντο
721 615 763 666 ἐς
795 615 874 672 τὴν
905 614 1098 672 δωρεὴν,
1143 615 1216 659 καὶ
1246 616 1291 659 οἱ
1317 626 1472 670 προσε-

195 824 269 869 δύο
301 829 479 881 χοίνικας
513 824 674 880 α’πύρου
709 844 801 880 χρυ-

139 885 244 937 σίου]
279 899 405 924 aurum
430 899 558 937 purum
581 886 805 935 intelligitur,

138 945 238 993 quod
260 948 400 980 coctum
428 956 501 980 non
529 948 597 989 est,
629 943 736 992 quale
761 956 805 981 ex

138 1001 257 1038 ssuviis
301 1001 469 1038 auriferis
505 1001 699 1049 provenit,
744 1004 806 1037 aut

140 1058 178 1094 in
217 1057 371 1094 desertis
406 1056 584 1094 sabulosis
615 1057 805 1106 reperitur.

141 1114 250 1150 Couf.
282 1118 376 1150 nott.
408 1114 456 1150 ad
485 1114 519 1160 1,
544 1116 610 1153 50.
647 1113 705 1150 De
729 1114 807 1151 auri

140 1170 292 1221 pulvere
301 1170 438 1218 cogitat
449 1169 621 1206 Larcher.
640 1171 687 1207 ob
698 1170 806 1207 elioe-

140 1227 228 1264 nicis
251 1239 458 1263 mensuram
480 1226 694 1263 adhibitam.

198 1315 404 1366 διηκοσίας
458 1310 666 1368 φάλαγγας
717 1314 806 1367 ἐβέ-

140 1371 229 1423 νου]
261 1374 282 1410 i.
305 1386 336 1411 e.
355 1373 520 1410 ducentos
538 1374 636 1410 ebeni
655 1377 806 1411 truncos.

140 1430 224 1467 Vid.
244 1429 305 1477 ΙΙΙ,
328 1430 427 1478 114,
452 1431 513 1466 ubi
534 1435 570 1468 et
591 1431 748 1468 ebenum
770 1434 807 1468 et

141 1486 356 1538 elephantos
388 1488 425 1524 in
455 1486 673 1537 Aethiopiae
702 1488 806 1524 bonis

139 1548 332 1581 memorat.
391 1543 568 1582 Nostrum
587 1544 701 1581 locum
722 1545 808 1581 atti-

141 1601 197 1649 git
226 1600 365 1637 Plinius
393 1601 441 1638 H.
475 1601 524 1638 N.
552 1601 642 1647 Xll,
671 1600 696 1641 4
727 1600 806 1638 coll.

141 1657 310 1693 Eustath.
328 1657 375 1694 ad
400 1658 438 1694 ll.
457 1671 492 1707 p.
507 1656 601 1704 469,
615 1660 639 1696 2
661 1670 689 1694 s.
708 1659 805 1704 357,

142 1715 208 1754 30.
260 1713 369 1763 Apud
391 1714 615 1763 Hesychium
637 1709 807 1765 φαλάγγ,

142 1774 228 1807 sunt
291 1765 511 1822 στρογγύλοι
572 1766 670 1818 ξύλα
738 1769 804 1809 καὶ

143 1822 344 1878 σύμμετρα
367 1833 404 1865 et
428 1829 526 1878 apud
547 1827 668 1864 Schol.
692 1827 807 1878 Apol-

141 1883 215 1920 lon.
233 1883 356 1921 Rhod.
387 1885 430 1930 ll,
454 1884 535 1925 845
564 1879 734 1936 φάλαγξ,
766 1880 809 1923 τὸ

142 1937 331 1991 ἐπίμηκες
348 1940 412 1979 καὶ
427 1938 668 1992 στρογγύλον
688 1937 807 1989 ξύλον

143 2003 180 2035 et
207 2010 302 2046 quae
329 2003 531 2047 sequuntur
561 1999 808 2049 comparanda

141 2066 223 2090 cum
266 2054 307 2090 iis
326 2082 336 2100 ,
377 2067 471 2103 quae
508 2055 607 2105 apud
646 2055 808 2092 Nonium

141 2122 228 2161 pag.
250 2112 325 2151 163
350 2110 539 2160 leguntur:
560 2111 808 2160 „Phalcmgae

143 2168 312 2203 dicuntur
365 2168 479 2206 fustes
520 2173 654 2206 teretes
703 2170 808 2206 etc.“

142 2223 285 2273 Sponte
320 2224 357 2260 in
398 2229 558 2263 mentem
592 2226 693 2263 venit
728 2225 809 2263 No-

143 2285 255 2317 strum
279 2279 453 2318 Planken.

201 2357 414 2408 ἐλέφαντος
433 2355 596 2407 ὀδόντας
615 2357 810 2412 μεγάλους

147 2415 292 2466 εἴκοσι]
325 2417 462 2454 Plinius
486 2419 535 2455 H.
557 2418 605 2456 N.
630 2419 728 2465 Vlll,
762 2421 809 2460 3:

145 2472 324 2511 Praedam
347 2475 414 2524 ipsi
442 2476 479 2511 in
501 2487 542 2512 se
563 2471 809 2524 expetendam

149 2529 263 2567 sciunt
284 2530 397 2567 solam
419 2544 499 2569 esse
529 2532 565 2568 in
586 2533 694 2568 armis
723 2534 808 2580 suis,

148 2597 242 2633 quae
265 2586 350 2624 luha
370 2601 507 2624 cornua
530 2588 706 2639 appellat,
731 2590 809 2627 He-

148 2642 296 2679 rodotus
319 2649 423 2681 tanto
453 2645 638 2694 antiquior
666 2650 701 2682 et
722 2659 810 2683 con-

150 2699 305 2735 suetudo
337 2700 486 2748 melius,
521 2702 692 2739 denteS.“
752 2703 809 2740 Ad

150 2765 259 2801 quem
278 2754 392 2793 locum
413 2771 507 2795 nunc
530 2763 655 2796 monet
676 2759 811 2797 doctis-

149 2810 260 2846 simus
278 2811 419 2850 Cuvier.
438 2810 542 2866 (pag.
557 2813 639 2855 407
656 2828 734 2865 seq.
758 2815 807 2854 T.

149 2865 199 2902 Vl
222 2867 279 2903 ed.
306 2867 570 2924 Panckouck.)‚
597 2876 807 2911 controver-

863 830 952 868 siam
966 830 1013 868 de
1031 833 1163 868 natura
1175 832 1339 869 dentium
1350 830 1527 869 maiorum

863 886 980 935 (Galli
999 892 1129 925 vocant
1147 887 1324 938 defensos)
1343 888 1528 938 elephanti

863 957 980 994 nuper
996 945 1194 981 admodum
1209 946 1320 983 fuisse
1339 946 1528 993 agitatam,

862 1001 1046 1049 lubaeque
1077 1002 1304 1050 opinionem,
1341 1015 1436 1050 quae
1467 1015 1529 1040 ea-

865 1058 948 1094 dem
971 1059 1017 1094 sit
1029 1058 1246 1106 Pausaniae,
1259 1059 1442 1095 invenisse
1461 1071 1530 1108 pa-

863 1118 990 1150 tronos
1040 1114 1096 1150 vel
1146 1115 1339 1152 recentiori
1388 1120 1527 1162 aetate,

865 1183 1086 1219 quamquam
1121 1183 1195 1209 non
1228 1172 1402 1218 dubium,
1440 1172 1528 1222 quin

864 1227 987 1277 potior
1029 1227 1078 1263 sit
1111 1227 1296 1264 Herodoti
1332 1228 1530 1275 sententia,

864 1296 945 1320 cum
968 1296 1095 1320 revera
1119 1284 1190 1321 sint
1212 1285 1351 1331 dentes,
1382 1285 1529 1322 minime

863 1353 1011 1377 cornua.
1055 1340 1160 1377 Ebur
1177 1342 1274 1378 idem
1293 1342 1439 1379 Cuvier.
1462 1342 1530 1378 ad-

865 1397 919 1433 dit
954 1396 1010 1433 vix
1041 1397 1190 1435 differre
1218 1399 1264 1435 ab
1298 1411 1342 1436 ea
1374 1398 1530 1435 materia

862 1454 1051 1500 interiori,
1083 1466 1179 1503 quae
1212 1455 1248 1491 in
1282 1455 1452 1492 dentibus
1473 1456 1530 1491 in-

863 1512 934 1557 sit,
965 1511 1172 1560 dentesque
1200 1511 1278 1548 illos
1298 1513 1454 1549 maiores
1475 1512 1530 1548 in-

864 1573 982 1605 sertos
1013 1580 1095 1605 esse
1124 1568 1177 1604 ori
1199 1569 1329 1605 dentes
1359 1569 1528 1605 incisivos

863 1624 1015 1673 gerenti.
1073 1624 1132 1662 De
1161 1626 1416 1674 magnitudine
1438 1626 1529 1662 den-

862 1682 952 1718 tium
987 1680 1088 1718 Idem
1129 1681 1252 1718 attulit
1287 1683 1529 1720 recentiorum

863 1738 937 1774 duo
957 1739 1179 1785 testimonia,
1195 1739 1293 1775 unde
1311 1743 1415 1788 patet
1437 1739 1529 1775 den-

861 1798 918 1831 tes
938 1794 994 1832 vel
1014 1800 1158 1832 centum
1179 1794 1255 1832 libr.
1275 1795 1448 1845 ponderis
1468 1808 1530 1832 su-

865 1864 1024 1901 perasse.
1084 1851 1310 1902 Elephantos
1343 1852 1380 1888 in
1407 1851 1529 1888 Africa

864 1909 1076 1956 frequentes
1101 1909 1271 1958 reperiri,
1311 1909 1411 1945 unde
1440 1909 1530 1945 ebur

864 1966 1094 2015 potissimum
1121 1965 1168 2001 ad
1201 1965 1388 2015 Europam
1421 1965 1530 2002 fuerit

864 2021 1011 2058 allatum
1033 2035 1100 2071 per
1122 2021 1335 2067 Phoenices,
1366 2021 1529 2072 pluribus

866 2079 1033 2128 exposuit
1050 2079 1092 2115 A.
1116 2079 1163 2114 G.
1186 2079 1233 2116 de
1246 2078 1425 2128 Schlegel.
1448 2079 1526 2115 lnd.

864 2135 962 2173 Bibl.
989 2135 1026 2181 l,
1054 2139 1080 2177 2
1106 2148 1191 2185 pag.
1217 2137 1297 2176 137
1320 2149 1423 2184 seqq.
1449 2135 1524 2175 141

864 2205 988 2241 seqq„
1020 2192 1081 2240 qui
1109 2193 1206 2229 idem
1236 2194 1257 2229 l.
1285 2191 1308 2228 l.
1338 2205 1425 2242 pag.
1450 2190 1528 2231 145

864 2249 1045 2294 observat,
1065 2248 1293 2300 Herodotum
1305 2250 1460 2299 primum
1473 2260 1531 2285 es-

865 2318 904 2342 se
918 2306 1012 2342 inter
1023 2306 1186 2342 Graecos
1205 2306 1416 2355 scriptores,
1430 2305 1530 2354 apud

866 2375 975 2411 quern
1001 2361 1142 2409 ἔλεφας
1162 2363 1210 2399 de
1232 2362 1311 2412 ipso
1332 2362 1530 2412 elephanto

854 2420 1025 2469 positum
1050 2419 1262 2456 inveniatur.

924 2471 1112 2522 ἐτάξαντο
1136 2474 1174 2521 ἐς
1193 2471 1266 2525 τήν
1279 2471 1448 2525 δωρεὴν]
1464 2474 1486 2511 ἰ.
1498 2486 1529 2511 e.

865 2532 1020 2579 „Colchi
1045 2534 1116 2582 ipsi
1142 2531 1212 2583 [se]
1238 2532 1287 2568 ad
1309 2532 1531 2568 donationem

867 2590 1117 2626 ordinaruntf‘
1158 2589 1213 2625 Ita
1235 2588 1391 2626 Wessel.
1417 2588 1531 2624 subii-

867 2648 978 2693 ciens,
1007 2647 1102 2684 ferre
1130 2645 1181 2682 sic
1202 2658 1341 2682 morem
1360 2646 1396 2681 in
1419 2644 1531 2680 ultro-

866 2715 937 2741 nea
959 2703 1083 2740 tributi
1110 2706 1147 2740 et
1166 2702 1344 2739 donorum
1366 2700 1530 2737 collatio-

867 2772 935 2806 ne,
966 2764 1005 2796 ut
1035 2759 1149 2796 infra:
1187 2752 1298 2797 οὗτοι
1331 2752 1387 2795 aiv
1421 2756 1529 2803 δῶρα

866 2812 914 2855 τοὶ
940 2812 1127 2863 ἐτάξαντο
1156 2818 1192 2852 et
1227 2826 1337 2864 supra
1368 2813 1416 2851 13
1448 2807 1529 2862 (ubi

866 2873 940 2911 vid.
963 2870 1074 2923 nott.)
1104 2872 1168 2917 IV,
1187 2870 1254 2943 35*
1277 2868 1369 2909 165.
