1879 3255
409 149 464 189 12

804 150 1274 191 HERODOTI

407 262 538 303 τοῦτο
577 258 623 302 δὲ
663 258 846 309 ποιέων,
891 259 1102 302 ἐπικαλέει
1140 259 1219 304 τόν
1257 276 1301 303 τε
1338 258 1563 304 Διόνυσον
1599 262 1674 304 καὶ

378 337 401 371 3
412 329 492 386 τὴν
524 327 760 386 Οὐρανίην.

820 329 1142 380 ἐπιτελέσαντος
1179 330 1224 373 δὲ
1259 330 1423 374 τούτου
1459 336 1622 383 ταῦτα,
1653 330 1728 375 625

406 400 483 452 τὰς
510 402 652 450 πίστις
680 398 976 455 ποιησάμενος
1007 406 1121 444 τοῖσι
1148 403 1313 456 φίλοισι
1343 407 1566 460 παρεγγυᾷ·
1595 402 1674 446 τὸν

407 472 573 524 ξεῖνον,
602 470 632 527 ἦ
660 471 732 513 καὶ
761 469 840 513 τόν
871 469 1032 522 ἀστὸν,
1062 470 1117 527 ἢν
1146 472 1258 526 πρός
1290 471 1425 517 οἶστὸν
1453 474 1671 529 ποιέηται·

416 544 460 586 οἱ
490 542 535 586 δὲ
566 543 684 597 φίλοι
716 541 787 584 καὶ
819 540 943 584 αὐτοὶ
972 542 1048 593 τὰς
1067 543 1206 594 πίστις
1225 545 1439 587 δικαιεῦσι
1460 544 1674 599 σέβεσθαι.

379 611 639 656 4Διόνυσον
667 611 713 654 δὲ
742 610 853 654 θεὸν
871 616 1043 667 μοῦνον
1072 614 1145 657 καὶ
1174 613 1252 670 τὴν
1275 612 1497 670 Οὐρανίην
1518 612 1673 670 ἡγεῦν-

406 698 478 725 ται
493 679 618 724 εἶναι·
647 682 722 725 καὶ
741 686 831 726 τῶν
847 688 1004 740 τριχῶν
1023 683 1103 740 τὴν
1121 685 1290 741 κουρὴν
1309 687 1532 739 κείρεσθαί
1551 696 1674 740 φασι,

407 751 598 806 κατάπερ
639 751 776 796 αὐτόν
811 753 890 798 τόν
917 754 1141 799 Διόνυσον
1169 755 1405 811 κεκάρθαι·

1453 757 1674 811 κείρονται
1685 760 1731 794 30

407 824 454 867 δὲ
484 822 788 879 περιτρόχαλα,
817 827 1150 882 περιξυροῦντες
1173 825 1279 878 τούς
1305 825 1572 883 κροτάφους.
1602 824 1673 870 οὐ·

350 982 428 1015 ctus
459 976 655 1023 habeatur,
691 975 778 1014 inde
807 975 844 1012 in
876 976 1011 1013 contir-

350 1034 493 1071 mandis
540 1033 750 1070 iuramentis
795 1032 1012 1070 adhibentur

351 1088 515 1138 symbola
532 1088 790 1140 septemplicia.
831 1089 862 1125 V
866 1089 913 1125 id.
934 1089 1014 1126 Wi-

349 1159 427 1183 ner.
464 1145 604 1183 Simon.
630 1145 721 1182 Lex.
748 1145 905 1182 manual.
927 1159 1012 1196 pag.

351 1202 445 1242 941.
462 1223 517 1228 —
546 1202 607 1239 Ad
624 1214 701 1239 voc.
723 1200 1014 1249 ἐπιτελέσαντος

350 1259 446 1296 conf.
468 1257 514 1306 II,
535 1260 587 1298 63
611 1258 698 1308 ibiq.
725 1262 818 1295 nott.

391 1370 591 1423 κείρονται
607 1368 647 1410 δὲ
660 1366 932 1423 περιτρόχαλα,
946 1385 1012 1409 πε-

351 1429 605 1480 ριξυροῦντες
639 1424 733 1472 τούς
762 1424 1010 1480 κροτάφους]

350 1482 548 1535 Perperam
567 1484 598 1520 F
602 1484 801 1521 lorenttnus
831 1498 911 1523 cum
934 1484 1011 1521 aliis

351 1541 591 1590 quibusdam:
643 1536 933 1592 υποτρόχαλα,
975 1545 1013 1577 et

350 1598 460 1648 paulo
516 1601 602 1647 post
657 1597 842 1634 Sancrofti
901 1597 1011 1634 liber:

350 1652 414 1692 ’ὑπ
427 1654 675 1704 οξυροῦντες.
752 1648 1012 1705 περιτρόχαλα

350 1709 458 1747 affert
484 1722 634 1758 quoque
656 1709 807 1746 Photius
832 1711 868 1746 in
888 1709 1011 1746 Lexic.

350 1779 386 1816 p.
407 1767 487 1804 366
509 1765 626 1802 Dobr.
650 1765 718 1802 hoc
741 1766 821 1815 ipso
848 1778 893 1803 ex
920 1765 1011 1802 loco.

350 1821 417 1858 Est
428 1834 512 1858 vero
526 1817 783 1872 περιτρόχαλα
795 1822 1011 1872 κείρεσθαιε

351 1880 388 1914 in
419 1877 527 1914 orbem
557 1878 711 1924 tonderi,
763 1877 871 1928 plane
903 1883 943 1914 ut
974 1878 1013 1914 in

351 1933 533 1971 Plutarch.
563 1933 704 1971 Morall.
732 1934 804 1982 (ΙΙ)
823 1947 907 1984 pag.
929 1936 1007 1973 261

350 1990 396 2027 F.
421 1990 502 2037 (ubi
531 1990 601 2026 vid.
623 1990 878 2038 Wyttenbach.
899 1989 1010 2027 Tum.

351 2045 418 2082 Vll
448 2050 541 2095 part.
567 2048 585 2085 1
608 2047 742 2096 p.1‘7.)
763 2047 862 2096 apud
880 2045 1010 2095 Agath.

352 2102 368 2138 1
390 2116 425 2152 p.
451 2104 496 2140 11
520 2102 575 2148 C.,
597 2102 660 2139 ubi
682 2103 812 2139 Franc.
835 2103 1014 2151 περίτρο-

351 2173 422 2208 χον
445 2154 678 2208 κειρόμενοι.
737 2159 859 2208 Atque
887 2158 1013 2195 Pollux

352 2215 398 2260 ll,
421 2216 472 2253 29
486 2214 578 2251 iuter
593 2220 763 2253 tonsurae
782 2227 916 2263 genera
936 2228 1012 2251 me-

351 2275 470 2308 morat
529 2284 676 2320 quoque
733 2268 1011 2322 περιτρόχαλα;

352 2327 452 2376 quod
479 2340 594 2375 genus
616 2328 765 2364 Athenis
792 2329 925 2364 dictum
954 2328 1010 2363 su-

353 2384 425 2420 isse
454 2384 650 2431 σκαφίον,
701 2397 744 2420 ex
771 2383 954 2432 llesychio
982 2396 1010 2419 s.

352 2452 385 2476 v.
406 2440 581 2488 σκαφίον
603 2440 783 2476 discimus.
844 2440 901 2476 Ad
921 2439 1013 2476 hanc

352 2508 439 2534 vero
460 2500 646 2533 tonsuram
664 2494 844 2532 Arabibus
865 2509 1012 2544 quoque

352 2552 558 2590 hominibus
593 2553 762 2589 usitatam
794 2552 1011 2600 U'esseling.

353 2610 466 2647 refert
503 2608 675 2646 lereiniae
703 2609 817 2646 verba
841 2609 904 2654 lx,
937 2610 1010 2647 26:

354 2676 440 2718 Πῐξὶᾒ
455 2673 573 2714 ’ἦς-ἢκμ-
593 2666 631 2711 (i.
645 2679 676 2702 e.
697 2667 926 2709 circumcisos,
941 2667 1009 2700 cir-

354 2725 545 2759 cumtonsos
567 2713 710 2771 ¹capitis
746 2721 879 2770 angulo
913 2734 941 2757 s.
975 2722 1012 2757 in

354 2778 537 2816 rotundam
571 2780 699 2829 capitis
731 2790 862 2816 comam
888 2777 1011 2814 adton-

1069 976 1153 1025 sos).
1199 976 1251 1013 Et
1277 977 1375 1023 iure,
1406 976 1436 1013 si
1456 976 1602 1026 quidem
1624 975 1733 1026 pleri-

1069 1046 1141 1083 que
1168 1032 1342 1070 Ieremiae
1370 1034 1587 1083 interpretes
1610 1036 1646 1069 et
1669 1044 1731 1069 ve-

1068 1095 1165 1127 teres
1189 1094 1224 1126 et
1246 1090 1464 1126 recentiores
1485 1089 1536 1126 sic
1556 1101 1600 1126 ea
1617 1088 1731 1126 verba

1069 1145 1278 1196 accipienda
1323 1158 1404 1183 esse
1440 1145 1584 1182 docent.
1620 1144 1730 1181 Conf.

1067 1201 1334 1239 Bosenmiiller.
1355 1201 1477 1239 Schol.
1500 1202 1547 1238 ad
1569 1201 1602 1238 h.
1622 1200 1644 1237 l.
1664 1200 1730 1251 (P.

1068 1259 1151 1295 Vlll
1171 1258 1250 1295 Vol.
1270 1258 1284 1294 Ι
1306 1271 1342 1308 p.
1368 1260 1469 1307 303)
1493 1262 1529 1295 et
1548 1258 1645 1294 lahn.
1661 1259 1730 1293 Ar-

1067 1313 1254 1364 chaeolog.
1278 1314 1345 1354 1.2
1373 1328 1409 1365 p.
1426 1317 1514 1356 106.
1564 1315 1731 1357 Quocum

1069 1371 1148 1408 loco
1173 1371 1345 1408 Ieremiae
1366 1371 1395 1407 si
1429 1371 1548 1420 (quod
1571 1383 1629 1408 me
1654 1382 1731 1406 mo-

1068 1429 1145 1464 nuit
1164 1427 1209 1464 F.
1236 1427 1380 1475 Hitzig,
1423 1428 1476 1463 vir
1498 1427 1730 1464 doctissimus

1068 1484 1228 1532 mihique
1243 1482 1500 1532 amicissimus)
1517 1496 1732 1533 comparan-

1068 1545 1126 1577 tur
1146 1540 1307 1577 eiusdem
1329 1540 1528 1590 prophetae
1547 1539 1665 1587 XXV,
1675 1541 1730 1578 23

1069 1602 1104 1633 et
1122 1596 1258 1642 XLIX,
1278 1598 1344 1641 32,
1363 1600 1531 1646 apparet,
1553 1597 1643 1633 haec
1656 1608 1731 1633 non

1069 1653 1139 1689 nisi
1162 1653 1208 1689 de
1224 1651 1406 1689 Arabibus
1431 1653 1613 1701 gentibus,
1635 1664 1731 1701 quae

1069 1710 1105 1745 in
1147 1709 1302 1746 desertis
1345 1709 1529 1756 habitant,
1577 1708 1732 1756 intelligi

1069 1778 1191 1816 posse.
1221 1765 1270 1802 Et
1282 1764 1420 1802 Arabes
1440 1778 1554 1814 usque
1567 1766 1612 1802 ad
1625 1777 1730 1801 suum

1068 1834 1193 1858 aevum
1211 1821 1368 1858 eundem
1388 1826 1558 1858 tonsurae
1579 1822 1729 1858 modum

1069 1889 1231 1915 servasse
1253 1882 1375 1913 monet
1396 1877 1586 1914 Scholia-‚t
1609 1878 1729 1914 Grae-

1068 1946 1129 1971 cus
1147 1934 1183 1969 in
1203 1933 1320 1970 Levit.
1342 1934 1440 1970 XIX.
1488 1934 1585 1981 Iam,
1617 1938 1659 1970 ut
1680 1933 1729 1970 ad

1067 1990 1297 2026 Herodotum
1322 1994 1504 2037 revertar,
1534 1990 1645 2028 verba
1663 2003 1728 2028 πε-

1071 2047 1323 2096 ριξυροῦντες
1364 2042 1457 2092 τούς
1501 2042 1729 2097 κροτάφους

1070 2105 1218 2149 (circum
1244 2106 1394 2151 tempora
1424 2104 1571 2152 capillos
1602 2102 1727 2139 raden-

1070 2162 1138 2205 ίεε,
1180 2159 1374 2207 tondentes)
1409 2160 1533 2197 addita
1559 2160 1730 2196 videntur

1071 2216 1118 2252 de
1158 2215 1360 2262 industria,
1416 2217 1553 2266 quippe
1597 2216 1727 2265 quibus

1069 2276 1194 2308 auctor
1237 2273 1490 2309 antecedentia
1529 2272 1728 2309 accuratius

1069 2328 1233 2377 explicet.
1293 2329 1416 2372 Quare
1438 2329 1582 2365 minime
1607 2341 1650 2365 ex
1673 2329 1728 2365 in-

1068 2389 1356 2433 terpretamento
1399 2390 1524 2421 natum
1571 2385 1729 2435 περιξυ-

1070 2442 1254 2490 ροῦντες,
1301 2442 1424 2490 prouti
1461 2441 1604 2477 sidetur
1642 2439 1728 2477 Val-

1069 2497 1194 2541 cken.·‚
1225 2509 1291 2533 nec
1311 2498 1426 2545 magis
1450 2497 1580 2546 opinor
1599 2509 1727 2533 neces-

1070 2553 1200 2588 sarium
1219 2581 1230 2599 ‚
1281 2554 1411 2590 eodem
1453 2554 1528 2588 viro
1568 2557 1728 2598 auctore,

1068 2609 1225 2645 scribere
1244 2607 1353 2659 πέριξ
1381 2610 1609 2658 ξυρεῦντες,
1645 2622 1726 2646 cum

1069 2666 1372 2714 περιξυροῦντες
1411 2679 1484 2702 non
1525 2666 1568 2701 sit
1610 2666 1727 2702 forma

1068 2720 1201 2758 Ionica.
1225 2722 1283 2757 Ad
1302 2735 1403 2758 usum
1417 2721 1513 2759 vocis
1533 2719 1642 2771 πέριξ
1663 2721 1727 2759 Tu

1068 2778 1163 2815 cons.
1183 2777 1229 2825 V,
1245 2779 1309 2818 87.
1339 2778 1427 2820 115.
1459 2791 1505 2816 ne
1533 2777 1649 2829 plura.
1670 2799 1726 2806 —-
