<?xml version="1.0" encoding="UTF-8"?>
<!DOCTYPE html PUBLIC "-//W3C//DTD XHTML 1.0 Transitional//EN"
    "http://www.w3.org/TR/xhtml1/DTD/xhtml1-transitional.dtd">
<html xmlns="http://www.w3.org/1999/xhtml" xml:lang="en" lang="en">
 <head>
  <title>
</title>
<meta http-equiv="Content-Type" content="text/html;charset=utf-8" />
  <meta name='ocr-system' content='tesseract 3.04.00' />
  <meta name='ocr-capabilities' content='ocr_page ocr_carea ocr_par ocr_line ocrx_word'/>
</head>
<body>
  <div class='ocr_page' id='page_1' title='image "./musaeher02hero/musaeher02hero_0116.png"; bbox 0 0 1946 3272; ppageno 0'>
   <div class='ocr_carea' id='block_1_1' title="bbox 101 655 435 725">
    <p class='ocr_par' dir='ltr' id='par_1_1' title="bbox 101 655 435 725">
     <span class='ocr_line' id='line_1_1' title="bbox 101 655 373 688; baseline 0.011 -7"><span class='ocrx_word' id='word_1_1' title='bbox 101 655 201 688; x_wconf 77' lang='lat' dir='ltr'><strong>Opera</strong></span> <span class='ocrx_word' id='word_1_2' title='bbox 228 656 287 684; x_wconf 77' lang='lat' dir='ltr'><strong>tria</strong></span> <span class='ocrx_word' id='word_1_3' title='bbox 314 665 373 684; x_wconf 83' lang='lat' dir='ltr'><strong>ma-</strong></span> 
     </span>
     <span class='ocr_line' id='line_1_2' title="bbox 101 689 435 725; baseline 0.021 -11"><span class='ocrx_word' id='word_1_4' title='bbox 101 689 180 715; x_wconf 78' lang='lat' dir='ltr'><strong>xima</strong></span> <span class='ocrx_word' id='word_1_5' title='bbox 214 691 243 716; x_wconf 89' lang='lat' dir='ltr'><strong>in</strong></span> <span class='ocrx_word' id='word_1_6' title='bbox 276 690 377 725; x_wconf 74' lang='lat' dir='ltr'><strong>Sanno,</strong></span> <span class='ocrx_word' id='word_1_7' title='bbox 394 720 410 721; x_wconf 27' lang='lat' dir='ltr'><strong><em>J</em></strong></span> <span class='ocrx_word' id='word_1_8' title='bbox 432 720 435 721; x_wconf 18' lang='grc' dir='ltr'><em>ι</em></span> 
     </span>
    </p>
   </div>
   <div class='ocr_carea' id='block_1_2' title="bbox 447 169 1306 211">
    <p class='ocr_par' dir='ltr' id='par_1_2' title="bbox 447 169 1306 211">
     <span class='ocr_line' id='line_1_3' title="bbox 447 169 1306 211; baseline 0.007 -5"><span class='ocrx_word' id='word_1_9' title='bbox 447 169 529 206; x_wconf 82' lang='grc'><strong>106</strong></span> <span class='ocrx_word' id='word_1_10' title='bbox 835 172 1306 211; x_wconf 89' lang='lat' dir='ltr'>HERODOTI</span> 
     </span>
    </p>
   </div>
   <div class='ocr_carea' id='block_1_3' title="bbox 307 277 1761 637">
    <p class='ocr_par' dir='ltr' id='par_1_3' title="bbox 412 277 1761 549">
     <span class='ocr_line' id='line_1_4' title="bbox 412 277 1761 341; baseline 0.007 -24"><span class='ocrx_word' id='word_1_11' title='bbox 412 277 595 319; x_wconf 85' lang='grc' dir='ltr'><em>4Ταῦτα</em></span> <span class='ocrx_word' id='word_1_12' title='bbox 625 277 670 320; x_wconf 79' lang='grc' dir='ltr'><strong>δὲ</strong></span> <span class='ocrx_word' id='word_1_13' title='bbox 701 278 910 335; x_wconf 82' lang='grc' dir='ltr'><em>ἐποίησαν</em></span> <span class='ocrx_word' id='word_1_14' title='bbox 939 280 1119 335; x_wconf 73' lang='grc' dir='ltr'><em>ἔγκοτον</em></span> <span class='ocrx_word' id='word_1_15' title='bbox 1156 282 1322 337; x_wconf 80' lang='grc' dir='ltr'><em>ἔχοντες</em></span> <span class='ocrx_word' id='word_1_16' title='bbox 1351 284 1559 338; x_wconf 78' lang='grc' dir='ltr'><em>Σαμίοισι</em></span> <span class='ocrx_word' id='word_1_17' title='bbox 1590 288 1706 341; x_wconf 76' lang='grc' dir='ltr'><em>Αἰγι-</em></span> <span class='ocrx_word' id='word_1_18' title='bbox 1720 295 1761 327; x_wconf 77' lang='lat'><strong>85</strong></span> 
     </span>
     <span class='ocr_line' id='line_1_5' title="bbox 437 348 1707 411; baseline 0.008 -22"><span class='ocrx_word' id='word_1_19' title='bbox 437 351 577 402; x_wconf 86' lang='grc' dir='ltr'><em>νῆται.</em></span> <span class='ocrx_word' id='word_1_20' title='bbox 635 348 840 404; x_wconf 76' lang='grc' dir='ltr'><em>πρότεροι</em></span> <span class='ocrx_word' id='word_1_21' title='bbox 868 350 952 404; x_wconf 75' lang='grc' dir='ltr'><strong>γὰρ</strong></span> <span class='ocrx_word' id='word_1_22' title='bbox 974 351 1159 406; x_wconf 78' lang='grc' dir='ltr'><em>Σοῖμιοι,</em></span> <span class='ocrx_word' id='word_1_23' title='bbox 1190 351 1263 395; x_wconf 82' lang='grc' dir='ltr'><strong>ἐπ’</strong></span> <span class='ocrx_word' id='word_1_24' title='bbox 1288 352 1600 409; x_wconf 75' lang='grc' dir='ltr'><em>Ἀμφικράτεος</em></span> <span class='ocrx_word' id='word_1_25' title='bbox 1631 359 1707 411; x_wconf 87' lang='grc' dir='ltr'><strong>βα-</strong></span> 
     </span>
     <span class='ocr_line' id='line_1_6' title="bbox 440 417 1706 480; baseline 0.008 -20"><span class='ocrx_word' id='word_1_26' title='bbox 440 417 690 469; x_wconf 82' lang='grc' dir='ltr'><em>σιλεύοντος</em></span> <span class='ocrx_word' id='word_1_27' title='bbox 729 421 776 462; x_wconf 82' lang='grc' dir='ltr'><em>ἐν</em></span> <span class='ocrx_word' id='word_1_28' title='bbox 805 419 967 478; x_wconf 84' lang='grc' dir='ltr'><em>Σάμῳ,</em></span> <span class='ocrx_word' id='word_1_29' title='bbox 1015 421 1378 478; x_wconf 77' lang='grc' dir='ltr'><em>στρατευσάμενοι</em></span> <span class='ocrx_word' id='word_1_30' title='bbox 1408 423 1474 467; x_wconf 76' lang='grc' dir='ltr'><strong>ἐπ’</strong></span> <span class='ocrx_word' id='word_1_31' title='bbox 1506 429 1706 480; x_wconf 82' lang='grc' dir='ltr'><em>Αἴγιναν,</em></span> 
     </span>
     <span class='ocr_line' id='line_1_7' title="bbox 436 489 1704 549; baseline 0.009 -19"><span class='ocrx_word' id='word_1_32' title='bbox 436 489 600 544; x_wconf 76' lang='grc' dir='ltr'><em>μεγάλα</em></span> <span class='ocrx_word' id='word_1_33' title='bbox 629 491 741 532; x_wconf 83' lang='grc' dir='ltr'><strong><em>κακὰ</em></strong></span> <span class='ocrx_word' id='word_1_34' title='bbox 769 490 977 546; x_wconf 73' lang='grc' dir='ltr'><em>ἐποίησαν</em></span> <span class='ocrx_word' id='word_1_35' title='bbox 1007 494 1262 549; x_wconf 73' lang='grc' dir='ltr'><em>Αἰγινήτας,</em></span> <span class='ocrx_word' id='word_1_36' title='bbox 1311 495 1383 537; x_wconf 86' lang='grc' dir='ltr'><strong>καὶ</strong></span> <span class='ocrx_word' id='word_1_37' title='bbox 1421 496 1588 540; x_wconf 79' lang='grc' dir='ltr'><em>ἔπαθον</em></span> <span class='ocrx_word' id='word_1_38' title='bbox 1628 496 1704 541; x_wconf 83' lang='grc' dir='ltr'><strong>ὑπ’</strong></span> 
     </span>
    </p>

    <p class='ocr_par' dir='ltr' id='par_1_4' title="bbox 307 558 1117 637">
     <span class='ocr_line' id='line_1_8' title="bbox 307 558 1117 637; baseline 0.002 -37"><span class='ocrx_word' id='word_1_39' title='bbox 307 593 375 637; x_wconf 72' lang='grc'><strong>60</strong></span> <span class='ocrx_word' id='word_1_40' title='bbox 435 558 624 601; x_wconf 81' lang='grc' dir='ltr'><strong><em>ἐκείνων.</em></strong></span> <span class='ocrx_word' id='word_1_41' title='bbox 684 561 710 615; x_wconf 84' lang='grc' dir='ltr'><strong><em>ἡ</em></strong></span> <span class='ocrx_word' id='word_1_42' title='bbox 742 560 822 615; x_wconf 80' lang='grc' dir='ltr'><em>μὲν</em></span> <span class='ocrx_word' id='word_1_43' title='bbox 852 563 966 617; x_wconf 83' lang='grc' dir='ltr'><em>αἰτίη</em></span> <span class='ocrx_word' id='word_1_44' title='bbox 996 564 1117 618; x_wconf 85' lang='grc' dir='ltr'><em>αὕτη.</em></span> 
     </span>
    </p>
   </div>
   <div class='ocr_carea' id='block_1_4' title="bbox 377 768 1042 933">
    <p class='ocr_par' dir='ltr' id='par_1_5' title="bbox 377 768 1042 933">
     <span class='ocr_line' id='line_1_9' title="bbox 378 768 1042 820; baseline 0.006 -14"><span class='ocrx_word' id='word_1_45' title='bbox 378 768 494 820; x_wconf 85' lang='lat' dir='ltr'><strong>(cons.</strong></span> <span class='ocrx_word' id='word_1_46' title='bbox 527 783 622 818; x_wconf 84' lang='lat' dir='ltr'><strong>quae</strong></span> <span class='ocrx_word' id='word_1_47' title='bbox 650 770 781 819; x_wconf 81' lang='lat' dir='ltr'>collegi</span> <span class='ocrx_word' id='word_1_48' title='bbox 810 771 845 807; x_wconf 92' lang='lat' dir='ltr'><strong>in</strong></span> <span class='ocrx_word' id='word_1_49' title='bbox 875 770 970 808; x_wconf 89' lang='lat' dir='ltr'><strong>Diss.</strong></span> <span class='ocrx_word' id='word_1_50' title='bbox 995 773 1042 810; x_wconf 83' lang='lat' dir='ltr'><strong>de</strong></span> 
     </span>
     <span class='ocr_line' id='line_1_10' title="bbox 379 825 1040 876; baseline 0.009 -16"><span class='ocrx_word' id='word_1_51' title='bbox 379 825 546 875; x_wconf 84' lang='lat' dir='ltr'><strong>Apolline</strong></span> <span class='ocrx_word' id='word_1_52' title='bbox 566 828 721 863; x_wconf 80' lang='lat' dir='ltr'><strong>Patricio</strong></span> <span class='ocrx_word' id='word_1_53' title='bbox 741 840 824 876; x_wconf 80' lang='lat' dir='ltr'><strong>pag.</strong></span> <span class='ocrx_word' id='word_1_54' title='bbox 847 829 871 867; x_wconf 87' lang='grc'>6</span> <span class='ocrx_word' id='word_1_55' title='bbox 893 833 927 865; x_wconf 90' lang='lat' dir='ltr'><strong>et</strong></span> <span class='ocrx_word' id='word_1_56' title='bbox 954 829 1040 866; x_wconf 86' lang='lat' dir='ltr'><strong>add.</strong></span> 
     </span>
     <span class='ocr_line' id='line_1_11' title="bbox 377 881 1038 933; baseline 0.006 -16"><span class='ocrx_word' id='word_1_57' title='bbox 377 881 540 918; x_wconf 82' lang='lat' dir='ltr'><strong>Boeckh.</strong></span> <span class='ocrx_word' id='word_1_58' title='bbox 561 882 720 933; x_wconf 83' lang='lat' dir='ltr'><strong>Explicc.</strong></span> <span class='ocrx_word' id='word_1_59' title='bbox 743 884 791 919; x_wconf 86' lang='lat' dir='ltr'><strong>ad</strong></span> <span class='ocrx_word' id='word_1_60' title='bbox 811 883 957 920; x_wconf 88' lang='lat' dir='ltr'><strong>Pindar.</strong></span> <span class='ocrx_word' id='word_1_61' title='bbox 977 885 1038 921; x_wconf 94' lang='lat' dir='ltr'><strong>Ol.</strong></span> 
     </span>
    </p>
   </div>
   <div class='ocr_carea' id='block_1_5' title="bbox 362 937 1039 2850">
    <p class='ocr_par' dir='ltr' id='par_1_6' title="bbox 362 937 1039 2850">
     <span class='ocr_line' id='line_1_12' title="bbox 378 937 1037 987; baseline 0.008 -13"><span class='ocrx_word' id='word_1_62' title='bbox 378 938 423 983; x_wconf 82' lang='lat' dir='ltr'><strong>V,</strong></span> <span class='ocrx_word' id='word_1_63' title='bbox 446 939 470 977; x_wconf 86' lang='lat'>9</span> <span class='ocrx_word' id='word_1_64' title='bbox 491 951 526 987; x_wconf 86' lang='lat' dir='ltr'><strong>p.</strong></span> <span class='ocrx_word' id='word_1_65' title='bbox 556 937 647 979; x_wconf 77' lang='lat'><strong>148.</strong></span> <span class='ocrx_word' id='word_1_66' title='bbox 684 938 763 979; x_wconf 80' lang='lat'><strong>149</strong></span> <span class='ocrx_word' id='word_1_67' title='bbox 793 939 870 977; x_wconf 90' lang='lat' dir='ltr'><strong>coll.</strong></span> <span class='ocrx_word' id='word_1_68' title='bbox 902 941 950 977; x_wconf 86' lang='lat' dir='ltr'><strong>ad</strong></span> <span class='ocrx_word' id='word_1_69' title='bbox 976 940 1037 979; x_wconf 86' lang='lat' dir='ltr'><strong>Ol.</strong></span> 
     </span>
     <span class='ocr_line' id='line_1_13' title="bbox 381 994 1038 1045; baseline 0.006 -15"><span class='ocrx_word' id='word_1_70' title='bbox 381 994 447 1030; x_wconf 82' lang='lat' dir='ltr'><strong>Vll</strong></span> <span class='ocrx_word' id='word_1_71' title='bbox 466 1008 501 1044; x_wconf 91' lang='lat' dir='ltr'><strong>p.</strong></span> <span class='ocrx_word' id='word_1_72' title='bbox 522 997 598 1036; x_wconf 88' lang='grc'><strong>171</strong></span> <span class='ocrx_word' id='word_1_73' title='bbox 620 996 738 1044; x_wconf 87' lang='lat' dir='ltr'><strong>seq.),</strong></span> <span class='ocrx_word' id='word_1_74' title='bbox 777 997 827 1032; x_wconf 83' lang='lat' dir='ltr'><strong>ita</strong></span> <span class='ocrx_word' id='word_1_75' title='bbox 846 997 946 1045; x_wconf 88' lang='lat' dir='ltr'><strong>apud</strong></span> <span class='ocrx_word' id='word_1_76' title='bbox 965 996 1038 1034; x_wconf 86' lang='lat' dir='ltr'><strong>Ae-</strong></span> 
     </span>
     <span class='ocr_line' id='line_1_14' title="bbox 376 1051 1039 1098; baseline 0.009 -13"><span class='ocrx_word' id='word_1_77' title='bbox 376 1051 520 1098; x_wconf 73' lang='lat' dir='ltr'><strong>ginetas</strong></span> <span class='ocrx_word' id='word_1_78' title='bbox 556 1054 783 1089; x_wconf 80' lang='lat' dir='ltr'>sanctissime</span> <span class='ocrx_word' id='word_1_79' title='bbox 824 1052 928 1090; x_wconf 71' lang='lat' dir='ltr'><strong>culta.</strong></span> <span class='ocrx_word' id='word_1_80' title='bbox 982 1053 1039 1091; x_wconf 89' lang='lat' dir='ltr'><strong>Tu</strong></span> 
     </span>
     <span class='ocr_line' id='line_1_15' title="bbox 376 1107 1037 1159; baseline 0.008 -17"><span class='ocrx_word' id='word_1_81' title='bbox 376 1107 447 1143; x_wconf 89' lang='lat' dir='ltr'><strong>vid.</strong></span> <span class='ocrx_word' id='word_1_82' title='bbox 472 1108 515 1144; x_wconf 91' lang='lat' dir='ltr'><strong>C.</strong></span> <span class='ocrx_word' id='word_1_83' title='bbox 534 1109 579 1145; x_wconf 92' lang='lat' dir='ltr'><strong>O.</strong></span> <span class='ocrx_word' id='word_1_84' title='bbox 601 1108 735 1146; x_wconf 82' lang='lat' dir='ltr'><strong>Miiller</strong></span> <span class='ocrx_word' id='word_1_85' title='bbox 751 1110 934 1158; x_wconf 86' lang='lat' dir='ltr'><strong>Aeginett.</strong></span> <span class='ocrx_word' id='word_1_86' title='bbox 951 1123 1037 1159; x_wconf 84' lang='lat' dir='ltr'><strong>pag.</strong></span> 
     </span>
     <span class='ocr_line' id='line_1_16' title="bbox 376 1164 1038 1216; baseline 0.005 -16"><span class='ocrx_word' id='word_1_87' title='bbox 376 1164 430 1202; x_wconf 87' lang='grc'><strong>69</strong></span> <span class='ocrx_word' id='word_1_88' title='bbox 448 1176 552 1213; x_wconf 85' lang='lat' dir='ltr'><strong>seqq.</strong></span> <span class='ocrx_word' id='word_1_89' title='bbox 576 1167 655 1205; x_wconf 90' lang='grc'><strong>108</strong></span> <span class='ocrx_word' id='word_1_90' title='bbox 674 1178 777 1214; x_wconf 84' lang='lat' dir='ltr'><strong>seqq.</strong></span> <span class='ocrx_word' id='word_1_91' title='bbox 837 1165 918 1203; x_wconf 89' lang='lat' dir='ltr'><strong>Nec</strong></span> <span class='ocrx_word' id='word_1_92' title='bbox 946 1179 1038 1216; x_wconf 90' lang='lat' dir='ltr'><strong>opus</strong></span> 
     </span>
     <span class='ocr_line' id='line_1_17' title="bbox 374 1220 1039 1270; baseline 0.008 -15"><span class='ocrx_word' id='word_1_93' title='bbox 374 1220 593 1269; x_wconf 81' lang='lat' dir='ltr'><strong>peculiarem</strong></span> <span class='ocrx_word' id='word_1_94' title='bbox 613 1223 813 1270; x_wconf 81' lang='lat' dir='ltr'><strong>’quandam</strong></span> <span class='ocrx_word' id='word_1_95' title='bbox 842 1223 949 1260; x_wconf 90' lang='lat' dir='ltr'><strong>deam</strong></span> <span class='ocrx_word' id='word_1_96' title='bbox 981 1237 1039 1260; x_wconf 89' lang='lat' dir='ltr'><strong>re-</strong></span> 
     </span>
     <span class='ocr_line' id='line_1_18' title="bbox 373 1277 1037 1329; baseline 0.008 -17"><span class='ocrx_word' id='word_1_97' title='bbox 373 1288 451 1312; x_wconf 87' lang='lat' dir='ltr'><strong>rum</strong></span> <span class='ocrx_word' id='word_1_98' title='bbox 480 1277 659 1315; x_wconf 84' lang='lat' dir='ltr'><strong>navalium</strong></span> <span class='ocrx_word' id='word_1_99' title='bbox 682 1278 750 1315; x_wconf 86' lang='lat' dir='ltr'>sibi</span> <span class='ocrx_word' id='word_1_100' title='bbox 774 1279 913 1328; x_wconf 83' lang='lat' dir='ltr'><strong>fingere</strong></span> <span class='ocrx_word' id='word_1_101' title='bbox 930 1292 1037 1329; x_wconf 88' lang='lat' dir='ltr'><strong>prae·</strong></span> 
     </span>
     <span class='ocr_line' id='line_1_19' title="bbox 372 1333 1038 1385; baseline 0.006 -17"><span class='ocrx_word' id='word_1_102' title='bbox 372 1333 512 1379; x_wconf 79' lang='lat' dir='ltr'><strong>sidem3</strong></span> <span class='ocrx_word' id='word_1_103' title='bbox 550 1347 633 1371; x_wconf 89' lang='lat' dir='ltr'><strong>nam</strong></span> <span class='ocrx_word' id='word_1_104' title='bbox 655 1335 755 1384; x_wconf 84' lang='lat' dir='ltr'><strong>quod</strong></span> <span class='ocrx_word' id='word_1_105' title='bbox 773 1348 907 1373; x_wconf 87' lang='lat' dir='ltr'><strong>numen</strong></span> <span class='ocrx_word' id='word_1_106' title='bbox 924 1337 1038 1385; x_wconf 80' lang='lat' dir='ltr'><strong>Aegi-</strong></span> 
     </span>
     <span class='ocr_line' id='line_1_20' title="bbox 371 1390 1037 1439; baseline 0.008 -15"><span class='ocrx_word' id='word_1_107' title='bbox 371 1390 478 1436; x_wconf 81' lang='lat' dir='ltr'><strong>netis,</strong></span> <span class='ocrx_word' id='word_1_108' title='bbox 509 1393 612 1439; x_wconf 86' lang='lat' dir='ltr'><strong>genti</strong></span> <span class='ocrx_word' id='word_1_109' title='bbox 636 1392 671 1427; x_wconf 93' lang='lat' dir='ltr'><strong>in</strong></span> <span class='ocrx_word' id='word_1_110' title='bbox 690 1396 891 1428; x_wconf 85' lang='lat' dir='ltr'><strong>mercatura</strong></span> <span class='ocrx_word' id='word_1_111' title='bbox 911 1393 1037 1430; x_wconf 87' lang='lat' dir='ltr'><strong>rebus-</strong></span> 
     </span>
     <span class='ocr_line' id='line_1_21' title="bbox 371 1448 1036 1499; baseline 0.005 -16"><span class='ocrx_word' id='word_1_112' title='bbox 371 1457 442 1493; x_wconf 89' lang='lat' dir='ltr'><strong>que</strong></span> <span class='ocrx_word' id='word_1_113' title='bbox 471 1448 659 1483; x_wconf 84' lang='lat' dir='ltr'><strong>maritimis</strong></span> <span class='ocrx_word' id='word_1_114' title='bbox 687 1448 794 1484; x_wconf 83' lang='lat' dir='ltr'><strong>valde</strong></span> <span class='ocrx_word' id='word_1_115' title='bbox 822 1455 1036 1499; x_wconf 80' lang='lat' dir='ltr'><strong>occupatae,</strong></span> 
     </span>
     <span class='ocr_line' id='line_1_22' title="bbox 373 1504 1036 1552; baseline 0.006 -14"><span class='ocrx_word' id='word_1_116' title='bbox 373 1504 529 1541; x_wconf 81' lang='lat' dir='ltr'><strong>maxime</strong></span> <span class='ocrx_word' id='word_1_117' title='bbox 545 1505 614 1540; x_wconf 90' lang='lat' dir='ltr'><strong>suit</strong></span> <span class='ocrx_word' id='word_1_118' title='bbox 630 1504 800 1552; x_wconf 84' lang='lat' dir='ltr'><strong>tutelare,</strong></span> <span class='ocrx_word' id='word_1_119' title='bbox 831 1505 907 1542; x_wconf 88' lang='lat' dir='ltr'><strong>eius</strong></span> <span class='ocrx_word' id='word_1_120' title='bbox 927 1507 962 1542; x_wconf 92' lang='lat' dir='ltr'><strong>in</strong></span> <span class='ocrx_word' id='word_1_121' title='bbox 981 1507 1036 1542; x_wconf 81' lang='lat' dir='ltr'><strong>fa-</strong></span> 
     </span>
     <span class='ocr_line' id='line_1_23' title="bbox 370 1561 1034 1610; baseline 0.003 -14"><span class='ocrx_word' id='word_1_122' title='bbox 370 1562 456 1596; x_wconf 83' lang='lat' dir='ltr'><strong>num</strong></span> <span class='ocrx_word' id='word_1_123' title='bbox 476 1565 595 1597; x_wconf 89' lang='lat' dir='ltr'><strong>rostra</strong></span> <span class='ocrx_word' id='word_1_124' title='bbox 619 1561 773 1610; x_wconf 79' lang='lat' dir='ltr'><strong>spoliata</strong></span> <span class='ocrx_word' id='word_1_125' title='bbox 794 1562 905 1598; x_wconf 88' lang='lat' dir='ltr'><strong>fuisse</strong></span> <span class='ocrx_word' id='word_1_126' title='bbox 928 1562 1034 1599; x_wconf 90' lang='lat' dir='ltr'><strong>dedi-</strong></span> 
     </span>
     <span class='ocr_line' id='line_1_24' title="bbox 370 1617 1035 1665; baseline 0.003 -13"><span class='ocrx_word' id='word_1_127' title='bbox 370 1620 474 1663; x_wconf 87' lang='lat' dir='ltr'><strong>cata,</strong></span> <span class='ocrx_word' id='word_1_128' title='bbox 529 1617 619 1665; x_wconf 90' lang='lat' dir='ltr'><strong>quid</strong></span> <span class='ocrx_word' id='word_1_129' title='bbox 668 1617 779 1654; x_wconf 85' lang='lat' dir='ltr'><strong>habet</strong></span> <span class='ocrx_word' id='word_1_130' title='bbox 825 1617 1035 1655; x_wconf 68' lang='lat' dir='ltr'><strong>absonum?</strong></span> 
     </span>
     <span class='ocr_line' id='line_1_25' title="bbox 370 1673 1033 1722; baseline 0.005 -14"><span class='ocrx_word' id='word_1_131' title='bbox 370 1673 524 1709; x_wconf 82' lang='lat' dir='ltr'><strong>Summa</strong></span> <span class='ocrx_word' id='word_1_132' title='bbox 549 1674 643 1710; x_wconf 72' lang='lat' dir='ltr'><strong>enim</strong></span> <span class='ocrx_word' id='word_1_133' title='bbox 663 1674 732 1709; x_wconf 86' lang='lat' dir='ltr'><strong>suit</strong></span> <span class='ocrx_word' id='word_1_134' title='bbox 755 1674 943 1722; x_wconf 78' lang='lat' dir='ltr'><strong>Aeginetis</strong></span> <span class='ocrx_word' id='word_1_135' title='bbox 964 1675 1033 1711; x_wconf 85' lang='lat' dir='ltr'><strong>dea</strong></span> 
     </span>
     <span class='ocr_line' id='line_1_26' title="bbox 369 1729 1032 1779; baseline 0.002 -13"><span class='ocrx_word' id='word_1_136' title='bbox 369 1730 573 1778; x_wconf 85' lang='lat' dir='ltr'><strong>eademque</strong></span> <span class='ocrx_word' id='word_1_137' title='bbox 605 1729 792 1776; x_wconf 81' lang='lat' dir='ltr'><strong>tutelaris,</strong></span> <span class='ocrx_word' id='word_1_138' title='bbox 836 1731 885 1766; x_wconf 91' lang='lat' dir='ltr'><strong>ad</strong></span> <span class='ocrx_word' id='word_1_139' title='bbox 925 1743 1032 1779; x_wconf 86' lang='lat' dir='ltr'><strong>quam</strong></span> 
     </span>
     <span class='ocr_line' id='line_1_27' title="bbox 368 1786 1034 1824; baseline 0.003 -2"><span class='ocrx_word' id='word_1_140' title='bbox 368 1798 512 1823; x_wconf 88' lang='lat' dir='ltr'><strong>omnem</strong></span> <span class='ocrx_word' id='word_1_141' title='bbox 539 1798 642 1822; x_wconf 89' lang='lat' dir='ltr'><strong>suam</strong></span> <span class='ocrx_word' id='word_1_142' title='bbox 671 1786 824 1823; x_wconf 87' lang='lat' dir='ltr'><strong>salutem</strong></span> <span class='ocrx_word' id='word_1_143' title='bbox 851 1788 1034 1824; x_wconf 80' lang='lat' dir='ltr'><strong>referebat</strong></span> 
     </span>
     <span class='ocr_line' id='line_1_28' title="bbox 370 1841 1034 1891; baseline 0.002 -13"><span class='ocrx_word' id='word_1_144' title='bbox 370 1841 630 1891; x_wconf 80' lang='lat' dir='ltr'><strong>Aeginetaruin</strong></span> <span class='ocrx_word' id='word_1_145' title='bbox 652 1855 743 1891; x_wconf 84' lang='lat' dir='ltr'><strong>gens</strong></span> <span class='ocrx_word' id='word_1_146' title='bbox 767 1843 874 1880; x_wconf 85' lang='lat' dir='ltr'><strong>rebus</strong></span> <span class='ocrx_word' id='word_1_147' title='bbox 898 1843 1034 1879; x_wconf 83' lang='lat' dir='ltr'><strong>navali-</strong></span> 
     </span>
     <span class='ocr_line' id='line_1_29' title="bbox 372 1899 1033 1946; baseline 0.003 -12"><span class='ocrx_word' id='word_1_148' title='bbox 372 1899 438 1934; x_wconf 89' lang='lat' dir='ltr'><strong>bus</strong></span> <span class='ocrx_word' id='word_1_149' title='bbox 466 1899 624 1935; x_wconf 86' lang='lat' dir='ltr'><strong>maxime</strong></span> <span class='ocrx_word' id='word_1_150' title='bbox 653 1899 791 1935; x_wconf 87' lang='lat' dir='ltr'><strong>dedita.</strong></span> <span class='ocrx_word' id='word_1_151' title='bbox 851 1899 935 1946; x_wconf 85' lang='lat' dir='ltr'><strong>„Ex</strong></span> <span class='ocrx_word' id='word_1_152' title='bbox 964 1899 1033 1937; x_wconf 93' lang='lat' dir='ltr'><strong>hoc</strong></span> 
     </span>
     <span class='ocr_line' id='line_1_30' title="bbox 370 1954 1032 2004; baseline 0.002 -14"><span class='ocrx_word' id='word_1_153' title='bbox 370 1954 558 1992; x_wconf 89' lang='lat' dir='ltr'><strong>Minervae</strong></span> <span class='ocrx_word' id='word_1_154' title='bbox 573 1954 708 2004; x_wconf 86' lang='lat' dir='ltr'><strong>templo</strong></span> <span class='ocrx_word' id='word_1_155' title='bbox 719 1954 932 2003; x_wconf 85' lang='lat' dir='ltr'><strong>Aeginetico</strong></span> <span class='ocrx_word' id='word_1_156' title='bbox 946 1969 1032 2002; x_wconf 90' lang='lat' dir='ltr'><strong>non,</strong></span> 
     </span>
     <span class='ocr_line' id='line_1_31' title="bbox 371 2011 1031 2058; baseline 0.003 -12"><span class='ocrx_word' id='word_1_157' title='bbox 371 2015 409 2046; x_wconf 90' lang='lat' dir='ltr'><strong>ut</strong></span> <span class='ocrx_word' id='word_1_158' title='bbox 429 2011 547 2048; x_wconf 89' lang='lat' dir='ltr'><strong>adhuc</strong></span> <span class='ocrx_word' id='word_1_159' title='bbox 565 2011 743 2048; x_wconf 89' lang='lat' dir='ltr'><strong>creditum</strong></span> <span class='ocrx_word' id='word_1_160' title='bbox 763 2016 839 2058; x_wconf 88' lang='lat' dir='ltr'><strong>est,</strong></span> <span class='ocrx_word' id='word_1_161' title='bbox 876 2025 921 2049; x_wconf 84' lang='lat' dir='ltr'><strong>ex</strong></span> <span class='ocrx_word' id='word_1_162' title='bbox 937 2012 1031 2048; x_wconf 75' lang='lat' dir='ltr'><strong>lovis</strong></span> 
     </span>
     <span class='ocr_line' id='line_1_32' title="bbox 370 2067 1031 2117; baseline 0.002 -14"><span class='ocrx_word' id='word_1_163' title='bbox 370 2067 597 2104; x_wconf 84' lang='lat' dir='ltr'><strong>Panhellenii</strong></span> <span class='ocrx_word' id='word_1_164' title='bbox 614 2068 726 2114; x_wconf 86' lang='lat' dir='ltr'><strong>fano,</strong></span> <span class='ocrx_word' id='word_1_165' title='bbox 755 2068 859 2117; x_wconf 80' lang='lat' dir='ltr'><strong>signa</strong></span> <span class='ocrx_word' id='word_1_166' title='bbox 881 2068 940 2104; x_wconf 91' lang='lat' dir='ltr'><strong>illa</strong></span> <span class='ocrx_word' id='word_1_167' title='bbox 960 2068 1031 2105; x_wconf 86' lang='lat' dir='ltr'><strong>Ae-</strong></span> 
     </span>
     <span class='ocr_line' id='line_1_33' title="bbox 369 2124 1030 2172; baseline 0.005 -14"><span class='ocrx_word' id='word_1_168' title='bbox 369 2124 548 2171; x_wconf 84' lang='lat' dir='ltr'><strong>ginetica,</strong></span> <span class='ocrx_word' id='word_1_169' title='bbox 594 2136 690 2172; x_wconf 87' lang='lat' dir='ltr'><strong>quae</strong></span> <span class='ocrx_word' id='word_1_170' title='bbox 727 2137 822 2161; x_wconf 89' lang='lat' dir='ltr'><strong>nunc</strong></span> <span class='ocrx_word' id='word_1_171' title='bbox 844 2125 1030 2162; x_wconf 88' lang='lat' dir='ltr'><strong>Monachii</strong></span> 
     </span>
     <span class='ocr_line' id='line_1_34' title="bbox 367 2179 1031 2231; baseline 0.003 -15"><span class='ocrx_word' id='word_1_172' title='bbox 367 2181 403 2216; x_wconf 91' lang='lat' dir='ltr'><strong>in</strong></span> <span class='ocrx_word' id='word_1_173' title='bbox 431 2179 546 2228; x_wconf 86' lang='lat' dir='ltr'><strong>Regis</strong></span> <span class='ocrx_word' id='word_1_174' title='bbox 583 2180 762 2218; x_wconf 86' lang='lat' dir='ltr'><strong>Bavariae</strong></span> <span class='ocrx_word' id='word_1_175' title='bbox 794 2180 1031 2231; x_wconf 84' lang='lat' dir='ltr'><strong>glyptotheca</strong></span> 
     </span>
     <span class='ocr_line' id='line_1_35' title="bbox 365 2241 1028 2284; baseline 0.003 -13"><span class='ocrx_word' id='word_1_176' title='bbox 365 2241 607 2284; x_wconf 74' lang='lat' dir='ltr'><strong>asservantur,</strong></span> <span class='ocrx_word' id='word_1_177' title='bbox 627 2241 731 2273; x_wconf 88' lang='lat' dir='ltr'><strong>eruta</strong></span> <span class='ocrx_word' id='word_1_178' title='bbox 746 2250 826 2275; x_wconf 91' lang='lat' dir='ltr'><strong>esse</strong></span> <span class='ocrx_word' id='word_1_179' title='bbox 842 2250 1028 2274; x_wconf 86' lang='lat' dir='ltr'><strong>common-</strong></span> 
     </span>
     <span class='ocr_line' id='line_1_36' title="bbox 365 2292 1025 2342; baseline 0.003 -14"><span class='ocrx_word' id='word_1_180' title='bbox 365 2293 494 2328; x_wconf 84' lang='lat' dir='ltr'><strong>stravit</strong></span> <span class='ocrx_word' id='word_1_181' title='bbox 514 2292 604 2329; x_wconf 83' lang='lat' dir='ltr'><strong>liber</strong></span> <span class='ocrx_word' id='word_1_182' title='bbox 620 2293 717 2329; x_wconf 86' lang='lat' dir='ltr'><strong>Baro</strong></span> <span class='ocrx_word' id='word_1_183' title='bbox 744 2306 765 2330; x_wconf 92' lang='lat' dir='ltr'><strong>a</strong></span> <span class='ocrx_word' id='word_1_184' title='bbox 784 2293 1025 2342; x_wconf 78' lang='lat' dir='ltr'><strong>Stackelberg</strong></span> 
     </span>
     <span class='ocr_line' id='line_1_37' title="bbox 364 2349 1026 2398; baseline 0.002 -14"><span class='ocrx_word' id='word_1_185' title='bbox 364 2349 400 2385; x_wconf 92' lang='lat' dir='ltr'><strong>in</strong></span> <span class='ocrx_word' id='word_1_186' title='bbox 422 2349 621 2398; x_wconf 83' lang='lat' dir='ltr'><strong>praestanti</strong></span> <span class='ocrx_word' id='word_1_187' title='bbox 638 2362 762 2398; x_wconf 87' lang='lat' dir='ltr'><strong>opere,</strong></span> <span class='ocrx_word' id='word_1_188' title='bbox 784 2351 883 2397; x_wconf 89' lang='lat' dir='ltr'><strong>quod</strong></span> <span class='ocrx_word' id='word_1_189' title='bbox 900 2351 1026 2386; x_wconf 89' lang='lat' dir='ltr'><strong>inscri-</strong></span> 
     </span>
     <span class='ocr_line' id='line_1_38' title="bbox 362 2405 1026 2455; baseline 0.008 -17"><span class='ocrx_word' id='word_1_190' title='bbox 362 2405 477 2441; x_wconf 84' lang='lat' dir='ltr'><strong>bitur:</strong></span> <span class='ocrx_word' id='word_1_191' title='bbox 509 2405 584 2442; x_wconf 90' lang='lat' dir='ltr'><strong>Der</strong></span> <span class='ocrx_word' id='word_1_192' title='bbox 594 2405 860 2455; x_wconf 78' lang='lat' dir='ltr'><strong>Apollotempel</strong></span> <span class='ocrx_word' id='word_1_193' title='bbox 878 2419 922 2443; x_wconf 90' lang='lat' dir='ltr'><strong>zu</strong></span> <span class='ocrx_word' id='word_1_194' title='bbox 934 2407 1026 2443; x_wconf 86' lang='lat' dir='ltr'><strong>Bas-</strong></span> 
     </span>
     <span class='ocr_line' id='line_1_39' title="bbox 365 2461 1024 2509; baseline 0.002 -12"><span class='ocrx_word' id='word_1_195' title='bbox 365 2473 428 2498; x_wconf 89' lang='lat' dir='ltr'><strong>sae</strong></span> <span class='ocrx_word' id='word_1_196' title='bbox 446 2461 482 2497; x_wconf 93' lang='lat' dir='ltr'><strong>in</strong></span> <span class='ocrx_word' id='word_1_197' title='bbox 503 2462 694 2498; x_wconf 85' lang='lat' dir='ltr'><strong>Arcadien.</strong></span> <span class='ocrx_word' id='word_1_198' title='bbox 732 2463 829 2500; x_wconf 89' lang='lat' dir='ltr'><strong>Rom</strong></span> <span class='ocrx_word' id='word_1_199' title='bbox 843 2491 853 2509; x_wconf 90' lang='lat'>‚</span> <span class='ocrx_word' id='word_1_200' title='bbox 878 2464 1024 2503; x_wconf 79' lang='lat'><strong>1826.“</strong></span> 
     </span>
     <span class='ocr_line' id='line_1_40' title="bbox 366 2517 1025 2568; baseline 0.002 -14"><span class='ocrx_word' id='word_1_201' title='bbox 366 2517 432 2554; x_wconf 87' lang='lat' dir='ltr'><strong>Cr.</strong></span> <span class='ocrx_word' id='word_1_202' title='bbox 462 2517 519 2554; x_wconf 90' lang='lat' dir='ltr'><strong>De</strong></span> <span class='ocrx_word' id='word_1_203' title='bbox 531 2518 600 2554; x_wconf 77' lang='lat' dir='ltr'><strong>hoc</strong></span> <span class='ocrx_word' id='word_1_204' title='bbox 612 2517 759 2568; x_wconf 88' lang='lat' dir='ltr'><strong>templo,</strong></span> <span class='ocrx_word' id='word_1_205' title='bbox 781 2519 879 2555; x_wconf 88' lang='lat' dir='ltr'><strong>cuius</strong></span> <span class='ocrx_word' id='word_1_206' title='bbox 893 2519 1025 2556; x_wconf 88' lang='lat' dir='ltr'><strong>rudera</strong></span> 
     </span>
     <span class='ocr_line' id='line_1_41' title="bbox 366 2573 1025 2624; baseline 0.003 -14"><span class='ocrx_word' id='word_1_207' title='bbox 366 2573 560 2624; x_wconf 86' lang='lat' dir='ltr'><strong>splendida</strong></span> <span class='ocrx_word' id='word_1_208' title='bbox 573 2575 690 2610; x_wconf 85' lang='lat' dir='ltr'><strong>adhuc</strong></span> <span class='ocrx_word' id='word_1_209' title='bbox 708 2579 853 2612; x_wconf 81' lang='lat' dir='ltr'><strong>exstant</strong></span> <span class='ocrx_word' id='word_1_210' title='bbox 871 2575 907 2611; x_wconf 89' lang='lat' dir='ltr'><strong>in</strong></span> <span class='ocrx_word' id='word_1_211' title='bbox 922 2575 1025 2621; x_wconf 88' lang='lat' dir='ltr'><strong>colle,</strong></span> 
     </span>
     <span class='ocr_line' id='line_1_42' title="bbox 367 2630 1024 2681; baseline 0.002 -15"><span class='ocrx_word' id='word_1_212' title='bbox 367 2631 463 2667; x_wconf 89' lang='lat' dir='ltr'><strong>unde</strong></span> <span class='ocrx_word' id='word_1_213' title='bbox 483 2630 554 2667; x_wconf 83' lang='lat' dir='ltr'><strong>late</strong></span> <span class='ocrx_word' id='word_1_214' title='bbox 576 2635 677 2680; x_wconf 87' lang='lat' dir='ltr'><strong>patet</strong></span> <span class='ocrx_word' id='word_1_215' title='bbox 693 2636 918 2681; x_wconf 86' lang='lat' dir='ltr'><strong>prospectus,</strong></span> <span class='ocrx_word' id='word_1_216' title='bbox 930 2633 1024 2668; x_wconf 84' lang='lat' dir='ltr'><strong>cons.</strong></span> 
     </span>
     <span class='ocr_line' id='line_1_43' title="bbox 365 2686 1023 2724; baseline 0.002 -1"><span class='ocrx_word' id='word_1_217' title='bbox 365 2687 410 2723; x_wconf 85' lang='lat' dir='ltr'><strong>C.</strong></span> <span class='ocrx_word' id='word_1_218' title='bbox 430 2687 477 2723; x_wconf 91' lang='lat' dir='ltr'><strong>O.</strong></span> <span class='ocrx_word' id='word_1_219' title='bbox 497 2686 638 2724; x_wconf 87' lang='lat' dir='ltr'><strong>Miiller.</strong></span> <span class='ocrx_word' id='word_1_220' title='bbox 672 2687 708 2723; x_wconf 91' lang='lat' dir='ltr'><strong>in</strong></span> <span class='ocrx_word' id='word_1_221' title='bbox 727 2687 876 2724; x_wconf 81' lang='lat' dir='ltr'><strong>Handb.</strong></span> <span class='ocrx_word' id='word_1_222' title='bbox 902 2689 938 2724; x_wconf 87' lang='lat' dir='ltr'><strong>d.</strong></span> <span class='ocrx_word' id='word_1_223' title='bbox 958 2688 1023 2724; x_wconf 86' lang='lat' dir='ltr'><strong>Ar-</strong></span> 
     </span>
     <span class='ocr_line' id='line_1_44' title="bbox 365 2741 1023 2794; baseline 0.002 -15"><span class='ocrx_word' id='word_1_224' title='bbox 365 2741 504 2779; x_wconf 78' lang='lat' dir='ltr'><strong>chaeol.</strong></span> <span class='ocrx_word' id='word_1_225' title='bbox 521 2756 606 2794; x_wconf 84' lang='lat' dir='ltr'><strong>pag.</strong></span> <span class='ocrx_word' id='word_1_226' title='bbox 629 2742 703 2789; x_wconf 89' lang='lat'><strong>57,</strong></span> <span class='ocrx_word' id='word_1_227' title='bbox 734 2745 815 2790; x_wconf 90' lang='lat' dir='ltr'><strong>ubi,</strong></span> <span class='ocrx_word' id='word_1_228' title='bbox 846 2745 946 2793; x_wconf 88' lang='lat' dir='ltr'><strong>quod</strong></span> <span class='ocrx_word' id='word_1_229' title='bbox 965 2744 1023 2781; x_wconf 90' lang='lat' dir='ltr'><strong>Ol.</strong></span> 
     </span>
     <span class='ocr_line' id='line_1_45' title="bbox 367 2798 1024 2850; baseline 0.002 -14"><span class='ocrx_word' id='word_1_230' title='bbox 367 2798 507 2836; x_wconf 89' lang='lat' dir='ltr'>LXXV</span> <span class='ocrx_word' id='word_1_231' title='bbox 527 2805 613 2850; x_wconf 84' lang='lat' dir='ltr'><strong>post</strong></span> <span class='ocrx_word' id='word_1_232' title='bbox 633 2800 820 2837; x_wconf 89' lang='lat' dir='ltr'><strong>victoriam</strong></span> <span class='ocrx_word' id='word_1_233' title='bbox 841 2802 887 2838; x_wconf 86' lang='lat' dir='ltr'><strong>de</strong></span> <span class='ocrx_word' id='word_1_234' title='bbox 906 2800 1024 2839; x_wconf 87' lang='lat' dir='ltr'><strong>Persis</strong></span> 
     </span>
    </p>
   </div>
   <div class='ocr_carea' id='block_1_6' title="bbox 543 628 1703 693">
    <p class='ocr_par' dir='ltr' id='par_1_7' title="bbox 543 628 1703 693">
     <span class='ocr_line' id='line_1_46' title="bbox 543 628 1703 693; baseline 0.009 -22"><span class='ocrx_word' id='word_1_235' title='bbox 543 628 761 685; x_wconf 77' lang='grc' dir='ltr'><em>Ἐμήκυνα</em></span> <span class='ocrx_word' id='word_1_236' title='bbox 791 631 836 674; x_wconf 78' lang='grc' dir='ltr'><strong>δὲ</strong></span> <span class='ocrx_word' id='word_1_237' title='bbox 865 633 963 686; x_wconf 80' lang='grc' dir='ltr'><em>περὶ</em></span> <span class='ocrx_word' id='word_1_238' title='bbox 982 635 1166 689; x_wconf 85' lang='grc' dir='ltr'><strong><em>Σαμίων</em></strong></span> <span class='ocrx_word' id='word_1_239' title='bbox 1184 639 1370 690; x_wconf 78' lang='grc' dir='ltr'><em>μᾶλλον,</em></span> <span class='ocrx_word' id='word_1_240' title='bbox 1403 637 1471 680; x_wconf 80' lang='grc' dir='ltr'><em>ὅτι</em></span> <span class='ocrx_word' id='word_1_241' title='bbox 1497 650 1575 693; x_wconf 86' lang='grc' dir='ltr'><strong>σφι</strong></span> <span class='ocrx_word' id='word_1_242' title='bbox 1607 640 1703 691; x_wconf 79' lang='grc' dir='ltr'><em>τρία</em></span> 
     </span>
    </p>
   </div>
   <div class='ocr_carea' id='block_1_7' title="bbox 1080 776 1760 2849">
    <p class='ocr_par' dir='ltr' id='par_1_8' title="bbox 1096 776 1760 1046">
     <span class='ocr_line' id='line_1_47' title="bbox 1098 776 1759 827; baseline 0.003 -17"><span class='ocrx_word' id='word_1_243' title='bbox 1098 779 1320 824; x_wconf 76' lang='lat' dir='ltr'><strong>reportatam</strong></span> <span class='ocrx_word' id='word_1_244' title='bbox 1343 776 1411 813; x_wconf 92' lang='lat' dir='ltr'><strong>hoc</strong></span> <span class='ocrx_word' id='word_1_245' title='bbox 1431 777 1602 827; x_wconf 81' lang='lat' dir='ltr'><strong>templum</strong></span> <span class='ocrx_word' id='word_1_246' title='bbox 1625 777 1759 826; x_wconf 77' lang='lat' dir='ltr'><strong>proba-</strong></span> 
     </span>
     <span class='ocr_line' id='line_1_48' title="bbox 1099 830 1760 880; baseline 0.005 -15"><span class='ocrx_word' id='word_1_247' title='bbox 1099 830 1216 867; x_wconf 86' lang='lat' dir='ltr'><strong>biliter</strong></span> <span class='ocrx_word' id='word_1_248' title='bbox 1245 835 1466 869; x_wconf 84' lang='lat' dir='ltr'><strong>exstructum</strong></span> <span class='ocrx_word' id='word_1_249' title='bbox 1493 834 1600 880; x_wconf 89' lang='lat' dir='ltr'><strong>dicit,</strong></span> <span class='ocrx_word' id='word_1_250' title='bbox 1636 832 1760 869; x_wconf 84' lang='lat' dir='ltr'><strong>Hero-</strong></span> 
     </span>
     <span class='ocr_line' id='line_1_49' title="bbox 1098 886 1759 934; baseline 0.008 -13"><span class='ocrx_word' id='word_1_251' title='bbox 1098 886 1175 922; x_wconf 82' lang='lat' dir='ltr'><strong>doti</strong></span> <span class='ocrx_word' id='word_1_252' title='bbox 1204 886 1304 924; x_wconf 85' lang='lat' dir='ltr'><strong>locus</strong></span> <span class='ocrx_word' id='word_1_253' title='bbox 1333 889 1567 934; x_wconf 80' lang='lat' dir='ltr'><strong>adversatur,</strong></span> <span class='ocrx_word' id='word_1_254' title='bbox 1608 890 1674 925; x_wconf 82' lang='lat' dir='ltr'><strong>nisi</strong></span> <span class='ocrx_word' id='word_1_255' title='bbox 1710 890 1759 926; x_wconf 87' lang='lat' dir='ltr'><strong>de</strong></span> 
     </span>
     <span class='ocr_line' id='line_1_50' title="bbox 1097 942 1757 995; baseline 0.005 -18"><span class='ocrx_word' id='word_1_256' title='bbox 1097 942 1292 991; x_wconf 87' lang='lat' dir='ltr'><strong>antiquiori</strong></span> <span class='ocrx_word' id='word_1_257' title='bbox 1315 945 1479 982; x_wconf 86' lang='lat' dir='ltr'><strong>eiusdem</strong></span> <span class='ocrx_word' id='word_1_258' title='bbox 1509 946 1602 982; x_wconf 84' lang='lat' dir='ltr'><strong>deae</strong></span> <span class='ocrx_word' id='word_1_259' title='bbox 1623 944 1757 995; x_wconf 82' lang='lat' dir='ltr'><strong>templo</strong></span> 
     </span>
     <span class='ocr_line' id='line_1_51' title="bbox 1096 999 1378 1046; baseline 0.007 -12"><span class='ocrx_word' id='word_1_260' title='bbox 1096 999 1261 1046; x_wconf 85' lang='lat' dir='ltr'><strong>cogitare</strong></span> <span class='ocrx_word' id='word_1_261' title='bbox 1281 999 1378 1036; x_wconf 72' lang='lat' dir='ltr'><strong>velis.</strong></span> 
     </span>
    </p>

    <p class='ocr_par' dir='ltr' id='par_1_9' title="bbox 1089 1054 1759 1828">
     <span class='ocr_line' id='line_1_52' title="bbox 1152 1054 1757 1106; baseline -0.002 -13"><span class='ocrx_word' id='word_1_262' title='bbox 1152 1054 1312 1106; x_wconf 76' lang='grc' dir='ltr'><strong>ἔγκοτον</strong></span> <span class='ocrx_word' id='word_1_263' title='bbox 1334 1055 1497 1106; x_wconf 77' lang='grc' dir='ltr'><em>ἔχοντες]</em></span> <span class='ocrx_word' id='word_1_264' title='bbox 1532 1056 1581 1093; x_wconf 84' lang='grc' dir='ltr'><strong>Η.</strong></span> <span class='ocrx_word' id='word_1_265' title='bbox 1599 1056 1757 1105; x_wconf 86' lang='lat' dir='ltr'><strong>Stepha-</strong></span> 
     </span>
     <span class='ocr_line' id='line_1_53' title="bbox 1096 1108 1759 1162; baseline 0.005 -15"><span class='ocrx_word' id='word_1_266' title='bbox 1096 1123 1143 1148; x_wconf 92' lang='lat' dir='ltr'><strong>no</strong></span> <span class='ocrx_word' id='word_1_267' title='bbox 1162 1113 1403 1161; x_wconf 82' lang='lat' dir='ltr'><strong>praeferenti:</strong></span> <span class='ocrx_word' id='word_1_268' title='bbox 1448 1112 1490 1151; x_wconf 78' lang='grc' dir='ltr'><em>ἐν</em></span> <span class='ocrx_word' id='word_1_269' title='bbox 1509 1108 1629 1151; x_wconf 83' lang='grc' dir='ltr'><em>κότον</em></span> <span class='ocrx_word' id='word_1_270' title='bbox 1650 1111 1759 1162; x_wconf 79' lang='grc' dir='ltr'><em>ἔχον-</em></span> 
     </span>
     <span class='ocr_line' id='line_1_54' title="bbox 1095 1168 1755 1217; baseline 0 -13"><span class='ocrx_word' id='word_1_271' title='bbox 1095 1182 1156 1213; x_wconf 77' lang='grc' dir='ltr'><strong>τες</strong></span> <span class='ocrx_word' id='word_1_272' title='bbox 1177 1169 1408 1217; x_wconf 84' lang='lat' dir='ltr'><strong>refragantur</strong></span> <span class='ocrx_word' id='word_1_273' title='bbox 1428 1169 1463 1205; x_wconf 91' lang='lat' dir='ltr'><strong>hi</strong></span> <span class='ocrx_word' id='word_1_274' title='bbox 1483 1168 1551 1205; x_wconf 89' lang='lat' dir='ltr'><strong>loci</strong></span> <span class='ocrx_word' id='word_1_275' title='bbox 1576 1169 1670 1215; x_wconf 89' lang='lat' dir='ltr'><strong>Vlll,</strong></span> <span class='ocrx_word' id='word_1_276' title='bbox 1690 1170 1755 1208; x_wconf 70' lang='lat'><strong>⁴29.</strong></span> 
     </span>
     <span class='ocr_line' id='line_1_55' title="bbox 1096 1224 1755 1273; baseline 0 -13"><span class='ocrx_word' id='word_1_277' title='bbox 1096 1224 1160 1269; x_wconf 86' lang='lat' dir='ltr'><strong>lX,</strong></span> <span class='ocrx_word' id='word_1_278' title='bbox 1177 1227 1272 1271; x_wconf 88' lang='lat'><strong>109,</strong></span> <span class='ocrx_word' id='word_1_279' title='bbox 1296 1225 1378 1271; x_wconf 87' lang='lat' dir='ltr'><strong>alia,</strong></span> <span class='ocrx_word' id='word_1_280' title='bbox 1402 1238 1495 1273; x_wconf 88' lang='lat' dir='ltr'><strong>quae</strong></span> <span class='ocrx_word' id='word_1_281' title='bbox 1513 1224 1634 1261; x_wconf 82' lang='lat' dir='ltr'><strong>attulit</strong></span> <span class='ocrx_word' id='word_1_282' title='bbox 1646 1224 1755 1261; x_wconf 62' lang='lat' dir='ltr'><strong>Vl‘es-</strong></span> 
     </span>
     <span class='ocr_line' id='line_1_56' title="bbox 1094 1281 1756 1330; baseline -0.002 -12"><span class='ocrx_word' id='word_1_283' title='bbox 1094 1281 1222 1330; x_wconf 86' lang='lat' dir='ltr'><strong>seling.</strong></span> <span class='ocrx_word' id='word_1_284' title='bbox 1273 1282 1370 1318; x_wconf 85' lang='lat' dir='ltr'><strong>Add.</strong></span> <span class='ocrx_word' id='word_1_285' title='bbox 1399 1281 1470 1328; x_wconf 73' lang='lat' dir='ltr'><strong>Vl,</strong></span> <span class='ocrx_word' id='word_1_286' title='bbox 1504 1283 1569 1321; x_wconf 83' lang='lat'><strong>73.</strong></span> <span class='ocrx_word' id='word_1_287' title='bbox 1603 1283 1681 1321; x_wconf 76' lang='lat'><strong>133</strong></span> <span class='ocrx_word' id='word_1_288' title='bbox 1717 1286 1756 1318; x_wconf 89' lang='lat' dir='ltr'><strong>et</strong></span> 
     </span>
     <span class='ocr_line' id='line_1_57' title="bbox 1094 1337 1755 1385; baseline 0 -12"><span class='ocrx_word' id='word_1_289' title='bbox 1094 1338 1189 1373; x_wconf 84' lang='lat' dir='ltr'><strong>conf.</strong></span> <span class='ocrx_word' id='word_1_290' title='bbox 1212 1337 1387 1385; x_wconf 74' lang='lat' dir='ltr'><strong>V111‚27‚</strong></span> <span class='ocrx_word' id='word_1_291' title='bbox 1415 1339 1475 1374; x_wconf 89' lang='lat' dir='ltr'><strong>ubi</strong></span> <span class='ocrx_word' id='word_1_292' title='bbox 1495 1338 1675 1375; x_wconf 88' lang='lat' dir='ltr'><strong>invenitur</strong></span> <span class='ocrx_word' id='word_1_293' title='bbox 1692 1350 1755 1375; x_wconf 91' lang='lat' dir='ltr'><strong>eo-</strong></span> 
     </span>
     <span class='ocr_line' id='line_1_58' title="bbox 1095 1390 1756 1444; baseline 0.002 -15"><span class='ocrx_word' id='word_1_294' title='bbox 1095 1395 1179 1432; x_wconf 85' lang='lat' dir='ltr'><strong>dem</strong></span> <span class='ocrx_word' id='word_1_295' title='bbox 1211 1406 1319 1430; x_wconf 89' lang='lat' dir='ltr'><strong>sensu</strong></span> <span class='ocrx_word' id='word_1_296' title='bbox 1355 1392 1500 1444; x_wconf 80' lang='grc' dir='ltr'><em>ἐνέχειν</em></span> <span class='ocrx_word' id='word_1_297' title='bbox 1537 1390 1679 1443; x_wconf 75' lang='grc' dir='ltr'><em>χόλον,</em></span> <span class='ocrx_word' id='word_1_298' title='bbox 1719 1398 1756 1431; x_wconf 90' lang='lat' dir='ltr'><strong>et</strong></span> 
     </span>
     <span class='ocr_line' id='line_1_59' title="bbox 1093 1446 1754 1497; baseline 0.005 -11"><span class='ocrx_word' id='word_1_299' title='bbox 1093 1450 1244 1487; x_wconf 85' lang='lat' dir='ltr'><strong>Homer.</strong></span> <span class='ocrx_word' id='word_1_300' title='bbox 1266 1450 1302 1486; x_wconf 92' lang='lat' dir='ltr'><strong>ll.</strong></span> <span class='ocrx_word' id='word_1_301' title='bbox 1326 1451 1355 1496; x_wconf 84' lang='grc' dir='ltr'><strong>Ι,</strong></span> <span class='ocrx_word' id='word_1_302' title='bbox 1377 1453 1451 1497; x_wconf 79' lang='lat'><strong>82,</strong></span> <span class='ocrx_word' id='word_1_303' title='bbox 1481 1450 1542 1487; x_wconf 90' lang='lat' dir='ltr'><strong>ubi</strong></span> <span class='ocrx_word' id='word_1_304' title='bbox 1567 1456 1622 1487; x_wconf 86' lang='lat' dir='ltr'><strong>est</strong></span> <span class='ocrx_word' id='word_1_305' title='bbox 1639 1446 1754 1489; x_wconf 81' lang='grc' dir='ltr'><em>κότον</em></span> 
     </span>
     <span class='ocr_line' id='line_1_60' title="bbox 1094 1505 1753 1556; baseline -0.002 -12"><span class='ocrx_word' id='word_1_306' title='bbox 1094 1505 1206 1556; x_wconf 76' lang='grc' dir='ltr'><em>ἔχειν.</em></span> <span class='ocrx_word' id='word_1_307' title='bbox 1257 1506 1326 1542; x_wconf 91' lang='lat' dir='ltr'><strong>Est</strong></span> <span class='ocrx_word' id='word_1_308' title='bbox 1365 1519 1452 1543; x_wconf 89' lang='lat' dir='ltr'><strong>vero</strong></span> <span class='ocrx_word' id='word_1_309' title='bbox 1486 1506 1753 1543; x_wconf 87' lang='lat' dir='ltr'><strong>substantivum</strong></span> 
     </span>
     <span class='ocr_line' id='line_1_61' title="bbox 1095 1561 1752 1612; baseline -0.002 -12"><span class='ocrx_word' id='word_1_310' title='bbox 1095 1561 1271 1612; x_wconf 76' lang='grc' dir='ltr'><em>ἕγκοτος,</em></span> <span class='ocrx_word' id='word_1_311' title='bbox 1307 1564 1389 1608; x_wconf 79' lang='lat' dir='ltr'><strong>ira,</strong></span> <span class='ocrx_word' id='word_1_312' title='bbox 1419 1563 1603 1608; x_wconf 78' lang='lat' dir='ltr'><strong>simultas,</strong></span> <span class='ocrx_word' id='word_1_313' title='bbox 1633 1564 1752 1599; x_wconf 78' lang='lat' dir='ltr'><strong>inimi-</strong></span> 
     </span>
     <span class='ocr_line' id='line_1_62' title="bbox 1093 1615 1752 1671; baseline 0.003 -17"><span class='ocrx_word' id='word_1_314' title='bbox 1093 1621 1191 1655; x_wconf 76' lang='lat' dir='ltr'><strong>citia.</strong></span> <span class='ocrx_word' id='word_1_315' title='bbox 1230 1619 1459 1656; x_wconf 79' lang='lat' dir='ltr'><strong>Adiectivum</strong></span> <span class='ocrx_word' id='word_1_316' title='bbox 1480 1618 1638 1669; x_wconf 76' lang='grc' dir='ltr'><em>ἔγκοτος</em></span> <span class='ocrx_word' id='word_1_317' title='bbox 1658 1615 1752 1671; x_wconf 74' lang='lat' dir='ltr'><strong>(ira-</strong></span> 
     </span>
     <span class='ocr_line' id='line_1_63' title="bbox 1092 1674 1754 1724; baseline 0.003 -13"><span class='ocrx_word' id='word_1_318' title='bbox 1092 1676 1248 1723; x_wconf 74' lang='lat' dir='ltr'><strong>candus)</strong></span> <span class='ocrx_word' id='word_1_319' title='bbox 1266 1680 1385 1713; x_wconf 78' lang='lat' dir='ltr'><strong>exstat</strong></span> <span class='ocrx_word' id='word_1_320' title='bbox 1401 1677 1437 1712; x_wconf 91' lang='lat' dir='ltr'><strong>in</strong></span> <span class='ocrx_word' id='word_1_321' title='bbox 1452 1674 1617 1724; x_wconf 75' lang='lat' dir='ltr'><strong>Aeschyl.</strong></span> <span class='ocrx_word' id='word_1_322' title='bbox 1631 1676 1754 1713; x_wconf 91' lang='lat' dir='ltr'><strong>Choe-</strong></span> 
     </span>
     <span class='ocr_line' id='line_1_64' title="bbox 1089 1731 1749 1782; baseline -0.006 -10"><span class='ocrx_word' id='word_1_323' title='bbox 1089 1731 1192 1782; x_wconf 77' lang='lat' dir='ltr'><strong>phor-</strong></span> <span class='ocrx_word' id='word_1_324' title='bbox 1210 1733 1304 1772; x_wconf 84' lang='lat'><strong>387.</strong></span> <span class='ocrx_word' id='word_1_325' title='bbox 1326 1732 1444 1773; x_wconf 85' lang='lat'><strong>1040.</strong></span> <span class='ocrx_word' id='word_1_326' title='bbox 1458 1733 1535 1772; x_wconf 89' lang='lat'><strong>911</strong></span> <span class='ocrx_word' id='word_1_327' title='bbox 1555 1732 1632 1769; x_wconf 90' lang='lat' dir='ltr'><strong>coll.</strong></span> <span class='ocrx_word' id='word_1_328' title='bbox 1645 1732 1749 1782; x_wconf 86' lang='lat' dir='ltr'><strong>Sept.</strong></span> 
     </span>
     <span class='ocr_line' id='line_1_65' title="bbox 1091 1786 1333 1828; baseline 0 -4"><span class='ocrx_word' id='word_1_329' title='bbox 1091 1802 1120 1824; x_wconf 93' lang='lat' dir='ltr'><strong>c.</strong></span> <span class='ocrx_word' id='word_1_330' title='bbox 1143 1788 1214 1825; x_wconf 91' lang='lat' dir='ltr'><strong>Th.</strong></span> <span class='ocrx_word' id='word_1_331' title='bbox 1239 1786 1333 1828; x_wconf 78' lang='lat'><strong>804.</strong></span> 
     </span>
    </p>

    <p class='ocr_par' dir='ltr' id='par_1_10' title="bbox 1080 1839 1749 2613">
     <span class='ocr_line' id='line_1_66' title="bbox 1146 1839 1748 1894; baseline -0.005 -12"><span class='ocrx_word' id='word_1_332' title='bbox 1146 1839 1330 1894; x_wconf 80' lang='grc' dir='ltr'><em>πρότεροι</em></span> <span class='ocrx_word' id='word_1_333' title='bbox 1349 1840 1423 1894; x_wconf 64' lang='grc' dir='ltr'><strong>γάρ</strong></span> <span class='ocrx_word' id='word_1_334' title='bbox 1438 1839 1586 1893; x_wconf 74' lang='grc' dir='ltr'><em>Σάμιοι</em></span> <span class='ocrx_word' id='word_1_335' title='bbox 1605 1858 1640 1881; x_wconf 88' lang='grc' dir='ltr'><strong>κ.</strong></span> <span class='ocrx_word' id='word_1_336' title='bbox 1653 1859 1684 1881; x_wconf 87' lang='grc' dir='ltr'><strong>τ.</strong></span> <span class='ocrx_word' id='word_1_337' title='bbox 1698 1842 1748 1893; x_wconf 87' lang='grc' dir='ltr'><strong>λ.]</strong></span> 
     </span>
     <span class='ocr_line' id='line_1_67' title="bbox 1088 1899 1749 1948; baseline 0.003 -12"><span class='ocrx_word' id='word_1_338' title='bbox 1088 1900 1193 1937; x_wconf 84' lang='lat' dir='ltr'><strong>Haec</strong></span> <span class='ocrx_word' id='word_1_339' title='bbox 1220 1900 1420 1948; x_wconf 79' lang='lat' dir='ltr'><strong>Polycratis</strong></span> <span class='ocrx_word' id='word_1_340' title='bbox 1449 1905 1607 1937; x_wconf 84' lang='lat' dir='ltr'><strong>aetatem</strong></span> <span class='ocrx_word' id='word_1_341' title='bbox 1639 1899 1749 1948; x_wconf 77' lang='lat' dir='ltr'><strong>longe¹</strong></span> 
     </span>
     <span class='ocr_line' id='line_1_68' title="bbox 1088 1955 1748 2005; baseline 0 -13"><span class='ocrx_word' id='word_1_342' title='bbox 1088 1957 1307 1993; x_wconf 86' lang='lat' dir='ltr'><strong>antecedere</strong></span> <span class='ocrx_word' id='word_1_343' title='bbox 1328 1969 1434 1993; x_wconf 89' lang='lat' dir='ltr'><strong>nemo</strong></span> <span class='ocrx_word' id='word_1_344' title='bbox 1460 1969 1535 1992; x_wconf 92' lang='lat' dir='ltr'><strong>non</strong></span> <span class='ocrx_word' id='word_1_345' title='bbox 1561 1955 1748 2005; x_wconf 82' lang='lat' dir='ltr'><strong>intelligit3</strong></span> 
     </span>
     <span class='ocr_line' id='line_1_69' title="bbox 1089 2012 1747 2062; baseline 0.002 -14"><span class='ocrx_word' id='word_1_346' title='bbox 1089 2025 1204 2061; x_wconf 84' lang='lat' dir='ltr'><strong>quare</strong></span> <span class='ocrx_word' id='word_1_347' title='bbox 1225 2012 1512 2062; x_wconf 88' lang='lat' dir='ltr'><strong>Amphicratem,</strong></span> <span class='ocrx_word' id='word_1_348' title='bbox 1557 2012 1667 2049; x_wconf 89' lang='lat' dir='ltr'><strong>modo</strong></span> <span class='ocrx_word' id='word_1_349' title='bbox 1688 2026 1747 2050; x_wconf 91' lang='lat' dir='ltr'><strong>re-</strong></span> 
     </span>
     <span class='ocr_line' id='line_1_70' title="bbox 1088 2065 1745 2118; baseline 0 -13"><span class='ocrx_word' id='word_1_350' title='bbox 1088 2074 1145 2106; x_wconf 85' lang='lat' dir='ltr'><strong>cte</strong></span> <span class='ocrx_word' id='word_1_351' title='bbox 1173 2065 1358 2118; x_wconf 75' lang='grc' dir='ltr'><em>βασιλεύς</em></span> <span class='ocrx_word' id='word_1_352' title='bbox 1391 2069 1532 2105; x_wconf 89' lang='lat' dir='ltr'><strong>dicatur</strong></span> <span class='ocrx_word' id='word_1_353' title='bbox 1559 2069 1605 2105; x_wconf 91' lang='lat' dir='ltr'><strong>ab</strong></span> <span class='ocrx_word' id='word_1_354' title='bbox 1623 2069 1745 2106; x_wconf 88' lang='lat' dir='ltr'><strong>Hero-</strong></span> 
     </span>
     <span class='ocr_line' id='line_1_71' title="bbox 1087 2125 1746 2174; baseline 0.002 -13"><span class='ocrx_word' id='word_1_355' title='bbox 1087 2126 1201 2170; x_wconf 86' lang='lat' dir='ltr'><strong>doto,</strong></span> <span class='ocrx_word' id='word_1_356' title='bbox 1252 2125 1410 2173; x_wconf 89' lang='lat' dir='ltr'><strong>antiquis</strong></span> <span class='ocrx_word' id='word_1_357' title='bbox 1444 2125 1545 2162; x_wconf 90' lang='lat' dir='ltr'><strong>Sami</strong></span> <span class='ocrx_word' id='word_1_358' title='bbox 1585 2126 1746 2174; x_wconf 84' lang='lat' dir='ltr'><strong>regibus,</strong></span> 
     </span>
     <span class='ocr_line' id='line_1_72' title="bbox 1088 2181 1744 2230; baseline 0 -13"><span class='ocrx_word' id='word_1_359' title='bbox 1088 2181 1205 2218; x_wconf 85' lang='lat' dir='ltr'><strong>Procli</strong></span> <span class='ocrx_word' id='word_1_360' title='bbox 1224 2181 1489 2230; x_wconf 82' lang='lat' dir='ltr'><strong>Leogoraeque</strong></span> <span class='ocrx_word' id='word_1_361' title='bbox 1515 2182 1744 2219; x_wconf 89' lang='lat' dir='ltr'><strong>adnumerari</strong></span> 
     </span>
     <span class='ocr_line' id='line_1_73' title="bbox 1086 2237 1745 2287; baseline 0.006 -14"><span class='ocrx_word' id='word_1_362' title='bbox 1086 2238 1162 2274; x_wconf 88' lang='lat' dir='ltr'><strong>vult</strong></span> <span class='ocrx_word' id='word_1_363' title='bbox 1191 2239 1235 2274; x_wconf 87' lang='lat' dir='ltr'><strong>C.</strong></span> <span class='ocrx_word' id='word_1_364' title='bbox 1259 2238 1306 2274; x_wconf 88' lang='lat' dir='ltr'><strong>O.</strong></span> <span class='ocrx_word' id='word_1_365' title='bbox 1323 2237 1454 2275; x_wconf 85' lang='lat' dir='ltr'><strong>Miiller</strong></span> <span class='ocrx_word' id='word_1_366' title='bbox 1472 2238 1494 2276; x_wconf 91' lang='lat' dir='ltr'><strong>l.</strong></span> <span class='ocrx_word' id='word_1_367' title='bbox 1522 2237 1544 2274; x_wconf 91' lang='lat' dir='ltr'><strong>l.</strong></span> <span class='ocrx_word' id='word_1_368' title='bbox 1571 2250 1657 2287; x_wconf 84' lang='lat' dir='ltr'><strong>pag.</strong></span> <span class='ocrx_word' id='word_1_369' title='bbox 1677 2240 1745 2283; x_wconf 87' lang='lat'><strong>67,</strong></span> 
     </span>
     <span class='ocr_line' id='line_1_74' title="bbox 1082 2294 1743 2344; baseline 0.003 -15"><span class='ocrx_word' id='word_1_370' title='bbox 1082 2294 1299 2344; x_wconf 75' lang='lat' dir='ltr'><strong>praesertim</strong></span> <span class='ocrx_word' id='word_1_371' title='bbox 1313 2307 1392 2330; x_wconf 90' lang='lat' dir='ltr'><strong>cum</strong></span> <span class='ocrx_word' id='word_1_372' title='bbox 1410 2294 1481 2330; x_wconf 90' lang='lat' dir='ltr'><strong>iam</strong></span> <span class='ocrx_word' id='word_1_373' title='bbox 1498 2299 1584 2331; x_wconf 85' lang='lat' dir='ltr'><strong>ante</strong></span> <span class='ocrx_word' id='word_1_374' title='bbox 1595 2294 1743 2344; x_wconf 82' lang='lat' dir='ltr'><strong>Olymp.</strong></span> 
     </span>
     <span class='ocr_line' id='line_1_75' title="bbox 1083 2350 1744 2388; baseline 0.002 -1"><span class='ocrx_word' id='word_1_375' title='bbox 1083 2350 1151 2387; x_wconf 75' lang='lat' dir='ltr'><strong>XL</strong></span> <span class='ocrx_word' id='word_1_376' title='bbox 1176 2351 1309 2387; x_wconf 84' lang='lat' dir='ltr'><strong>Samus</strong></span> <span class='ocrx_word' id='word_1_377' title='bbox 1345 2354 1425 2387; x_wconf 86' lang='lat' dir='ltr'><strong>arte</strong></span> <span class='ocrx_word' id='word_1_378' title='bbox 1467 2355 1502 2386; x_wconf 83' lang='lat' dir='ltr'><strong>et</strong></span> <span class='ocrx_word' id='word_1_379' title='bbox 1540 2356 1744 2388; x_wconf 83' lang='lat' dir='ltr'><strong>mercatura</strong></span> 
     </span>
     <span class='ocr_line' id='line_1_76' title="bbox 1080 2406 1743 2444; baseline 0.003 -2"><span class='ocrx_word' id='word_1_380' title='bbox 1080 2407 1187 2443; x_wconf 80' lang='lat' dir='ltr'><strong>valde</strong></span> <span class='ocrx_word' id='word_1_381' title='bbox 1219 2406 1391 2444; x_wconf 78' lang='lat' dir='ltr'><strong>floruerit.</strong></span> <span class='ocrx_word' id='word_1_382' title='bbox 1443 2406 1539 2442; x_wconf 85' lang='lat' dir='ltr'><strong>Add.</strong></span> <span class='ocrx_word' id='word_1_383' title='bbox 1576 2406 1743 2444; x_wconf 82' lang='lat' dir='ltr'><strong>Panofka</strong></span> 
     </span>
     <span class='ocr_line' id='line_1_77' title="bbox 1082 2463 1742 2513; baseline 0.005 -15"><span class='ocrx_word' id='word_1_384' title='bbox 1082 2463 1254 2499; x_wconf 89' lang='lat' dir='ltr'><strong>Samiorr.</strong></span> <span class='ocrx_word' id='word_1_385' title='bbox 1277 2463 1351 2500; x_wconf 89' lang='lat' dir='ltr'><strong>Res</strong></span> <span class='ocrx_word' id='word_1_386' title='bbox 1370 2477 1404 2513; x_wconf 90' lang='lat' dir='ltr'><strong>p.</strong></span> <span class='ocrx_word' id='word_1_387' title='bbox 1417 2465 1484 2509; x_wconf 83' lang='lat'><strong>26,</strong></span> <span class='ocrx_word' id='word_1_388' title='bbox 1505 2463 1567 2511; x_wconf 91' lang='lat' dir='ltr'><strong>qui</strong></span> <span class='ocrx_word' id='word_1_389' title='bbox 1587 2464 1645 2499; x_wconf 88' lang='lat' dir='ltr'><strong>vix</strong></span> <span class='ocrx_word' id='word_1_390' title='bbox 1658 2469 1742 2501; x_wconf 87' lang='lat' dir='ltr'><strong>ante</strong></span> 
     </span>
     <span class='ocr_line' id='line_1_78' title="bbox 1082 2518 1742 2569; baseline 0.005 -15"><span class='ocrx_word' id='word_1_391' title='bbox 1082 2518 1142 2555; x_wconf 91' lang='lat' dir='ltr'><strong>Ol.</strong></span> <span class='ocrx_word' id='word_1_392' title='bbox 1164 2519 1268 2555; x_wconf 84' lang='lat' dir='ltr'><strong>XXV</strong></span> <span class='ocrx_word' id='word_1_393' title='bbox 1288 2520 1555 2569; x_wconf 88' lang='lat' dir='ltr'><strong>Amphicratem</strong></span> <span class='ocrx_word' id='word_1_394' title='bbox 1582 2519 1742 2568; x_wconf 83' lang='lat' dir='ltr'><strong>Aegine-</strong></span> 
     </span>
     <span class='ocr_line' id='line_1_79' title="bbox 1083 2575 1621 2613; baseline 0 -2"><span class='ocrx_word' id='word_1_395' title='bbox 1083 2575 1130 2611; x_wconf 87' lang='lat' dir='ltr'><strong>tis</strong></span> <span class='ocrx_word' id='word_1_396' title='bbox 1150 2575 1280 2612; x_wconf 87' lang='lat' dir='ltr'><strong>bellum</strong></span> <span class='ocrx_word' id='word_1_397' title='bbox 1300 2575 1465 2613; x_wconf 87' lang='lat' dir='ltr'><strong>intulisse</strong></span> <span class='ocrx_word' id='word_1_398' title='bbox 1483 2576 1621 2612; x_wconf 83' lang='lat' dir='ltr'><strong>statuit.</strong></span> 
     </span>
    </p>

    <p class='ocr_par' dir='ltr' id='par_1_11' title="bbox 1303 2631 1525 2682">
     <span class='ocr_line' id='line_1_80' title="bbox 1303 2631 1525 2682; baseline -0.005 -14"><span class='ocrx_word' id='word_1_399' title='bbox 1303 2632 1334 2668; x_wconf 94' lang='lat' dir='ltr'>C</span> <span class='ocrx_word' id='word_1_400' title='bbox 1347 2645 1367 2668; x_wconf 91' lang='lat' dir='ltr'><strong>a</strong></span> <span class='ocrx_word' id='word_1_401' title='bbox 1379 2646 1414 2682; x_wconf 89' lang='lat' dir='ltr'><strong>p.</strong></span> <span class='ocrx_word' id='word_1_402' title='bbox 1446 2631 1525 2668; x_wconf 81' lang='lat' dir='ltr'><strong>Lx.</strong></span> 
     </span>
    </p>

    <p class='ocr_par' dir='ltr' id='par_1_12' title="bbox 1081 2683 1740 2849">
     <span class='ocr_line' id='line_1_81' title="bbox 1137 2683 1740 2739; baseline 0.002 -13"><span class='ocrx_word' id='word_1_403' title='bbox 1137 2683 1341 2739; x_wconf 79' lang='grc' dir='ltr'><em>Ἐμήκυνα</em></span> <span class='ocrx_word' id='word_1_404' title='bbox 1379 2686 1421 2727; x_wconf 83' lang='grc' dir='ltr'><strong>δὲ</strong></span> <span class='ocrx_word' id='word_1_405' title='bbox 1457 2687 1545 2738; x_wconf 75' lang='grc' dir='ltr'><strong>περὶ</strong></span> <span class='ocrx_word' id='word_1_406' title='bbox 1575 2689 1740 2739; x_wconf 84' lang='grc' dir='ltr'><em>Σαμίων</em></span> 
     </span>
     <span class='ocr_line' id='line_1_82' title="bbox 1083 2741 1738 2795; baseline 0.003 -13"><span class='ocrx_word' id='word_1_407' title='bbox 1083 2746 1252 2794; x_wconf 71' lang='grc' dir='ltr'><em>μᾶλλον,</em></span> <span class='ocrx_word' id='word_1_408' title='bbox 1290 2741 1350 2783; x_wconf 62' lang='grc' dir='ltr'><em>’ὁτι</em></span> <span class='ocrx_word' id='word_1_409' title='bbox 1378 2757 1450 2794; x_wconf 85' lang='grc' dir='ltr'><em>σφι</em></span> <span class='ocrx_word' id='word_1_410' title='bbox 1469 2745 1557 2795; x_wconf 80' lang='grc' dir='ltr'><em>τρία</em></span> <span class='ocrx_word' id='word_1_411' title='bbox 1581 2760 1614 2783; x_wconf 83' lang='grc' dir='ltr'><strong>κ.</strong></span> <span class='ocrx_word' id='word_1_412' title='bbox 1635 2760 1667 2784; x_wconf 90' lang='grc' dir='ltr'><strong>τ.</strong></span> <span class='ocrx_word' id='word_1_413' title='bbox 1686 2743 1738 2795; x_wconf 58' lang='lat' dir='ltr'><strong>L]</strong></span> 
     </span>
     <span class='ocr_line' id='line_1_83' title="bbox 1081 2798 1738 2849; baseline 0.002 -11"><span class='ocrx_word' id='word_1_414' title='bbox 1081 2798 1296 2839; x_wconf 86' lang='lat' dir='ltr'><strong>Aristoteles</strong></span> <span class='ocrx_word' id='word_1_415' title='bbox 1323 2802 1453 2849; x_wconf 81' lang='lat' dir='ltr'><strong>(Polit.</strong></span> <span class='ocrx_word' id='word_1_416' title='bbox 1474 2803 1520 2849; x_wconf 68' lang='lat' dir='ltr'><strong>V,</strong></span> <span class='ocrx_word' id='word_1_417' title='bbox 1545 2804 1610 2849; x_wconf 89' lang='lat'><strong>11,</strong></span> <span class='ocrx_word' id='word_1_418' title='bbox 1641 2815 1670 2839; x_wconf 89' lang='lat' dir='ltr'><strong>s.</strong></span> <span class='ocrx_word' id='word_1_419' title='bbox 1694 2802 1738 2849; x_wconf 89' lang='lat' dir='ltr'><strong>V,</strong></span> 
     </span>
    </p>
   </div>
   <div class='ocr_carea' id='block_1_8' title="bbox 1884 848 1932 1251">
    <p class='ocr_par' dir='ltr' id='par_1_13' title="bbox 1884 848 1932 1251">
     <span class='ocr_line' id='line_1_84' title="bbox 1884 848 1932 1251; baseline 0 2021"><span class='ocrx_word' id='word_1_420' title='bbox 1884 848 1932 1251; x_wconf 95' lang='lat' dir='ltr'><strong> </strong></span> 
     </span>
    </p>
   </div>
   <div class='ocr_carea' id='block_1_9' title="bbox 1893 2166 1941 3272">
    <p class='ocr_par' dir='ltr' id='par_1_14' title="bbox 1893 2166 1941 3272">
     <span class='ocr_line' id='line_1_85' title="bbox 1893 2166 1941 3272; baseline 0 0"><span class='ocrx_word' id='word_1_421' title='bbox 1893 2166 1941 3272; x_wconf 95' lang='lat' dir='ltr'><strong> </strong></span> 
     </span>
    </p>
   </div>
  </div>
 </body>
</html>
