1863 3256
407 163 492 204 39⁰

812 163 1289 202 HERODOTI

382 270 455 323 4ἒς
484 273 755 328 ταρίχευσιν,
788 273 895 315 ἄλλα
913 288 957 315 τε
983 271 1119 315 πολλοὶ
1141 268 1377 327 θωυμάσαι
1397 271 1504 323 ἄξια.
1536 271 1733 328 Μέχρι9ο

409 341 489 398 μέν
517 359 604 387 νυν
635 344 804 398 Γέῤῥου
834 341 1006 397 χώρου,
1057 342 1098 392 ἐς
1128 342 1206 385 τὸυ
1234 341 1549 397 τεσσεράκοντα
1578 343 1678 399 ἡμε-

413 414 525 468 ρὲων
570 415 705 465 πλόος
751 414 868 464 ἐστὶ,
931 410 1188 467 γινώσκεται
1245 413 1357 467 ῥέων
1403 411 1487 456 ἀπὸ
1537 412 1676 469 βορέω

353 543 422 580 hoc
440 544 591 594 piscium
612 553 730 590 genus
744 568 755 587 ,
794 553 887 589 quos
910 552 1016 577 voca-

354 611 434 635 mus
457 600 555 636 Stijr.
615 597 729 634 Cuius
753 597 862 647 piscis
891 597 928 634 in
950 598 1018 633 ssu-

354 655 421 691 viis
442 655 560 691 Ponto
585 653 729 690 Euxino
762 665 802 691 se
832 653 1017 691 miscenti-

354 712 421 748 bus
462 710 746 759 srequentissimi
787 722 874 755 ova,
922 722 1018 746 nunc

354 766 499 814 cognita
519 766 586 803 sub
609 766 756 803 nomine
777 764 934 812 Caviar,
971 765 1017 802 ab

354 822 484 859 accolis
496 822 625 858 horum
636 823 823 859 fluviorum
835 822 1018 870 hodieque

355 877 507 916 multum
530 879 669 928 gustari
682 879 896 928 accepimus.
934 877 1019 915 Mo-

355 935 435 972 nuit
472 934 588 979 Miut,
645 934 775 971 Gallus
816 935 1018 984 interpres3

356 1003 430 1039 quo
461 991 592 1029 eodem
626 994 800 1029 monente
828 990 885 1028 hic
909 990 1017 1040 piscis

355 1059 444 1084 sane
508 1047 743 1096 cartilagines
802 1047 1018 1085 tenerrimas

355 1103 511 1153 praebet
554 1103 715 1142 nullasve
754 1104 832 1141 fere
882 1104 1019 1154 spinaS‚

355 1159 466 1210 plane
479 1164 518 1197 ut
527 1160 741 1197 Herodotus
756 1160 880 1197 tradit.
910 1160 1020 1197 Hunc

357 1216 522 1265 sequitur
562 1216 674 1254 Italus
717 1217 921 1267 interpres,
971 1216 1020 1254 de

357 1285 446 1310 voce
484 1273 709 1324 ταρίχευσιν
749 1286 896 1323 quoque
940 1285 1020 1309 mo-

356 1340 470 1376 nens,
500 1331 573 1379 qua
599 1343 672 1367 non
692 1329 808 1367 solum
828 1329 1021 1367 conditura

356 1385 530 1436 piscium,
579 1398 676 1436 quae
715 1386 791 1424 sale
834 1386 897 1434 fit,
953 1386 1021 1423 sed

359 1442 472 1479 etiam
530 1443 723 1481 exsiccatio
776 1442 1022 1491 significetur:

358 1498 456 1536 unde
506 1499 543 1536 in
595 1500 809 1537 condiendis
866 1498 1021 1535 mortuis

357 1555 457 1604 apud
486 1555 692 1605 Aegyptios
726 1551 946 1606 ταριχεύειν
976 1554 1021 1600 ΙΙ,

333 1656 336 1660 Δ
359 1611 413 1650 86
437 1610 515 1647 coll.
536 1612 600 1658 lX,
623 1614 714 1652 120.
755 1609 921 1663 Τάριχος
936 1605 1024 1649 Ἀν-

358 1670 523 1706 τακαῖον
570 1667 629 1708 bis
680 1669 872 1705 memorari
922 1667 1023 1717 apud

358 1723 492 1761 Athen.
515 1723 565 1760 ΙΙΙ
586 1738 621 1775 p.
647 1726 726 1765 118
746 1724 792 1762 D.
815 1728 922 1762 notat
938 1723 1024 1761 Val-

360 1779 466 1817 cken.
499 1801 554 1807 --
585 1776 805 1831 θωυμάσαι
842 1781 897 1818 hic
930 1781 1024 1817 inta-

359 1841 456 1873 ctum
475 1837 619 1886 reliquit
631 1838 817 1875 Gaisford.
850 1838 907 1874 Cf.
931 1842 1023 1874 nott.

361 1893 409 1930 ad
433 1893 495 1940 lV,
519 1895 587 1934 28.

417 1948 457 1996 ἐς
495 1947 562 1988 τὸν
603 1946 892 1993 τεσσεράκοντα
929 1947 1022 2000 ἦμε-

361 2002 462 2056 ρὲων
481 2001 602 2053 πλόος
625 2005 720 2057 ἐστὶ]
753 2008 886 2044 Strabo
900 2007 966 2043 Vll
986 2020 1023 2057 p.

359 2064 441 2104 306
467 2075 496 2099 S.
515 2076 550 2113 p.
569 2062 652 2103 470
670 2061 736 2109 A.,
766 2077 831 2114 per
852 2068 1024 2100 sexcenta

360 2119 480 2156 stadia
501 2119 745 2168 navigabilem
770 2133 851 2158 esse
873 2121 1023 2157 fiuvium

359 2177 560 2213 contendit.
604 2177 862 2225 Quadraginta
882 2177 1024 2214 dierum

360 2232 631 2281 navigationem
668 2234 831 2283 produnt
857 2237 895 2271 et
923 2232 1025 2271 Mela

362 2287 382 2324 l.
411 2287 435 2324 1.
471 2293 506 2325 et
528 2289 707 2339 Scymnus
738 2290 853 2327 Chius
883 2291 926 2327 fr.
955 2292 1022 2330 70.

361 2343 474 2386 Quod
515 2358 594 2382 cum
638 2346 787 2382 nimium
827 2346 1023 2392 videretur,

360 2399 521 2449 pluribus
543 2401 626 2437 viris
649 2403 766 2439 doctis
788 2402 873 2439 olim
896 2403 1024 2439 rescri-

362 2456 449 2494 bere
493 2456 629 2506 placuit
677 2459 1023 2509 τεσσερεσκαίδεκα

360 2515 447 2562 (pro
459 2510 766 2563 τεσσεράκοντα)
778 2515 889 2563 idque
906 2515 1024 2564 ipsum

360 2569 397 2605 in
431 2573 569 2606 textum
603 2571 744 2621 recepit
766 2572 870 2608 Reiz.
902 2572 1022 2619 (cuius

360 2625 432 2662 vid.
455 2625 614 2663 l'raesat.
637 2639 722 2676 pag.
744 2627 874 2675 XXI),
915 2640 1022 2676 quem

361 2682 525 2731 sequitur
574 2682 778 2729 Matthiae,
842 2684 1023 2734 probante

363 2737 557 2776 Larchero.
588 2739 668 2776 Nec
690 2741 779 2777 certi
801 2741 890 2789 quid
912 2741 949 2777 in
968 2740 1023 2777 his

362 2796 603 2845 pronuntiare
613 2796 724 2834 audet
734 2796 1022 2845 Danvill.(Me'm.

1071 541 1119 579 de
1140 540 1276 578 l‘Acad.
1299 542 1335 578 d.
1356 542 1465 578 Inscr.
1486 541 1627 578 XXXV
1648 554 1734 591 pag.

1073 598 1199 645 577),
1230 599 1325 634 ultra
1356 598 1541 647 octoginta
1561 597 1735 635 leuiarum

1073 654 1326 691 Francicurum
1346 655 1502 704 spatium
1523 668 1544 692 a
1562 654 1652 691 mari
1661 654 1735 690 Bo-

1074 710 1281 758 rysthcnem
1321 711 1484 759 navigari
1524 724 1634 761 posse
1671 724 1736 748 ne-

1075 778 1180 814 gans,
1198 779 1277 803 cum
1297 767 1556 813 catarrhactae,
1579 780 1733 816 quorum

1075 821 1172 858 nulla
1203 823 1302 872 apud
1322 822 1555 860 Herodotum
1583 824 1735 870 mentio,

1075 879 1345 926 navigationem
1372 879 1586 928 impediant.
1628 880 1736 916 Man-

1075 938 1179 971 nerto
1206 933 1276 981 (lV
1297 947 1332 984 p.
1356 936 1430 982 76)
1453 948 1624 972 numerus
1652 937 1734 974 die·

1075 1003 1156 1027 rum
1178 989 1279 1027 xlv
1294 1019 1305 1037 ‚
1345 996 1387 1027 ut
1404 991 1501 1027 iusto
1522 992 1662 1038 minor,
1686 992 1736 1029 ita

1075 1046 1153 1084 XL
1195 1047 1333 1084 dierum
1381 1060 1550 1084 numerus
1594 1048 1738 1085 videtur

1076 1104 1216 1140 nimius.
1267 1103 1316 1140 Et
1343 1104 1427 1140 add.
1459 1104 1556 1142 hisce
1572 1104 1736 1142 Heeren.

1076 1160 1189 1197 Ideen
1208 1159 1236 1205 1,
1255 1163 1282 1201 2
1303 1173 1339 1209 p.
1360 1160 1454 1201 275.
1483 1160 1678 1198 Reichard.
1693 1170 1735 1212 p.

1076 1215 1142 1256 45.
1182 1216 1363 1254 Herodoti
1399 1229 1546 1254 causam
1575 1218 1737 1268 suscipit,

1077 1285 1157 1310 cum
1185 1285 1258 1322 quo
1287 1273 1364 1310 sere
1394 1272 1474 1310 loco
1501 1274 1665 1311 Gerrhus
1687 1274 1737 1310 ad

1076 1329 1266 1368 meridiem
1296 1329 1415 1366 delabi
1445 1331 1617 1381 incipiat,
1664 1331 1738 1367 sint

1078 1386 1339 1424 Catarrhactae
1375 1386 1557 1424 veteribus
1589 1388 1736 1424 omnino

1077 1442 1257 1491 incogniti
1273 1442 1619 1493 navigationemque
1631 1456 1739 1494 prae-

1078 1499 1294 1550 pedientes;
1313 1499 1447 1547 quibus
1461 1500 1642 1550 superatis
1657 1513 1738 1538 cum

1079 1554 1294 1604 navigabilis
1314 1567 1439 1592 rursus
1459 1556 1506 1592 sit
1523 1557 1656 1593 fluvius
1676 1569 1738 1594 us·

1080 1624 1153 1661 que
1181 1611 1230 1647 ad
1257 1611 1384 1648 urbem
1408 1611 1626 1661 Smolensk‚
1668 1612 1737 1650 XL

1080 1681 1169 1705 sane
1208 1667 1346 1705 dierum
1396 1668 1526 1706 itinera
1571 1670 1741 1719 adeoque

1080 1726 1183 1776 plura
1207 1724 1382 1772 forsitan,
1421 1725 1451 1761 si
1479 1726 1559 1774 quis
1585 1727 1740 1764 adverso

1080 1781 1228 1818 flumine
1255 1780 1528 1831 proficiscatur,
1578 1783 1740 1820 consumi

1080 1850 1191 1888 posse
1229 1837 1438 1875 arbitratur.
1505 1839 1577 1883 Qui
1615 1844 1740 1878 tamen

1081 1895 1191 1931 verba
1212 1894 1393 1931 Herodoti
1426 1892 1536 1946 μέχρι
1564 1894 1637 1945 μέν
1664 1909 1740 1934 νυν

1084 1949 1236 2001 Γέρᾇυ
1265 1945 1393 2001 χώρου
1427 1952 1547 1988 minus
1573 1956 1741 1990 accurate

1081 2007 1132 2044 sic
1158 2007 1339 2044 reddidit:
1388 2008 1475 2054 „bis
1505 2021 1571 2044 zur
1592 2008 1742 2058 Gegend

1082 2064 1141 2101 des
1157 2063 1363 2109 Gerrhusf‘
1403 2070 1442 2102 et
1469 2065 1556 2111 „sz
1585 2079 1652 2102 zur
1672 2066 1742 2103 Ge-

1080 2119 1176 2169 gend
1198 2119 1257 2156 des
1275 2120 1597 2172 Gerrhzcsfiusses.“
1644 2122 1742 2159 Nam

1082 2178 1129 2214 de
1152 2177 1325 2225 regione,
1363 2190 1458 2226 quae
1477 2191 1565 2216 sane
1592 2191 1613 2215 a
1632 2179 1743 2216 fluvio

1082 2246 1215 2270 nomen
1245 2233 1386 2279 tulerit,
1427 2247 1630 2272 sermonem
1662 2247 1742 2272 esse

1080 2303 1188 2327 nemo
1218 2302 1291 2325 non
1322 2291 1433 2326 videt.
1494 2289 1553 2327 De
1581 2291 1743 2338 Gerrhis,

1080 2346 1295 2394 Scytharum
1319 2352 1451 2394 gente,
1482 2347 1577 2383 conf.
1600 2348 1662 2395 lv,
1687 2350 1738 2388 71

1080 2402 1159 2439 coll.
1192 2402 1254 2447 lv,
1283 2402 1349 2441 56.
1411 2402 1517 2445 Quae
1544 2404 1742 2454 respiciens

1082 2458 1249 2495 Viilcker.
1271 2458 1388 2507 Myth.
1411 2459 1549 2508 Geogr.
1571 2460 1639 2510 lp.
1664 2460 1742 2502 174

1082 2514 1261 2562 simulque
1293 2515 1386 2551 bene
1416 2528 1572 2563 memor,
1621 2517 1741 2567 Bory-

1081 2571 1247 2608 sthenem
1277 2571 1386 2607 modo
1416 2584 1532 2621 usque
1563 2573 1610 2610 ad
1635 2574 1743 2624 oppi-

1081 2629 1168 2664 dum
1188 2625 1533 2666 Alexandrowskaia
1551 2630 1743 2679 navigabi-

1081 2683 1150 2722 lem
1181 2696 1262 2720 esse
1293 2689 1334 2731 (a
1353 2697 1426 2733 quo
1453 2686 1533 2735 ipso
1555 2699 1670 2736 usque
1688 2686 1737 2723 ad

1081 2741 1207 2778 urbem
1228 2740 1331 2777 Κίων
1359 2742 1534 2779 tredecim
1553 2743 1738 2781 catarrha-

1081 2802 1162 2836 ctae
1183 2797 1280 2834 ssuvii
1299 2810 1443 2835 cursum
1460 2799 1738 2851 interrumpunt,
