1863 3256
416 176 500 215 420

804 170 1267 212 HERODOTI

417 286 543 326 λουσι
580 283 629 326 τὸ
671 282 840 337 σπέρμα
880 281 947 324 ἐπὶ
984 280 1087 331 τούς
1135 278 1373 334 διαφανέας
1419 277 1575 330 λίθους
1613 283 1673 335 τῷ

415 355 547 406 πυρί·
595 352 644 396 τό
685 354 731 396 δὲ
766 355 974 406 θυμιῆται
1012 349 1375 405 ἐπιβαλλόμενον,
1415 349 1490 390 καὶ
1519 348 1674 404 ἀτμίδα

415 423 644 478 παρέχεται
665 422 906 475 τοσαύτην,
937 420 1044 464 ὥστε

1067 420 1293 476 Ἑλληνικὴ
1315 417 1496 473 οὐδεμία
1518 417 1573 461 ἄν
1600 435 1675 474 μιν

416 496 551 548 πυρίη
591 490 924 546 ἅποκρατήσειε’
978 491 1021 532 οἱ
1060 490 1106 533 δὲ
1141 491 1339 541 Σκύθαι,
1377 487 1586 544 ἀγάμενοι
1623 493 1678 546 τῇ

418 566 575 620 πυρίῃ,
618 561 853 616 ω’ρύονται.
911 559 1041 604 τοῦτό

1081 573 1159 616 σφι
1201 560 1300 604 α’ντὶ
1338 563 1530 613 λουτροῦ
1568 559 1733 602 ἐστί·ῗό

390 634 476 678 2οὐ
506 634 587 688 γὰρ
619 633 672 688 δὴ
701 637 880 676 λοῦνται
908 632 1037 675 ὕδατι
1065 630 1114 675 τὸ
1144 631 1353 686 παράπαν
1375 630 1425 673 τὸ
1443 635 1580 686 σῶμα.
1619 631 1678 673 Αἰ

418 704 464 748 δὲ
482 707 683 759 γυναῖκες
705 703 874 754 αὐτῶν,
894 701 1015 757 ὕδωρ
1037 701 1353 758 παραχέουσαι,
1374 699 1677 756 κατασώχουσι

360 828 614 872 ’ὑποδύνουσι
644 832 737 881 (‚,2·ls
760 845 794 869 se
814 832 1018 880 glissent.“)

361 890 513 926 iudicari
554 893 659 939 putat
686 889 888 926 Larcherus
922 889 1021 924 sora-

362 958 445 984 men
474 945 584 991 illud,
613 958 680 995 per
711 945 811 994 quod
843 945 1020 990 intrarint,
1051 988 1055 991 ι

362 1002 597 1052 perexiguum
616 1001 750 1047 fuisse,
780 1001 938 1049 indeque
955 1000 1022 1036 ob-

364 1062 537 1094 structum
590 1061 627 1095 et
675 1057 853 1094 occlusum
896 1057 1020 1101 fuisse,

363 1120 560 1165 postquam
603 1113 790 1159 intrarint,
836 1113 917 1162 pilis
957 1112 1024 1148 illis

365 1170 527 1218 undique
565 1170 613 1206 ad
643 1169 788 1205 humum
815 1182 930 1218 usque
958 1168 1023 1206 dc-

366 1227 505 1273 missis‚
535 1239 581 1263 ne
602 1225 678 1263 scil.
698 1238 811 1275 vapor
829 1225 923 1262 elabi
943 1237 1027 1275 pos-

367 1287 444 1328 set3
475 1282 527 1318 ita
556 1285 596 1318 ut
623 1282 770 1318 tentorii
796 1281 951 1318 exhibita
980 1281 1027 1317 sit

368 1339 518 1389 species.
548 1336 603 1374 Ac
624 1337 840 1385 Scytharum
863 1337 1029 1387 plaustra

368 1395 545 1433 eiusmodi
562 1393 642 1444 pilis
663 1398 758 1430 tecta
778 1394 889 1430 fuisse
907 1398 1030 1430 osten-

369 1452 424 1487 dit
452 1450 671 1500 Hippocrat.
711 1449 769 1487 De
799 1462 872 1487 aer.
902 1462 961 1498 aq.
991 1452 1031 1486 et

369 1507 437 1543 loc.
467 1504 503 1556 ἓ.
528 1508 581 1547 93
606 1505 653 1543 Τ.
673 1506 690 1541 Ι
721 1519 755 1555 p.
777 1507 829 1545 88
850 1506 933 1542 Cor.
971 1505 1030 1542 De

370 1562 585 1609 Calmuoeis,
603 1562 664 1610 qui
681 1562 717 1597 in
737 1561 910 1598 eiusmodi
923 1560 1027 1610 plau-

338 1662 341 1665 *
370 1619 454 1654 stris
477 1619 584 1654 tectis
609 1630 675 1667 per
695 1617 841 1654 deserta
859 1616 1030 1654 Astraea-

370 1687 419 1711 na
443 1674 610 1711 habitare
636 1673 823 1720 dicuntur,
853 1673 1030 1710 recentio-

370 1731 420 1767 ris
457 1730 742 1780 peregrinatoris
784 1729 1030 1766 testimonium

371 1786 482 1823 affert
496 1785 710 1823 Lareherus.
751 1785 861 1822 Plura
889 1785 936 1823 de
961 1785 1031 1822 hoc

371 1842 612 1894 plaustrorum
639 1854 794 1890 genere,
824 1842 923 1891 apud
945 1842 1032 1878 Cal-

373 1911 540 1946 muccos,
579 1898 748 1946 Kirgisos
776 1897 937 1946 aliasque
967 1897 1033 1934 tri-

373 1955 442 1992 bus
462 1955 634 1991 nomadas
646 1955 756 1991 Asiae
773 1954 920 1999 usitato,
937 1966 1032 2001 quae

373 2011 485 2049 Russi
524 2014 654 2047 vocent
689 2009 852 2055 Kibz'tlcs,
891 2010 1031 2046 Cbraes

373 2068 422 2104 ad
443 2067 659 2117 Hippocrat.
679 2066 702 2103 l.
725 2066 747 2103 Ι.
770 2066 964 2116 disputavit
983 2065 1032 2103 T.

374 2123 409 2160 ΙΙ
437 2136 523 2173 pag.
553 2122 635 2163 274
664 2135 766 2172 seqq.
788 2146 839 2151 —-
871 2122 910 2158 In
930 2134 1032 2170 seqq.

375 2179 423 2216 ad
451 2177 669 2227 διαφανέας
692 2180 834 2224 λίθους
853 2179 948 2215 conf.
968 2178 1034 2225 lv,

375 2236 429 2275 73
459 2240 497 2272 et
519 2236 567 2272 ad
586 2233 791 2285 παρέχεται
810 2235 879 2280 lv,
910 2233 975 2275 44.

434 2287 532 2329 ὥστε
550 2289 760 2342 Ἑλληνική
789 2287 956 2341 ου’δεμία
983 2287 1033 2328 ἅν

377 2360 446 2396 μιν
468 2348 590 2396 πυρίη
615 2343 925 2398 ἀποκρατήσειε]
955 2348 977 2383 i.
1001 2359 1034 2383 e.

376 2406 415 2437 ut
446 2403 581 2438 nullum
599 2404 810 2440 Graecorum
834 2404 1034 2439 caldarium

378 2458 416 2494 id
434 2462 579 2508 superet.
615 2454 780 2508 ου’δεμία
810 2460 896 2508 (pro
920 2454 1034 2496 ου’δε-

379 2514 469 2565 μίη)
499 2515 624 2564 scripsi
651 2528 732 2551 cum
757 2515 874 2551 Gaisf.
917 2514 1033 2550 Usum

379 2571 477 2607 verbi
508 2565 745 2621 α’ποκρατεῐν
772 2571 874 2617 attigi
901 2570 948 2605 ad
973 2569 1033 2615 lv,

380 2627 445 2666 50.
466 2647 521 2653 --
559 2627 682 2678 πυρία
706 2631 761 2664 cst
785 2626 983 2662 caldarium
1003 2638 1033 2662 s.

380 2682 612 2732 tepidarium,
644 2687 682 2719 ut
712 2687 809 2720 recte
837 2686 940 2718 notat
959 2683 1034 2717 Ca-

382 2739 530 2774 saubon.
558 2739 605 2775 ad
627 2739 796 2776 Strabon.
818 2738 866 2773 111
893 2751 927 2787 p.
954 2736 1032 2777 154

382 2807 409 2830 s.
447 2797 541 2835 232.
585 2795 680 2832 Add.
723 2807 816 2845 quae
854 2794 891 2830 in
920 2792 1037 2832 Thes.

1075 832 1203 882 steph.
1228 832 1286 869 ed.
1314 830 1421 879 Angl.
1448 831 1494 869 T.
1513 831 1545 868 V
1567 846 1602 882 p.
1623 833 1733 872 8077

1077 887 1184 925 allata
1204 892 1298 924 sunt.
1343 888 1424 923 Alia
1441 887 1488 924 de
1509 887 1604 924 cellis
1625 888 1734 924 suda-

1077 943 1179 980 toriis
1203 944 1424 980 Graecorum
1444 943 1491 978 ad
1509 942 1544 979 h.
1559 943 1580 980 l.
1602 944 1735 980 excita-

1078 1000 1129 1036 vit
1161 999 1332 1036 Valcken.
1388 998 1521 1035 Similis
1553 1000 1737 1036 cuiusdam

1080 1055 1213 1103 moris,
1243 1056 1304 1104 qui
1333 1056 1528 1092 etiamnum
1555 1055 1655 1105 apud
1679 1055 1738 1092 ln·-

1082 1113 1149 1149 dos
1192 1112 1240 1148 ad
1279 1112 1397 1148 sinum
1429 1111 1597 1147 Hudsoni
1635 1111 1738 1160 habi-

1082 1173 1202 1205 tantes
1242 1168 1425 1214 obtineat,
1463 1168 1624 1204 meminit
1646 1167 1737 1204 Lar-

1084 1224 1177 1261 chcr.
1218 1223 1268 1260 At
1298 1223 1473 1260 Niebuhr.
1500 1224 1737 1270 (Vermischt.

1084 1280 1230 1319 Schrift.
1251 1280 1267 1316 Ι
1289 1292 1372 1329 pag.
1395 1282 1515 1327 362),
1547 1292 1640 1328 quae
1662 1281 1739 1317 He-

1083 1337 1237 1373 rodotus
1269 1337 1401 1382 refert,
1430 1348 1474 1372 ea
1495 1337 1540 1373 ad
1561 1336 1739 1373 Siberiam

1084 1393 1268 1443 pertinere
1298 1391 1394 1438 vult,
1432 1392 1494 1428 ubi
1525 1393 1739 1430 ebrietatem

1085 1448 1209 1485 suffitu
1237 1448 1411 1484 seminum
1438 1448 1610 1485 cannabis
1632 1460 1740 1498 super

1083 1504 1223 1554 lapides
1270 1504 1398 1551 igneos
1438 1504 1475 1539 in
1515 1504 1605 1541 cella
1644 1509 1742 1541 arcte

1083 1560 1206 1598 clausa
1220 1561 1397 1604 excitent3
1419 1561 1520 1608 quod
1531 1561 1649 1610 ipsum
1661 1573 1742 1597 cum

1083 1616 1272 1661 caldariis,
1311 1617 1441 1664 quibus
1472 1621 1507 1654 et
1538 1617 1625 1666 ipsis
1655 1617 1742 1653 bar-

1085 1673 1163 1709 bari
1182 1672 1231 1708 illi
1253 1672 1305 1708 usi
1324 1673 1407 1717 sint,
1427 1673 1599 1709 confundi
1616 1685 1638 1710 a
1653 1672 1742 1710 scri-

1084 1733 1191 1780 ptore
1209 1733 1335 1765 nostro
1356 1729 1564 1766 arbitratur.

1144 1783 1185 1823 οἷ
1212 1781 1253 1823 δὲ
1275 1781 1450 1832 Σκύθαι,
1482 1780 1674 1836 οἷγάμενοι
1691 1787 1743 1839 τῇ

1086 1840 1225 1893 πυρίῃ,
1249 1836 1459 1892 ὠρύονται]
1487 1842 1509 1878 i.
1529 1855 1559 1879 e.
1585 1841 1743 1892 Scythae

1088 1897 1318 1943 laetabundi,
1355 1909 1382 1933 s.
1418 1897 1486 1933 Ιιαε
1515 1898 1744 1935 desudatione

1087 1953 1261 1999 delectati,
1291 1953 1472 1989 clamorem
1493 1955 1667 2002 ingentem
1687 1958 1744 1991 at-

1089 2023 1153 2060 que
1185 2009 1399 2046 inconditum
1429 2010 1594 2047 tollunt.“
1652 2013 1747 2047 Ver-

1088 2067 1174 2103 bum
1197 2062 1374 2117 ἔέγασθαι
1396 2066 1500 2115 attigi
1517 2067 1638 2113 ale‚
1669 2066 1745 2112 463

1089 2123 1137 2159 dc
1172 2122 1284 2159 verbo
1319 2118 1523 2171 (ἐρύεσθαι
1553 2123 1622 2159 vid.
1652 2128 1746 2160 nott.

1089 2179 1138 2215 ad
1174 2178 1246 2224 Ill,
1288 2181 1379 2219 117.
1426 2179 1561 2216 Auctor
1597 2191 1745 2227 quoque

1090 2239 1146 2272 est
1182 2234 1254 2271 Dio
1290 2234 1480 2282 Chrysost.
1509 2236 1573 2272 Or.
1605 2234 1745 2271 XXXII

1089 2305 1125 2341 p.
1145 2293 1225 2331 378
1247 2291 1304 2337 C.,
1324 2291 1421 2340 apud
1440 2291 1612 2327 barbaros
1632 2303 1745 2339 quos-

1090 2347 1174 2383 dam
1197 2346 1314 2383 lenem
1336 2347 1453 2383 enasci
1473 2347 1681 2383 ebrietatem
1703 2359 1747 2384 ex

1089 2414 1207 2439 rerum
1238 2403 1464 2450 quarundam
1495 2402 1642 2447 suilitu3
1670 2408 1746 2439 tum

1090 2471 1153 2495 eos
1185 2458 1369 2506 gaudere,
1394 2458 1553 2495 ridentes
1572 2472 1747 2507 exsurge-

1090 2526 1128 2550 re
1160 2518 1196 2549 et
1223 2513 1342 2549 omnia
1369 2515 1507 2558 facere,
1539 2527 1633 2562 quae
1654 2516 1748 2552 bene

1089 2570 1167 2619 poti
1201 2569 1352 2607 soleant.
1383 2591 1439 2595 —
1479 2570 1518 2605 Ιιι
1549 2583 1651 2620 seqq.
1679 2583 1747 2621 pro

1091 2621 1243 2663 αύτέων
1263 2626 1387 2675 scripsi
1407 2622 1551 2664 αύτών.

1146 2677 1418 2730 κατασώχουσι
1448 2681 1538 2733 περὶ
1565 2682 1686 2721 λίθον
1710 2697 1747 2720 κ.

1091 2752 1122 2774 τ.
1147 2735 1204 2786 λ.]
1238 2738 1258 2773 i.
1289 2750 1319 2774 e.
1352 2742 1534 2775 conterunt
1561 2741 1598 2776 in
1629 2739 1748 2788 lapide

1096 2793 1184 2830 duro
1208 2792 1333 2843 frusta
1360 2797 1552 2846 cyparissi,
1597 2795 1693 2832 cedri
1713 2798 1747 2831 et
