<?xml version="1.0" encoding="UTF-8"?>
<!DOCTYPE html PUBLIC "-//W3C//DTD XHTML 1.0 Transitional//EN"
    "http://www.w3.org/TR/xhtml1/DTD/xhtml1-transitional.dtd">
<html xmlns="http://www.w3.org/1999/xhtml" xml:lang="en" lang="en">
 <head>
  <title>
</title>
<meta http-equiv="Content-Type" content="text/html;charset=utf-8" />
  <meta name='ocr-system' content='tesseract 3.04.00' />
  <meta name='ocr-capabilities' content='ocr_page ocr_carea ocr_par ocr_line ocrx_word'/>
</head>
<body>
  <div class='ocr_page' id='page_1' title='image "./musaeher02hero/musaeher02hero_0083.png"; bbox 0 0 1946 3272; ppageno 0'>
   <div class='ocr_carea' id='block_1_1' title="bbox 73 319 139 364">
    <p class='ocr_par' dir='ltr' id='par_1_1' title="bbox 73 319 139 364">
     <span class='ocr_line' id='line_1_1' title="bbox 73 319 139 364; baseline -0.015 0"><span class='ocrx_word' id='word_1_1' title='bbox 73 319 139 364; x_wconf 84' lang='lat'>39</span> 
     </span>
    </p>
   </div>
   <div class='ocr_carea' id='block_1_2' title="bbox 597 192 949 234">
    <p class='ocr_par' dir='ltr' id='par_1_2' title="bbox 597 192 949 234">
     <span class='ocr_line' id='line_1_2' title="bbox 597 192 949 234; baseline -0.011 0"><span class='ocrx_word' id='word_1_2' title='bbox 597 192 949 234; x_wconf 87' lang='lat' dir='ltr'>THALIA.</span> 
     </span>
    </p>
   </div>
   <div class='ocr_carea' id='block_1_3' title="bbox 1010 193 1469 238">
    <p class='ocr_par' dir='ltr' id='par_1_3' title="bbox 1010 193 1469 238">
     <span class='ocr_line' id='line_1_3' title="bbox 1010 193 1469 238; baseline -0.007 -7"><span class='ocrx_word' id='word_1_3' title='bbox 1010 193 1073 231; x_wconf 84' lang='lat'>111.</span> <span class='ocrx_word' id='word_1_4' title='bbox 1413 200 1469 238; x_wconf 74' lang='lat'>73</span> 
     </span>
    </p>
   </div>
   <div class='ocr_carea' id='block_1_4' title="bbox 284 301 1520 366">
    <p class='ocr_par' dir='ltr' id='par_1_4' title="bbox 284 301 1520 366">
     <span class='ocr_line' id='line_1_4' title="bbox 284 301 1520 366; baseline -0.007 -12"><span class='ocrx_word' id='word_1_5' title='bbox 284 307 522 366; x_wconf 83' lang='grc' dir='ltr'><em>Καμβύσεω</em></span> <span class='ocrx_word' id='word_1_6' title='bbox 544 305 590 348; x_wconf 78' lang='grc' dir='ltr'>δὲ</span> <span class='ocrx_word' id='word_1_7' title='bbox 615 302 675 347; x_wconf 80' lang='grc' dir='ltr'>ἐπ’</span> <span class='ocrx_word' id='word_1_8' title='bbox 690 305 916 360; x_wconf 79' lang='grc' dir='ltr'><em>Αἴγυπτον</em></span> <span class='ocrx_word' id='word_1_9' title='bbox 934 301 1294 358; x_wconf 82' lang='grc' dir='ltr'>στρατευομένου,</span> <span class='ocrx_word' id='word_1_10' title='bbox 1326 303 1520 360; x_wconf 56' lang='lat' dir='ltr'>{zocri—30</span> 
     </span>
    </p>
   </div>
   <div class='ocr_carea' id='block_1_5' title="bbox 168 373 1476 646">
    <p class='ocr_par' dir='ltr' id='par_1_5' title="bbox 168 373 1476 646">
     <span class='ocr_line' id='line_1_5' title="bbox 201 373 1474 432; baseline -0.007 -6"><span class='ocrx_word' id='word_1_11' title='bbox 201 395 332 426; x_wconf 88' lang='grc' dir='ltr'><em>σαντο</em></span> <span class='ocrx_word' id='word_1_12' title='bbox 356 379 428 422; x_wconf 88' lang='grc' dir='ltr'>καὶ</span> <span class='ocrx_word' id='word_1_13' title='bbox 448 374 792 432; x_wconf 82' lang='grc' dir='ltr'><em>Λακεδαιμόνιοι</em></span> <span class='ocrx_word' id='word_1_14' title='bbox 812 377 1046 430; x_wconf 70' lang='grc' dir='ltr'><em>στρατηίην</em></span> <span class='ocrx_word' id='word_1_15' title='bbox 1066 374 1134 417; x_wconf 83' lang='grc' dir='ltr'>ἐπὶ</span> <span class='ocrx_word' id='word_1_16' title='bbox 1153 373 1312 429; x_wconf 87' lang='grc' dir='ltr'><em>Σάμον</em></span> <span class='ocrx_word' id='word_1_17' title='bbox 1334 390 1377 417; x_wconf 91' lang='grc' dir='ltr'>τε</span> <span class='ocrx_word' id='word_1_18' title='bbox 1400 376 1474 417; x_wconf 82' lang='grc' dir='ltr'>καὶ</span> 
     </span>
     <span class='ocr_line' id='line_1_6' title="bbox 201 444 1473 504; baseline -0.007 -9"><span class='ocrx_word' id='word_1_19' title='bbox 201 448 481 504; x_wconf 80' lang='grc' dir='ltr'><strong><em>Πολυκράτεα</em></strong></span> <span class='ocrx_word' id='word_1_20' title='bbox 511 448 587 490; x_wconf 87' lang='grc' dir='ltr'>τὸν</span> <span class='ocrx_word' id='word_1_21' title='bbox 602 446 813 496; x_wconf 83' lang='grc' dir='ltr'><em>Αἰάκεος,</em></span> <span class='ocrx_word' id='word_1_22' title='bbox 848 445 895 497; x_wconf 83' lang='grc' dir='ltr'>ὃς</span> <span class='ocrx_word' id='word_1_23' title='bbox 921 445 1012 502; x_wconf 76' lang='grc' dir='ltr'><em>ἔσχε</em></span> <span class='ocrx_word' id='word_1_24' title='bbox 1034 444 1193 500; x_wconf 86' lang='grc' dir='ltr'><em>Σάμον</em></span> <span class='ocrx_word' id='word_1_25' title='bbox 1215 444 1473 496; x_wconf 78' lang='grc' dir='ltr'><em>ἐπαναστάς·</em></span> 
     </span>
     <span class='ocr_line' id='line_1_7' title="bbox 168 515 1476 574; baseline -0.003 -11"><span class='ocrx_word' id='word_1_26' title='bbox 168 523 270 566; x_wconf 61' lang='lat' dir='ltr'>Quat</span> <span class='ocrx_word' id='word_1_27' title='bbox 300 520 350 562; x_wconf 83' lang='grc' dir='ltr'>τα</span> <span class='ocrx_word' id='word_1_28' title='bbox 382 519 460 574; x_wconf 79' lang='grc' dir='ltr'><em>μὲν</em></span> <span class='ocrx_word' id='word_1_29' title='bbox 491 523 644 573; x_wconf 76' lang='grc' dir='ltr'><em>πρῶτα</em></span> <span class='ocrx_word' id='word_1_30' title='bbox 673 521 795 573; x_wconf 81' lang='grc' dir='ltr'><em>τριχῆ</em></span> <span class='ocrx_word' id='word_1_31' title='bbox 823 517 1064 572; x_wconf 81' lang='grc' dir='ltr'><em>δασάμενος</em></span> <span class='ocrx_word' id='word_1_32' title='bbox 1086 515 1165 572; x_wconf 78' lang='grc' dir='ltr'>τὴν</span> <span class='ocrx_word' id='word_1_33' title='bbox 1185 515 1330 569; x_wconf 86' lang='grc' dir='ltr'><em>πόλιν,</em></span> <span class='ocrx_word' id='word_1_34' title='bbox 1361 521 1476 560; x_wconf 89' lang='grc' dir='ltr'><em>τοῖσι</em></span> 
     </span>
     <span class='ocr_line' id='line_1_8' title="bbox 196 587 1473 646; baseline -0.004 -11"><span class='ocrx_word' id='word_1_35' title='bbox 196 592 442 646; x_wconf 74' lang='grc' dir='ltr'><em>ἀδελφεοῖσι</em></span> <span class='ocrx_word' id='word_1_36' title='bbox 466 589 774 645; x_wconf 77' lang='grc' dir='ltr'><strong><em>Πανταγνώτῳ</em></strong></span> <span class='ocrx_word' id='word_1_37' title='bbox 802 589 874 631; x_wconf 78' lang='grc' dir='ltr'>καὶ</span> <span class='ocrx_word' id='word_1_38' title='bbox 895 592 1150 632; x_wconf 78' lang='grc' dir='ltr'><em>Συλοσῶντι</em></span> <span class='ocrx_word' id='word_1_39' title='bbox 1175 588 1333 643; x_wconf 76' lang='grc' dir='ltr'><em>ἔνειμε·</em></span> <span class='ocrx_word' id='word_1_40' title='bbox 1369 587 1473 643; x_wconf 83' lang='grc' dir='ltr'><em>μετὰ</em></span> 
     </span>
    </p>
   </div>
   <div class='ocr_carea' id='block_1_6' title="bbox 195 657 1528 717">
    <p class='ocr_par' dir='ltr' id='par_1_6' title="bbox 195 657 1528 717">
     <span class='ocr_line' id='line_1_9' title="bbox 195 657 1528 717; baseline -0.004 -11"><span class='ocrx_word' id='word_1_41' title='bbox 195 663 263 714; x_wconf 78' lang='grc' dir='ltr'>δὲ,</span> <span class='ocrx_word' id='word_1_42' title='bbox 302 661 380 705; x_wconf 88' lang='grc' dir='ltr'>τὸν</span> <span class='ocrx_word' id='word_1_43' title='bbox 419 661 498 717; x_wconf 78' lang='grc' dir='ltr'><em>μὲν</em></span> <span class='ocrx_word' id='word_1_44' title='bbox 539 659 689 704; x_wconf 80' lang='grc' dir='ltr'><em>αὐτῶν</em></span> <span class='ocrx_word' id='word_1_45' title='bbox 726 659 1007 712; x_wconf 78' lang='grc' dir='ltr'><em>ἀποκτείνας,</em></span> <span class='ocrx_word' id='word_1_46' title='bbox 1052 659 1130 703; x_wconf 88' lang='grc' dir='ltr'>τὸν</span> <span class='ocrx_word' id='word_1_47' title='bbox 1171 659 1216 702; x_wconf 76' lang='grc' dir='ltr'>δὲ</span> <span class='ocrx_word' id='word_1_48' title='bbox 1257 657 1528 714; x_wconf 72' lang='grc' dir='ltr'><em>νεώτερονὸυ</em></span> 
     </span>
    </p>
   </div>
   <div class='ocr_carea' id='block_1_7' title="bbox 192 730 1470 863">
    <p class='ocr_par' dir='ltr' id='par_1_7' title="bbox 192 730 1470 863">
     <span class='ocr_line' id='line_1_10' title="bbox 192 730 1470 788; baseline -0.002 -13"><span class='ocrx_word' id='word_1_49' title='bbox 192 736 464 776; x_wconf 78' lang='grc' dir='ltr'><em>Συλοσῶντα</em></span> <span class='ocrx_word' id='word_1_50' title='bbox 495 731 714 784; x_wconf 79' lang='grc' dir='ltr'><em>ἐξελάσας,</em></span> <span class='ocrx_word' id='word_1_51' title='bbox 745 732 838 788; x_wconf 78' lang='grc' dir='ltr'><em>ἔσχε</em></span> <span class='ocrx_word' id='word_1_52' title='bbox 861 736 1008 774; x_wconf 82' lang='grc' dir='ltr'><em>πᾶσαν</em></span> <span class='ocrx_word' id='word_1_53' title='bbox 1027 731 1106 787; x_wconf 81' lang='grc' dir='ltr'><em>τήν</em></span> <span class='ocrx_word' id='word_1_54' title='bbox 1127 730 1303 786; x_wconf 87' lang='grc' dir='ltr'><em>Σάμον·</em></span> <span class='ocrx_word' id='word_1_55' title='bbox 1334 733 1470 786; x_wconf 81' lang='grc' dir='ltr'><em>ἰ’σχων</em></span> 
     </span>
     <span class='ocr_line' id='line_1_11' title="bbox 193 799 1470 863; baseline -0.003 -15"><span class='ocrx_word' id='word_1_56' title='bbox 193 803 259 853; x_wconf 79' lang='grc' dir='ltr'>δὲ,</span> <span class='ocrx_word' id='word_1_57' title='bbox 301 805 493 860; x_wconf 83' lang='grc' dir='ltr'><em>ξεινηΐην</em></span> <span class='ocrx_word' id='word_1_58' title='bbox 530 802 681 860; x_wconf 88' lang='grc' dir='ltr'><em>Ἀμάσι</em></span> <span class='ocrx_word' id='word_1_59' title='bbox 721 807 782 863; x_wconf 80' lang='grc' dir='ltr'>τῷ</span> <span class='ocrx_word' id='word_1_60' title='bbox 822 803 1050 860; x_wconf 81' lang='grc' dir='ltr'><em>Αἰγύπτου</em></span> <span class='ocrx_word' id='word_1_61' title='bbox 1084 802 1256 860; x_wconf 74' lang='grc' dir='ltr'><em>βασιλέϊ</em></span> <span class='ocrx_word' id='word_1_62' title='bbox 1288 799 1470 858; x_wconf 77' lang='grc' dir='ltr'><em>συνεθή-</em></span> 
     </span>
    </p>
   </div>
   <div class='ocr_carea' id='block_1_8' title="bbox 137 917 356 921">
    <p class='ocr_par' dir='ltr' id='par_1_8' title="bbox 137 917 356 921">
     <span class='ocr_line' id='line_1_12' title="bbox 137 917 356 921; baseline 0 0"><span class='ocrx_word' id='word_1_63' title='bbox 137 917 356 921; x_wconf 95' lang='lat' dir='ltr'> </span> 
     </span>
    </p>
   </div>
   <div class='ocr_carea' id='block_1_9' title="bbox 136 963 805 2895">
    <p class='ocr_par' dir='ltr' id='par_1_9' title="bbox 136 963 803 1300">
     <span class='ocr_line' id='line_1_13' title="bbox 136 963 802 1020; baseline -0.002 -13"><span class='ocrx_word' id='word_1_64' title='bbox 136 970 287 1020; x_wconf 77' lang='lat' dir='ltr'><strong>cepisse,</strong></span> <span class='ocrx_word' id='word_1_65' title='bbox 307 970 363 1006; x_wconf 88' lang='lat' dir='ltr'>cui</span> <span class='ocrx_word' id='word_1_66' title='bbox 386 963 507 1018; x_wconf 79' lang='grc' dir='ltr'><em>νόμος</em></span> <span class='ocrx_word' id='word_1_67' title='bbox 526 969 574 1005; x_wconf 87' lang='lat' dir='ltr'>sit</span> <span class='ocrx_word' id='word_1_68' title='bbox 591 968 648 1004; x_wconf 78' lang='lat' dir='ltr'>lex</span> <span class='ocrx_word' id='word_1_69' title='bbox 668 982 802 1006; x_wconf 75' lang='grc' dir='ltr'>,ςιιηιηια</span> 
     </span>
     <span class='ocr_line' id='line_1_14' title="bbox 137 1025 802 1075; baseline 0 -12"><span class='ocrx_word' id='word_1_70' title='bbox 137 1031 289 1063; x_wconf 76' lang='lat' dir='ltr'>naturae</span> <span class='ocrx_word' id='word_1_71' title='bbox 308 1025 425 1075; x_wconf 68' lang='lat' dir='ltr'>asaia</span> <span class='ocrx_word' id='word_1_72' title='bbox 449 1027 663 1073; x_wconf 34' lang='lat' dir='ltr'>constituta,</span> <span class='ocrx_word' id='word_1_73' title='bbox 695 1028 754 1063; x_wconf 75' lang='lat' dir='ltr'>cui</span> <span class='ocrx_word' id='word_1_74' title='bbox 770 1030 802 1063; x_wconf 79' lang='lat' dir='ltr'>et</span> 
     </span>
     <span class='ocr_line' id='line_1_15' title="bbox 140 1084 803 1133; baseline -0.002 -13"><span class='ocrx_word' id='word_1_75' title='bbox 140 1084 195 1120; x_wconf 71' lang='lat' dir='ltr'>die?</span> <span class='ocrx_word' id='word_1_76' title='bbox 222 1087 254 1120; x_wconf 73' lang='lat' dir='ltr'>ct</span> <span class='ocrx_word' id='word_1_77' title='bbox 284 1084 435 1119; x_wconf 65' lang='lat' dir='ltr'>homines</span> <span class='ocrx_word' id='word_1_78' title='bbox 470 1085 623 1133; x_wconf 71' lang='lat' dir='ltr'>parent,</span> <span class='ocrx_word' id='word_1_79' title='bbox 676 1084 803 1120; x_wconf 85' lang='lat' dir='ltr'>statuit</span> 
     </span>
     <span class='ocr_line' id='line_1_16' title="bbox 136 1139 803 1189; baseline 0 -13"><span class='ocrx_word' id='word_1_80' title='bbox 136 1140 318 1186; x_wconf 60' lang='lat' dir='ltr'>Boeckh„</span> <span class='ocrx_word' id='word_1_81' title='bbox 358 1141 457 1189; x_wconf 86' lang='lat' dir='ltr'>ipsos</span> <span class='ocrx_word' id='word_1_82' title='bbox 494 1139 642 1175; x_wconf 87' lang='lat' dir='ltr'>Pindari</span> <span class='ocrx_word' id='word_1_83' title='bbox 678 1152 803 1178; x_wconf 79' lang='lat' dir='ltr'>versus</span> 
     </span>
     <span class='ocr_line' id='line_1_17' title="bbox 138 1197 688 1247; baseline -0.002 -13"><span class='ocrx_word' id='word_1_84' title='bbox 138 1198 189 1234; x_wconf 90' lang='lat' dir='ltr'>sic</span> <span class='ocrx_word' id='word_1_85' title='bbox 210 1197 448 1247; x_wconf 82' lang='lat' dir='ltr'>probabiliter</span> <span class='ocrx_word' id='word_1_86' title='bbox 472 1197 688 1233; x_wconf 84' lang='lat' dir='ltr'>restituens:</span> 
     </span>
     <span class='ocr_line' id='line_1_18' title="bbox 316 1248 604 1300; baseline -0.003 -10"><span class='ocrx_word' id='word_1_87' title='bbox 316 1281 324 1289; x_wconf 89' lang='lat'>.</span> <span class='ocrx_word' id='word_1_88' title='bbox 356 1249 455 1290; x_wconf 75' lang='grc' dir='ltr'><em>κατά</em></span> <span class='ocrx_word' id='word_1_89' title='bbox 479 1248 604 1300; x_wconf 79' lang='grc' dir='ltr'><em>φύσιν</em></span> 
     </span>
    </p>

    <p class='ocr_par' dir='ltr' id='par_1_10' title="bbox 193 1303 756 1360">
     <span class='ocr_line' id='line_1_19' title="bbox 193 1303 756 1360; baseline -0.004 -11"><span class='ocrx_word' id='word_1_90' title='bbox 193 1305 319 1360; x_wconf 85' lang='grc' dir='ltr'><em>νόμος</em></span> <span class='ocrx_word' id='word_1_91' title='bbox 346 1307 366 1348; x_wconf 84' lang='grc' dir='ltr'><strong><em>ὁ</em></strong></span> <span class='ocrx_word' id='word_1_92' title='bbox 385 1304 548 1347; x_wconf 81' lang='grc' dir='ltr'><em>πάντων</em></span> <span class='ocrx_word' id='word_1_93' title='bbox 571 1303 756 1359; x_wconf 76' lang='grc' dir='ltr'><em>βασιλεύς</em></span> 
     </span>
    </p>

    <p class='ocr_par' dir='ltr' id='par_1_11' title="bbox 192 1361 754 1405">
     <span class='ocr_line' id='line_1_20' title="bbox 192 1361 754 1405; baseline -0.002 0"><span class='ocrx_word' id='word_1_94' title='bbox 192 1368 358 1405; x_wconf 74' lang='grc' dir='ltr'><em>θνατῶν</em></span> <span class='ocrx_word' id='word_1_95' title='bbox 379 1380 418 1405; x_wconf 85' lang='grc' dir='ltr'>τε</span> <span class='ocrx_word' id='word_1_96' title='bbox 443 1364 508 1404; x_wconf 73' lang='grc' dir='ltr'>καὶ</span> <span class='ocrx_word' id='word_1_97' title='bbox 532 1361 754 1404; x_wconf 73' lang='grc' dir='ltr'><em>α’θανάτων</em></span> 
     </span>
    </p>

    <p class='ocr_par' dir='ltr' id='par_1_12' title="bbox 194 1419 774 1475">
     <span class='ocr_line' id='line_1_21' title="bbox 194 1419 774 1475; baseline -0.003 -13"><span class='ocrx_word' id='word_1_98' title='bbox 194 1420 281 1475; x_wconf 68' lang='grc' dir='ltr'>ἄγει</span> <span class='ocrx_word' id='word_1_99' title='bbox 299 1423 466 1461; x_wconf 75' lang='grc' dir='ltr'><em>δικαιῶν</em></span> <span class='ocrx_word' id='word_1_100' title='bbox 487 1419 528 1461; x_wconf 82' lang='grc' dir='ltr'>τὸ</span> <span class='ocrx_word' id='word_1_101' title='bbox 545 1419 774 1473; x_wconf 83' lang='grc' dir='ltr'><em>βιαιότατον</em></span> 
     </span>
    </p>

    <p class='ocr_par' dir='ltr' id='par_1_13' title="bbox 190 1475 803 1534">
     <span class='ocr_line' id='line_1_22' title="bbox 190 1475 803 1534; baseline 0 -16"><span class='ocrx_word' id='word_1_102' title='bbox 190 1475 392 1534; x_wconf 71' lang='grc' dir='ltr'><em>’ὕηερτάτςι</em></span> <span class='ocrx_word' id='word_1_103' title='bbox 412 1480 521 1530; x_wconf 73' lang='grc' dir='ltr'><em>χειρί.</em></span> <span class='ocrx_word' id='word_1_104' title='bbox 543 1481 803 1532; x_wconf 77' lang='grc' dir='ltr'><em>τεκμαίρομαι</em></span> 
     </span>
    </p>

    <p class='ocr_par' dir='ltr' id='par_1_14' title="bbox 136 1535 805 2895">
     <span class='ocr_line' id='line_1_23' title="bbox 193 1535 752 1590; baseline -0.004 -14"><span class='ocrx_word' id='word_1_105' title='bbox 193 1536 365 1590; x_wconf 70' lang='grc' dir='ltr'><em>ἔργοισιν</em></span> <span class='ocrx_word' id='word_1_106' title='bbox 379 1535 589 1587; x_wconf 74' lang='grc' dir='ltr'><em>Ἡρακλέος</em></span> <span class='ocrx_word' id='word_1_107' title='bbox 611 1552 644 1576; x_wconf 78' lang='grc' dir='ltr'>κ.</span> <span class='ocrx_word' id='word_1_108' title='bbox 666 1552 697 1574; x_wconf 89' lang='grc' dir='ltr'><em>τ.</em></span> <span class='ocrx_word' id='word_1_109' title='bbox 720 1540 752 1575; x_wconf 82' lang='grc' dir='ltr'>λ.</span> 
     </span>
     <span class='ocr_line' id='line_1_24' title="bbox 136 1594 801 1643; baseline -0.005 -11"><span class='ocrx_word' id='word_1_110' title='bbox 136 1595 238 1643; x_wconf 79' lang='lat' dir='ltr'>(Vid.</span> <span class='ocrx_word' id='word_1_111' title='bbox 269 1595 400 1631; x_wconf 77' lang='lat' dir='ltr'>Pindd.</span> <span class='ocrx_word' id='word_1_112' title='bbox 429 1595 530 1643; x_wconf 88' lang='lat' dir='ltr'>Opp.</span> <span class='ocrx_word' id='word_1_113' title='bbox 560 1594 606 1631; x_wconf 88' lang='grc' dir='ltr'>Τ.</span> <span class='ocrx_word' id='word_1_114' title='bbox 632 1594 663 1631; x_wconf 89' lang='grc' dir='ltr'>ΙΙ</span> <span class='ocrx_word' id='word_1_115' title='bbox 697 1594 738 1631; x_wconf 87' lang='lat' dir='ltr'>P.</span> <span class='ocrx_word' id='word_1_116' title='bbox 768 1594 801 1629; x_wconf 90' lang='grc' dir='ltr'>ΙΙ</span> 
     </span>
     <span class='ocr_line' id='line_1_25' title="bbox 136 1651 802 1703; baseline -0.002 -16"><span class='ocrx_word' id='word_1_117' title='bbox 136 1665 221 1703; x_wconf 82' lang='lat' dir='ltr'>pag.</span> <span class='ocrx_word' id='word_1_118' title='bbox 237 1651 317 1691; x_wconf 82' lang='lat'>640</span> <span class='ocrx_word' id='word_1_119' title='bbox 338 1651 462 1700; x_wconf 83' lang='lat' dir='ltr'>seqq.)</span> <span class='ocrx_word' id='word_1_120' title='bbox 495 1651 615 1693; x_wconf 85' lang='lat' dir='ltr'>Quem</span> <span class='ocrx_word' id='word_1_121' title='bbox 635 1651 802 1700; x_wconf 87' lang='lat' dir='ltr'>sequitur</span> 
     </span>
     <span class='ocr_line' id='line_1_26' title="bbox 136 1707 802 1754; baseline -0.005 -8"><span class='ocrx_word' id='word_1_122' title='bbox 136 1708 284 1746; x_wconf 87' lang='lat' dir='ltr'>Dissen.</span> <span class='ocrx_word' id='word_1_123' title='bbox 324 1707 567 1754; x_wconf 85' lang='lat' dir='ltr'>(Commentt.</span> <span class='ocrx_word' id='word_1_124' title='bbox 609 1708 645 1744; x_wconf 87' lang='lat' dir='ltr'>in</span> <span class='ocrx_word' id='word_1_125' title='bbox 694 1707 802 1744; x_wconf 77' lang='lat' dir='ltr'>Pind.</span> 
     </span>
     <span class='ocr_line' id='line_1_27' title="bbox 138 1764 802 1814; baseline -0.002 -13"><span class='ocrx_word' id='word_1_126' title='bbox 138 1765 261 1801; x_wconf 90' lang='lat' dir='ltr'>Carm.</span> <span class='ocrx_word' id='word_1_127' title='bbox 292 1777 378 1814; x_wconf 85' lang='lat' dir='ltr'>pag.</span> <span class='ocrx_word' id='word_1_128' title='bbox 409 1767 522 1811; x_wconf 75' lang='grc'>660).</span> <span class='ocrx_word' id='word_1_129' title='bbox 586 1764 802 1801; x_wconf 79' lang='lat' dir='ltr'>Herodotus</span> 
     </span>
     <span class='ocr_line' id='line_1_28' title="bbox 137 1821 804 1869; baseline -0.003 -11"><span class='ocrx_word' id='word_1_130' title='bbox 137 1826 271 1867; x_wconf 85' lang='lat' dir='ltr'>autem,</span> <span class='ocrx_word' id='word_1_131' title='bbox 303 1826 343 1857; x_wconf 87' lang='lat' dir='ltr'>ut</span> <span class='ocrx_word' id='word_1_132' title='bbox 363 1821 595 1869; x_wconf 75' lang='lat' dir='ltr'>Wcsselingii</span> <span class='ocrx_word' id='word_1_133' title='bbox 617 1826 696 1857; x_wconf 82' lang='lat' dir='ltr'>utar</span> <span class='ocrx_word' id='word_1_134' title='bbox 723 1834 804 1857; x_wconf 83' lang='lat' dir='ltr'>ver-</span> 
     </span>
     <span class='ocr_line' id='line_1_29' title="bbox 138 1877 802 1925; baseline -0.003 -11"><span class='ocrx_word' id='word_1_135' title='bbox 138 1878 214 1925; x_wconf 85' lang='lat' dir='ltr'>bis,</span> <span class='ocrx_word' id='word_1_136' title='bbox 246 1878 421 1915; x_wconf 81' lang='lat' dir='ltr'>intellexit</span> <span class='ocrx_word' id='word_1_137' title='bbox 451 1890 559 1913; x_wconf 76' lang='lat' dir='ltr'>mores</span> <span class='ocrx_word' id='word_1_138' title='bbox 591 1877 701 1925; x_wconf 74' lang='lat' dir='ltr'>longa</span> <span class='ocrx_word' id='word_1_139' title='bbox 735 1877 802 1912; x_wconf 71' lang='lat' dir='ltr'>azl-</span> 
     </span>
     <span class='ocr_line' id='line_1_30' title="bbox 139 1935 804 1971; baseline -0.002 -1"><span class='ocrx_word' id='word_1_140' title='bbox 139 1935 323 1971; x_wconf 72' lang='lat' dir='ltr'>suetmlt&#39;ne</span> <span class='ocrx_word' id='word_1_141' title='bbox 342 1935 499 1971; x_wconf 77' lang='lat' dir='ltr'>valentes</span> <span class='ocrx_word' id='word_1_142' title='bbox 527 1938 561 1970; x_wconf 80' lang='lat' dir='ltr'>et</span> <span class='ocrx_word' id='word_1_143' title='bbox 582 1935 804 1970; x_wconf 71' lang='lat' dir='ltr'>clmninantcs</span> 
     </span>
     <span class='ocr_line' id='line_1_31' title="bbox 139 1992 802 2042; baseline 0 -14"><span class='ocrx_word' id='word_1_144' title='bbox 139 1993 362 2042; x_wconf 73' lang='lat' dir='ltr'>quantumvis</span> <span class='ocrx_word' id='word_1_145' title='bbox 378 2005 508 2041; x_wconf 75' lang='lat' dir='ltr'>pravos</span> <span class='ocrx_word' id='word_1_146' title='bbox 530 1996 561 2028; x_wconf 82' lang='lat' dir='ltr'>et</span> <span class='ocrx_word' id='word_1_147' title='bbox 582 1992 802 2028; x_wconf 69' lang='lat' dir='ltr'>inhumanos.</span> 
     </span>
     <span class='ocr_line' id='line_1_32' title="bbox 138 2048 803 2085; baseline -0.002 0"><span class='ocrx_word' id='word_1_148' title='bbox 138 2048 212 2085; x_wconf 75' lang='lat' dir='ltr'>lain</span> <span class='ocrx_word' id='word_1_149' title='bbox 241 2049 331 2085; x_wconf 89' lang='lat' dir='ltr'>haec</span> <span class='ocrx_word' id='word_1_150' title='bbox 356 2049 404 2085; x_wconf 89' lang='lat' dir='ltr'>ad</span> <span class='ocrx_word' id='word_1_151' title='bbox 434 2049 546 2085; x_wconf 72' lang='lat' dir='ltr'>nostri</span> <span class='ocrx_word' id='word_1_152' title='bbox 574 2048 643 2084; x_wconf 79' lang='lat' dir='ltr'>loci</span> <span class='ocrx_word' id='word_1_153' title='bbox 672 2048 803 2085; x_wconf 86' lang='lat' dir='ltr'>intelli-</span> 
     </span>
     <span class='ocr_line' id='line_1_33' title="bbox 138 2105 803 2155; baseline -0.002 -13"><span class='ocrx_word' id='word_1_154' title='bbox 138 2106 299 2154; x_wconf 79' lang='lat' dir='ltr'>gentiam</span> <span class='ocrx_word' id='word_1_155' title='bbox 343 2105 546 2151; x_wconf 74' lang='lat' dir='ltr'>suffzcient3</span> <span class='ocrx_word' id='word_1_156' title='bbox 602 2105 706 2155; x_wconf 85' lang='lat' dir='ltr'>plura</span> <span class='ocrx_word' id='word_1_157' title='bbox 740 2105 803 2153; x_wconf 88' lang='lat' dir='ltr'>qui</span> 
     </span>
     <span class='ocr_line' id='line_1_34' title="bbox 140 2162 802 2211; baseline 0.003 -14"><span class='ocrx_word' id='word_1_158' title='bbox 140 2167 329 2211; x_wconf 80' lang='lat' dir='ltr'>quaerant,</span> <span class='ocrx_word' id='word_1_159' title='bbox 343 2163 556 2199; x_wconf 88' lang='lat' dir='ltr'>Schneider.</span> <span class='ocrx_word' id='word_1_160' title='bbox 580 2171 616 2199; x_wconf 88' lang='lat' dir='ltr'>et</span> <span class='ocrx_word' id='word_1_161' title='bbox 640 2162 802 2199; x_wconf 79' lang='lat' dir='ltr'>Boecklx.</span> 
     </span>
     <span class='ocr_line' id='line_1_35' title="bbox 138 2219 801 2268; baseline -0.002 -13"><span class='ocrx_word' id='word_1_162' title='bbox 138 2219 274 2256; x_wconf 82' lang='lat' dir='ltr'>adeant</span> <span class='ocrx_word' id='word_1_163' title='bbox 295 2219 315 2256; x_wconf 92' lang='lat' dir='ltr'>l.</span> <span class='ocrx_word' id='word_1_164' title='bbox 333 2219 355 2256; x_wconf 93' lang='lat' dir='ltr'>l.</span> <span class='ocrx_word' id='word_1_165' title='bbox 374 2223 413 2256; x_wconf 91' lang='lat' dir='ltr'>et</span> <span class='ocrx_word' id='word_1_166' title='bbox 436 2232 530 2268; x_wconf 77' lang='lat' dir='ltr'>quae</span> <span class='ocrx_word' id='word_1_167' title='bbox 551 2219 598 2255; x_wconf 87' lang='lat' dir='ltr'>ad</span> <span class='ocrx_word' id='word_1_168' title='bbox 619 2219 801 2255; x_wconf 79' lang='lat' dir='ltr'>Herodoti</span> 
     </span>
     <span class='ocr_line' id='line_1_36' title="bbox 138 2274 802 2326; baseline -0.002 -14"><span class='ocrx_word' id='word_1_169' title='bbox 138 2274 256 2312; x_wconf 84' lang='lat' dir='ltr'>locum</span> <span class='ocrx_word' id='word_1_170' title='bbox 285 2277 520 2326; x_wconf 87' lang='lat' dir='ltr'>disputarunt</span> <span class='ocrx_word' id='word_1_171' title='bbox 548 2275 723 2312; x_wconf 72' lang='lat' dir='ltr'>Valcken.</span> <span class='ocrx_word' id='word_1_172' title='bbox 764 2280 802 2312; x_wconf 89' lang='lat' dir='ltr'>et</span> 
     </span>
     <span class='ocr_line' id='line_1_37' title="bbox 138 2331 802 2381; baseline -0.005 -12"><span class='ocrx_word' id='word_1_173' title='bbox 138 2331 357 2381; x_wconf 41' lang='lat' dir='ltr'>wesseling.</span> <span class='ocrx_word' id='word_1_174' title='bbox 396 2333 478 2369; x_wconf 90' lang='lat' dir='ltr'>Hoc</span> <span class='ocrx_word' id='word_1_175' title='bbox 496 2333 665 2381; x_wconf 69' lang='lat' dir='ltr'>equidem</span> <span class='ocrx_word' id='word_1_176' title='bbox 690 2332 802 2378; x_wconf 84' lang='lat' dir='ltr'>addo,</span> 
     </span>
     <span class='ocr_line' id='line_1_38' title="bbox 138 2388 802 2439; baseline -0.002 -14"><span class='ocrx_word' id='word_1_177' title='bbox 138 2401 205 2439; x_wconf 86' lang='lat' dir='ltr'>per</span> <span class='ocrx_word' id='word_1_178' title='bbox 228 2389 404 2427; x_wconf 78' lang='lat' dir='ltr'>Graeciae</span> <span class='ocrx_word' id='word_1_179' title='bbox 424 2390 587 2426; x_wconf 71' lang='lat' dir='ltr'>civitates</span> <span class='ocrx_word' id='word_1_180' title='bbox 606 2388 738 2426; x_wconf 84' lang='lat' dir='ltr'>liberas</span> <span class='ocrx_word' id='word_1_181' title='bbox 765 2389 802 2424; x_wconf 91' lang='lat' dir='ltr'>id</span> 
     </span>
     <span class='ocr_line' id='line_1_39' title="bbox 139 2445 804 2492; baseline 0 -11"><span class='ocrx_word' id='word_1_182' title='bbox 139 2457 248 2482; x_wconf 91' lang='lat' dir='ltr'>unum</span> <span class='ocrx_word' id='word_1_183' title='bbox 272 2448 427 2484; x_wconf 78' lang='lat' dir='ltr'>maxime</span> <span class='ocrx_word' id='word_1_184' title='bbox 457 2445 633 2490; x_wconf 88' lang='lat' dir='ltr'>valuisse,</span> <span class='ocrx_word' id='word_1_185' title='bbox 662 2451 702 2482; x_wconf 90' lang='lat' dir='ltr'>ut</span> <span class='ocrx_word' id='word_1_186' title='bbox 733 2445 804 2492; x_wconf 85' lang='lat' dir='ltr'>lex,</span> 
     </span>
     <span class='ocr_line' id='line_1_40' title="bbox 142 2497 798 2553; baseline 0.003 -16"><span class='ocrx_word' id='word_1_187' title='bbox 142 2514 169 2537; x_wconf 91' lang='lat' dir='ltr'>s.</span> <span class='ocrx_word' id='word_1_188' title='bbox 188 2497 321 2552; x_wconf 80' lang='grc' dir='ltr'><em>νόμος,</em></span> <span class='ocrx_word' id='word_1_189' title='bbox 341 2516 406 2553; x_wconf 88' lang='lat' dir='ltr'>pro</span> <span class='ocrx_word' id='word_1_190' title='bbox 429 2503 578 2539; x_wconf 84' lang='lat' dir='ltr'>domino</span> <span class='ocrx_word' id='word_1_191' title='bbox 600 2516 672 2538; x_wconf 90' lang='lat' dir='ltr'>uno</span> <span class='ocrx_word' id='word_1_192' title='bbox 692 2503 798 2539; x_wconf 80' lang='lat' dir='ltr'>habe-</span> 
     </span>
     <span class='ocr_line' id='line_1_41' title="bbox 141 2560 803 2605; baseline 0.003 -12"><span class='ocrx_word' id='word_1_193' title='bbox 141 2562 253 2605; x_wconf 84' lang='lat' dir='ltr'>retur,</span> <span class='ocrx_word' id='word_1_194' title='bbox 266 2560 321 2596; x_wconf 89' lang='lat' dir='ltr'>cui</span> <span class='ocrx_word' id='word_1_195' title='bbox 343 2573 468 2597; x_wconf 88' lang='lat' dir='ltr'>omnes</span> <span class='ocrx_word' id='word_1_196' title='bbox 489 2560 592 2597; x_wconf 90' lang='lat' dir='ltr'>liberi</span> <span class='ocrx_word' id='word_1_197' title='bbox 611 2560 705 2596; x_wconf 81' lang='lat' dir='ltr'>cives</span> <span class='ocrx_word' id='word_1_198' title='bbox 727 2572 803 2596; x_wconf 51' lang='lat' dir='ltr'>ser*</span> 
     </span>
     <span class='ocr_line' id='line_1_42' title="bbox 142 2613 802 2665; baseline 0.006 -17"><span class='ocrx_word' id='word_1_199' title='bbox 142 2613 269 2652; x_wconf 88' lang='lat' dir='ltr'>virent.</span> <span class='ocrx_word' id='word_1_200' title='bbox 326 2616 487 2665; x_wconf 81' lang='lat' dir='ltr'>Egregie</span> <span class='ocrx_word' id='word_1_201' title='bbox 505 2621 709 2653; x_wconf 85' lang='lat' dir='ltr'>monstrant</span> <span class='ocrx_word' id='word_1_202' title='bbox 724 2616 802 2652; x_wconf 83' lang='lat' dir='ltr'>He-</span> 
     </span>
     <span class='ocr_line' id='line_1_43' title="bbox 144 2670 803 2721; baseline 0.006 -17"><span class='ocrx_word' id='word_1_203' title='bbox 144 2670 262 2707; x_wconf 88' lang='lat' dir='ltr'>rodoti</span> <span class='ocrx_word' id='word_1_204' title='bbox 285 2674 396 2710; x_wconf 83' lang='lat' dir='ltr'>verba</span> <span class='ocrx_word' id='word_1_205' title='bbox 416 2673 481 2710; x_wconf 75' lang='lat' dir='ltr'>vll</span> <span class='ocrx_word' id='word_1_206' title='bbox 496 2701 507 2720; x_wconf 85' lang='lat'><strong>,</strong></span> <span class='ocrx_word' id='word_1_207' title='bbox 530 2672 610 2713; x_wconf 82' lang='grc'>104</span> <span class='ocrx_word' id='word_1_208' title='bbox 641 2677 679 2711; x_wconf 87' lang='lat' dir='ltr'>et</span> <span class='ocrx_word' id='word_1_209' title='bbox 707 2685 803 2721; x_wconf 73' lang='lat' dir='ltr'>quae</span> 
     </span>
     <span class='ocr_line' id='line_1_44' title="bbox 146 2726 803 2777; baseline 0.006 -16"><span class='ocrx_word' id='word_1_210' title='bbox 146 2726 272 2763; x_wconf 84' lang='lat' dir='ltr'>similia</span> <span class='ocrx_word' id='word_1_211' title='bbox 296 2741 338 2765; x_wconf 83' lang='lat' dir='ltr'>ex</span> <span class='ocrx_word' id='word_1_212' title='bbox 360 2729 531 2777; x_wconf 77' lang='lat' dir='ltr'>Platone,</span> <span class='ocrx_word' id='word_1_213' title='bbox 561 2730 639 2766; x_wconf 86' lang='lat' dir='ltr'>aliis</span> <span class='ocrx_word' id='word_1_214' title='bbox 669 2731 803 2767; x_wconf 82' lang='lat' dir='ltr'>excita-</span> 
     </span>
     <span class='ocr_line' id='line_1_45' title="bbox 145 2782 805 2823; baseline 0.008 -6"><span class='ocrx_word' id='word_1_215' title='bbox 145 2782 197 2818; x_wconf 85' lang='lat' dir='ltr'>vit</span> <span class='ocrx_word' id='word_1_216' title='bbox 221 2783 264 2822; x_wconf 87' lang='lat' dir='ltr'>C.</span> <span class='ocrx_word' id='word_1_217' title='bbox 292 2784 335 2820; x_wconf 92' lang='lat' dir='ltr'>F.</span> <span class='ocrx_word' id='word_1_218' title='bbox 360 2785 556 2823; x_wconf 82' lang='lat' dir='ltr'>Hermann.</span> <span class='ocrx_word' id='word_1_219' title='bbox 576 2786 712 2823; x_wconf 92' lang='lat' dir='ltr'>Lehrb.</span> <span class='ocrx_word' id='word_1_220' title='bbox 739 2786 805 2823; x_wconf 91' lang='lat' dir='ltr'>der</span> 
     </span>
     <span class='ocr_line' id='line_1_46' title="bbox 147 2839 801 2895; baseline 0.005 -20"><span class='ocrx_word' id='word_1_221' title='bbox 147 2839 292 2877; x_wconf 88' lang='lat' dir='ltr'>Griech.</span> <span class='ocrx_word' id='word_1_222' title='bbox 303 2840 572 2881; x_wconf 82' lang='lat' dir='ltr'>Staatsalterth.</span> <span class='ocrx_word' id='word_1_223' title='bbox 585 2842 622 2895; x_wconf 56' lang='grc' dir='ltr'>ὃ.</span> <span class='ocrx_word' id='word_1_224' title='bbox 633 2843 681 2885; x_wconf 87' lang='grc'>51</span> <span class='ocrx_word' id='word_1_225' title='bbox 699 2847 750 2880; x_wconf 88' lang='lat' dir='ltr'>nt.</span> <span class='ocrx_word' id='word_1_226' title='bbox 765 2842 801 2883; x_wconf 80' lang='lat'>4.</span> 
     </span>
    </p>
   </div>
   <div class='ocr_carea' id='block_1_10' title="bbox 859 967 1531 2891">
    <p class='ocr_par' dir='ltr' id='par_1_15' title="bbox 1032 967 1349 1019">
     <span class='ocr_line' id='line_1_47' title="bbox 1032 967 1349 1019; baseline -0.009 -13"><span class='ocrx_word' id='word_1_227' title='bbox 1032 969 1063 1006; x_wconf 90' lang='lat' dir='ltr'>C</span> <span class='ocrx_word' id='word_1_228' title='bbox 1077 982 1144 1019; x_wconf 85' lang='lat' dir='ltr'>ap.</span> <span class='ocrx_word' id='word_1_229' title='bbox 1175 967 1349 1004; x_wconf 76' lang='lat' dir='ltr'>XXXIX.</span> 
     </span>
    </p>

    <p class='ocr_par' dir='ltr' id='par_1_16' title="bbox 859 1019 1531 2595">
     <span class='ocr_line' id='line_1_48' title="bbox 919 1019 1525 1075; baseline -0.01 -9"><span class='ocrx_word' id='word_1_230' title='bbox 919 1023 964 1073; x_wconf 79' lang='grc' dir='ltr'>ὃς</span> <span class='ocrx_word' id='word_1_231' title='bbox 992 1024 1075 1075; x_wconf 75' lang='grc' dir='ltr'><em>ἔσχε</em></span> <span class='ocrx_word' id='word_1_232' title='bbox 1110 1021 1250 1075; x_wconf 69' lang='grc' dir='ltr'><em>Σάμον</em></span> <span class='ocrx_word' id='word_1_233' title='bbox 1284 1019 1525 1073; x_wconf 80' lang='grc' dir='ltr'><em>ἐπαναστάς]</em></span> 
     </span>
     <span class='ocr_line' id='line_1_49' title="bbox 860 1080 1528 1132; baseline -0.006 -12"><span class='ocrx_word' id='word_1_234' title='bbox 860 1083 882 1120; x_wconf 89' lang='lat' dir='ltr'>i.</span> <span class='ocrx_word' id='word_1_235' title='bbox 904 1096 936 1121; x_wconf 85' lang='lat' dir='ltr'>e.</span> <span class='ocrx_word' id='word_1_236' title='bbox 971 1084 1033 1132; x_wconf 74' lang='lat' dir='ltr'>qui</span> <span class='ocrx_word' id='word_1_237' title='bbox 1060 1082 1229 1118; x_wconf 67' lang='lat' dir='ltr'>seditione</span> <span class='ocrx_word' id='word_1_238' title='bbox 1259 1085 1351 1116; x_wconf 73' lang='lat' dir='ltr'>mota</span> <span class='ocrx_word' id='word_1_239' title='bbox 1379 1080 1528 1116; x_wconf 77' lang='lat' dir='ltr'>Samum</span> 
     </span>
     <span class='ocr_line' id='line_1_50' title="bbox 861 1138 1530 1190; baseline -0.001 -17"><span class='ocrx_word' id='word_1_240' title='bbox 861 1141 1057 1190; x_wconf 70' lang='lat' dir='ltr'>occupavit.</span> <span class='ocrx_word' id='word_1_241' title='bbox 1125 1139 1221 1175; x_wconf 89' lang='lat' dir='ltr'>Rem</span> <span class='ocrx_word' id='word_1_242' title='bbox 1271 1145 1417 1174; x_wconf 81' lang='lat' dir='ltr'>enarrat</span> <span class='ocrx_word' id='word_1_243' title='bbox 1459 1138 1530 1173; x_wconf 82' lang='grc' dir='ltr'>Ρο-</span> 
     </span>
     <span class='ocr_line' id='line_1_51' title="bbox 861 1191 1529 1246; baseline -0.004 -13"><span class='ocrx_word' id='word_1_244' title='bbox 861 1196 981 1246; x_wconf 75' lang='lat' dir='ltr'>lyaen.</span> <span class='ocrx_word' id='word_1_245' title='bbox 1001 1197 1189 1244; x_wconf 75' lang='lat' dir='ltr'>Strategg.</span> <span class='ocrx_word' id='word_1_246' title='bbox 1213 1195 1307 1240; x_wconf 74' lang='lat'>1,23</span> <span class='ocrx_word' id='word_1_247' title='bbox 1330 1191 1366 1243; x_wconf 73' lang='lat'>§—</span> <span class='ocrx_word' id='word_1_248' title='bbox 1381 1196 1418 1233; x_wconf 79' lang='lat'>2,</span> <span class='ocrx_word' id='word_1_249' title='bbox 1445 1194 1529 1230; x_wconf 89' lang='lat' dir='ltr'>Hoc</span> 
     </span>
     <span class='ocr_line' id='line_1_52' title="bbox 861 1250 1528 1300; baseline -0.006 -10"><span class='ocrx_word' id='word_1_250' title='bbox 861 1258 984 1290; x_wconf 82' lang='lat' dir='ltr'>autem</span> <span class='ocrx_word' id='word_1_251' title='bbox 1012 1253 1147 1288; x_wconf 73' lang='lat' dir='ltr'>sactum</span> <span class='ocrx_word' id='word_1_252' title='bbox 1184 1252 1295 1288; x_wconf 82' lang='lat' dir='ltr'>fuisse</span> <span class='ocrx_word' id='word_1_253' title='bbox 1324 1250 1433 1298; x_wconf 77' lang='lat' dir='ltr'>vulgo</span> <span class='ocrx_word' id='word_1_254' title='bbox 1461 1264 1528 1300; x_wconf 89' lang='lat' dir='ltr'>po—</span> 
     </span>
     <span class='ocr_line' id='line_1_53' title="bbox 860 1306 1528 1358; baseline -0.003 -12"><span class='ocrx_word' id='word_1_255' title='bbox 860 1314 954 1346; x_wconf 87' lang='lat' dir='ltr'>nunt</span> <span class='ocrx_word' id='word_1_256' title='bbox 975 1309 1122 1358; x_wconf 80' lang='lat' dir='ltr'>Olymp.</span> <span class='ocrx_word' id='word_1_257' title='bbox 1141 1308 1240 1355; x_wconf 88' lang='lat' dir='ltr'>LlX,</span> <span class='ocrx_word' id='word_1_258' title='bbox 1255 1306 1292 1346; x_wconf 79' lang='grc'>4.</span> <span class='ocrx_word' id='word_1_259' title='bbox 1324 1307 1528 1344; x_wconf 79' lang='lat' dir='ltr'>Larcherus</span> 
     </span>
     <span class='ocr_line' id='line_1_54' title="bbox 861 1364 1528 1417; baseline -0.001 -15"><span class='ocrx_word' id='word_1_260' title='bbox 861 1373 1035 1417; x_wconf 82' lang='lat' dir='ltr'>posuerat</span> <span class='ocrx_word' id='word_1_261' title='bbox 1066 1366 1212 1415; x_wconf 71' lang='lat' dir='ltr'>Olymp.</span> <span class='ocrx_word' id='word_1_262' title='bbox 1243 1364 1369 1409; x_wconf 83' lang='lat' dir='ltr'>LXH,</span> <span class='ocrx_word' id='word_1_263' title='bbox 1400 1367 1425 1403; x_wconf 76' lang='lat'><strong>2</strong></span> <span class='ocrx_word' id='word_1_264' title='bbox 1460 1365 1528 1411; x_wconf 85' lang='lat' dir='ltr'>(cf.</span> 
     </span>
     <span class='ocr_line' id='line_1_55' title="bbox 861 1421 1529 1471; baseline -0.004 -11"><span class='ocrx_word' id='word_1_265' title='bbox 861 1423 958 1460; x_wconf 86' lang='lat' dir='ltr'>Tab.</span> <span class='ocrx_word' id='word_1_266' title='bbox 989 1422 1150 1459; x_wconf 81' lang='lat' dir='ltr'>chronol.</span> <span class='ocrx_word' id='word_1_267' title='bbox 1179 1434 1262 1471; x_wconf 80' lang='lat' dir='ltr'>pag.</span> <span class='ocrx_word' id='word_1_268' title='bbox 1286 1422 1411 1467; x_wconf 77' lang='lat'>628);</span> <span class='ocrx_word' id='word_1_269' title='bbox 1441 1421 1529 1457; x_wconf 71' lang='lat' dir='ltr'>Vol-</span> 
     </span>
     <span class='ocr_line' id='line_1_56' title="bbox 861 1478 1530 1528; baseline -0.006 -11"><span class='ocrx_word' id='word_1_270' title='bbox 861 1480 964 1517; x_wconf 81' lang='lat' dir='ltr'>neius</span> <span class='ocrx_word' id='word_1_271' title='bbox 984 1479 1086 1522; x_wconf 81' lang='lat' dir='ltr'>LXl,</span> <span class='ocrx_word' id='word_1_272' title='bbox 1102 1480 1139 1519; x_wconf 82' lang='grc'>4,</span> <span class='ocrx_word' id='word_1_273' title='bbox 1158 1478 1342 1524; x_wconf 76' lang='lat' dir='ltr'>Panotka,</span> <span class='ocrx_word' id='word_1_274' title='bbox 1366 1478 1427 1527; x_wconf 88' lang='lat' dir='ltr'>qui</span> <span class='ocrx_word' id='word_1_275' title='bbox 1447 1478 1530 1528; x_wconf 87' lang='lat' dir='ltr'>plu-</span> 
     </span>
     <span class='ocr_line' id='line_1_57' title="bbox 860 1536 1531 1585; baseline -0.003 -12"><span class='ocrx_word' id='word_1_276' title='bbox 860 1537 959 1574; x_wconf 83' lang='lat' dir='ltr'>ribus</span> <span class='ocrx_word' id='word_1_277' title='bbox 984 1537 1161 1585; x_wconf 77' lang='lat' dir='ltr'>disputat,</span> <span class='ocrx_word' id='word_1_278' title='bbox 1181 1549 1253 1584; x_wconf 85' lang='lat' dir='ltr'>quo</span> <span class='ocrx_word' id='word_1_279' title='bbox 1276 1540 1444 1584; x_wconf 84' lang='lat' dir='ltr'>tempore</span> <span class='ocrx_word' id='word_1_280' title='bbox 1461 1536 1531 1572; x_wconf 86' lang='lat' dir='ltr'>Sa-</span> 
     </span>
     <span class='ocr_line' id='line_1_58' title="bbox 859 1591 1530 1642; baseline -0.007 -11"><span class='ocrx_word' id='word_1_281' title='bbox 859 1594 908 1631; x_wconf 92' lang='lat' dir='ltr'>mi</span> <span class='ocrx_word' id='word_1_282' title='bbox 935 1594 1168 1642; x_wconf 76' lang='lat' dir='ltr'>tyrannidem</span> <span class='ocrx_word' id='word_1_283' title='bbox 1195 1593 1397 1641; x_wconf 77' lang='lat' dir='ltr'>susceperit</span> <span class='ocrx_word' id='word_1_284' title='bbox 1418 1591 1530 1640; x_wconf 76' lang='lat' dir='ltr'>Poly-</span> 
     </span>
     <span class='ocr_line' id='line_1_59' title="bbox 860 1650 1526 1698; baseline 0 -10"><span class='ocrx_word' id='word_1_285' title='bbox 860 1656 978 1688; x_wconf 79' lang='lat' dir='ltr'>crates</span> <span class='ocrx_word' id='word_1_286' title='bbox 1012 1650 1204 1698; x_wconf 73' lang='lat' dir='ltr'>(s&#39;amiorr.</span> <span class='ocrx_word' id='word_1_287' title='bbox 1246 1650 1322 1686; x_wconf 85' lang='lat' dir='ltr'>Res</span> <span class='ocrx_word' id='word_1_288' title='bbox 1358 1662 1443 1698; x_wconf 80' lang='lat' dir='ltr'>pag.</span> <span class='ocrx_word' id='word_1_289' title='bbox 1472 1650 1526 1688; x_wconf 76' lang='lat'>29</span> 
     </span>
     <span class='ocr_line' id='line_1_60' title="bbox 860 1705 1528 1756; baseline -0.003 -12"><span class='ocrx_word' id='word_1_290' title='bbox 860 1708 1006 1756; x_wconf 68' lang='lat' dir='ltr'>seqq),</span> <span class='ocrx_word' id='word_1_291' title='bbox 1038 1707 1074 1742; x_wconf 91' lang='lat' dir='ltr'>in</span> <span class='ocrx_word' id='word_1_292' title='bbox 1112 1705 1269 1743; x_wconf 76' lang='lat' dir='ltr'>Bentleii</span> <span class='ocrx_word' id='word_1_293' title='bbox 1306 1706 1528 1743; x_wconf 83' lang='lat' dir='ltr'>sententiam</span> 
     </span>
     <span class='ocr_line' id='line_1_61' title="bbox 861 1762 1526 1812; baseline -0.005 -12"><span class='ocrx_word' id='word_1_294' title='bbox 861 1765 1038 1810; x_wconf 83' lang='lat' dir='ltr'>discedit,</span> <span class='ocrx_word' id='word_1_295' title='bbox 1081 1764 1141 1811; x_wconf 86' lang='lat' dir='ltr'>qui</span> <span class='ocrx_word' id='word_1_296' title='bbox 1179 1763 1325 1812; x_wconf 71' lang='lat' dir='ltr'>Olymp.</span> <span class='ocrx_word' id='word_1_297' title='bbox 1358 1762 1442 1798; x_wconf 89' lang='lat' dir='ltr'>Llll</span> <span class='ocrx_word' id='word_1_298' title='bbox 1457 1792 1466 1809; x_wconf 80' lang='lat'>‚</span> <span class='ocrx_word' id='word_1_299' title='bbox 1502 1764 1526 1802; x_wconf 79' lang='lat'><strong>3</strong></span> 
     </span>
     <span class='ocr_line' id='line_1_62' title="bbox 860 1819 1529 1861; baseline -0.003 -5"><span class='ocrx_word' id='word_1_300' title='bbox 860 1821 928 1857; x_wconf 89' lang='lat' dir='ltr'>hoc</span> <span class='ocrx_word' id='word_1_301' title='bbox 945 1820 1119 1856; x_wconf 75' lang='lat' dir='ltr'>accidisse</span> <span class='ocrx_word' id='word_1_302' title='bbox 1138 1820 1275 1856; x_wconf 78' lang='lat' dir='ltr'>statuit.</span> <span class='ocrx_word' id='word_1_303' title='bbox 1307 1819 1429 1861; x_wconf 86' lang='lat' dir='ltr'>Quam</span> <span class='ocrx_word' id='word_1_304' title='bbox 1443 1831 1529 1855; x_wconf 87' lang='lat' dir='ltr'>sen-</span> 
     </span>
     <span class='ocr_line' id='line_1_63' title="bbox 861 1875 1526 1914; baseline -0.003 -1"><span class='ocrx_word' id='word_1_305' title='bbox 861 1878 1013 1914; x_wconf 87' lang='lat' dir='ltr'>tentiam</span> <span class='ocrx_word' id='word_1_306' title='bbox 1043 1877 1206 1912; x_wconf 68' lang='lat' dir='ltr'>refutans</span> <span class='ocrx_word' id='word_1_307' title='bbox 1236 1876 1262 1912; x_wconf 89' lang='lat' dir='ltr'>I.</span> <span class='ocrx_word' id='word_1_308' title='bbox 1287 1875 1340 1912; x_wconf 88' lang='lat' dir='ltr'>M.</span> <span class='ocrx_word' id='word_1_309' title='bbox 1363 1875 1526 1912; x_wconf 85' lang='lat' dir='ltr'>Schultz.</span> 
     </span>
     <span class='ocr_line' id='line_1_64' title="bbox 861 1933 1526 1983; baseline -0.003 -13"><span class='ocrx_word' id='word_1_310' title='bbox 861 1934 896 1970; x_wconf 90' lang='lat' dir='ltr'>in</span> <span class='ocrx_word' id='word_1_311' title='bbox 919 1934 1095 1983; x_wconf 84' lang='lat' dir='ltr'>Apparat.</span> <span class='ocrx_word' id='word_1_312' title='bbox 1116 1933 1226 1969; x_wconf 84' lang='lat' dir='ltr'>critic.</span> <span class='ocrx_word' id='word_1_313' title='bbox 1248 1945 1334 1982; x_wconf 80' lang='lat' dir='ltr'>pag.</span> <span class='ocrx_word' id='word_1_314' title='bbox 1359 1934 1412 1972; x_wconf 84' lang='lat'>30</span> <span class='ocrx_word' id='word_1_315' title='bbox 1433 1945 1526 1981; x_wconf 59' lang='lat' dir='ltr'>seq„</span> 
     </span>
     <span class='ocr_line' id='line_1_65' title="bbox 860 1988 1529 2039; baseline -0.003 -12"><span class='ocrx_word' id='word_1_316' title='bbox 860 1991 918 2027; x_wconf 83' lang='lat' dir='ltr'>vix</span> <span class='ocrx_word' id='word_1_317' title='bbox 936 1997 1035 2028; x_wconf 86' lang='lat' dir='ltr'>certa</span> <span class='ocrx_word' id='word_1_318' title='bbox 1047 1991 1190 2026; x_wconf 82' lang='lat' dir='ltr'>ratione</span> <span class='ocrx_word' id='word_1_319' title='bbox 1209 1989 1317 2025; x_wconf 85' lang='lat' dir='ltr'>hodie</span> <span class='ocrx_word' id='word_1_320' title='bbox 1332 1988 1425 2025; x_wconf 85' lang='lat' dir='ltr'>effici</span> <span class='ocrx_word' id='word_1_321' title='bbox 1440 2002 1529 2039; x_wconf 88' lang='lat' dir='ltr'>pos-</span> 
     </span>
     <span class='ocr_line' id='line_1_66' title="bbox 862 2045 1527 2095; baseline -0.005 -11"><span class='ocrx_word' id='word_1_322' title='bbox 862 2060 901 2084; x_wconf 88' lang='lat' dir='ltr'>se</span> <span class='ocrx_word' id='word_1_323' title='bbox 921 2052 1061 2093; x_wconf 85' lang='lat' dir='ltr'>monet,</span> <span class='ocrx_word' id='word_1_324' title='bbox 1081 2047 1230 2095; x_wconf 82' lang='lat' dir='ltr'>quaudo</span> <span class='ocrx_word' id='word_1_325' title='bbox 1248 2045 1446 2094; x_wconf 71' lang='lat' dir='ltr'>Polycratis</span> <span class='ocrx_word' id='word_1_326' title='bbox 1460 2046 1527 2081; x_wconf 86' lang='grc' dir='ltr'>(Ιο-</span> 
     </span>
     <span class='ocr_line' id='line_1_67' title="bbox 861 2103 1528 2151; baseline -0.004 -10"><span class='ocrx_word' id='word_1_327' title='bbox 861 2105 1010 2141; x_wconf 81' lang='lat' dir='ltr'>minatio</span> <span class='ocrx_word' id='word_1_328' title='bbox 1032 2105 1067 2139; x_wconf 92' lang='grc'>111</span> <span class='ocrx_word' id='word_1_329' title='bbox 1087 2105 1231 2139; x_wconf 78' lang='lat' dir='ltr'>Samios</span> <span class='ocrx_word' id='word_1_330' title='bbox 1251 2104 1440 2151; x_wconf 84' lang='lat' dir='ltr'>inceperit,</span> <span class='ocrx_word' id='word_1_331' title='bbox 1462 2103 1528 2139; x_wconf 90' lang='lat' dir='ltr'>sed</span> 
     </span>
     <span class='ocr_line' id='line_1_68' title="bbox 861 2159 1527 2212; baseline -0.008 -15"><span class='ocrx_word' id='word_1_332' title='bbox 861 2161 1089 2212; x_wconf 73' lang='lat' dir='ltr'>probabilem</span> <span class='ocrx_word' id='word_1_333' title='bbox 1110 2160 1224 2196; x_wconf 84' lang='lat' dir='ltr'>videri</span> <span class='ocrx_word' id='word_1_334' title='bbox 1245 2159 1392 2196; x_wconf 85' lang='lat' dir='ltr'>Eusebii</span> <span class='ocrx_word' id='word_1_335' title='bbox 1415 2160 1527 2196; x_wconf 79' lang='lat' dir='ltr'>ratio-</span> 
     </span>
     <span class='ocr_line' id='line_1_69' title="bbox 859 2216 1528 2266; baseline -0.003 -12"><span class='ocrx_word' id='word_1_336' title='bbox 859 2231 957 2264; x_wconf 80' lang='lat' dir='ltr'>nem,</span> <span class='ocrx_word' id='word_1_337' title='bbox 990 2218 1051 2266; x_wconf 89' lang='lat' dir='ltr'>qui</span> <span class='ocrx_word' id='word_1_338' title='bbox 1073 2217 1121 2253; x_wconf 83' lang='lat' dir='ltr'>ad</span> <span class='ocrx_word' id='word_1_339' title='bbox 1145 2216 1292 2265; x_wconf 69' lang='lat' dir='ltr'>Olymp.</span> <span class='ocrx_word' id='word_1_340' title='bbox 1313 2216 1430 2262; x_wconf 82' lang='lat' dir='ltr'>LXIl,</span> <span class='ocrx_word' id='word_1_341' title='bbox 1454 2219 1472 2255; x_wconf 84' lang='lat'>1</span> <span class='ocrx_word' id='word_1_342' title='bbox 1499 2229 1528 2252; x_wconf 87' lang='lat' dir='ltr'>s.</span> 
     </span>
     <span class='ocr_line' id='line_1_70' title="bbox 861 2273 1530 2322; baseline -0.006 -10"><span class='ocrx_word' id='word_1_343' title='bbox 861 2274 939 2315; x_wconf 79' lang='lat'>531</span> <span class='ocrx_word' id='word_1_344' title='bbox 965 2286 997 2311; x_wconf 86' lang='lat' dir='ltr'>a.</span> <span class='ocrx_word' id='word_1_345' title='bbox 1012 2274 1096 2311; x_wconf 89' lang='lat' dir='ltr'>Chr.</span> <span class='ocrx_word' id='word_1_346' title='bbox 1113 2287 1146 2310; x_wconf 88' lang='lat' dir='ltr'>n.</span> <span class='ocrx_word' id='word_1_347' title='bbox 1181 2273 1385 2322; x_wconf 76' lang='lat' dir='ltr'>Polycratis</span> <span class='ocrx_word' id='word_1_348' title='bbox 1407 2277 1444 2309; x_wconf 87' lang='lat' dir='ltr'>et</span> <span class='ocrx_word' id='word_1_349' title='bbox 1455 2273 1530 2308; x_wconf 80' lang='lat' dir='ltr'>fra-</span> 
     </span>
     <span class='ocr_line' id='line_1_71' title="bbox 861 2330 1529 2379; baseline -0.003 -12"><span class='ocrx_word' id='word_1_350' title='bbox 861 2336 955 2368; x_wconf 83' lang='lat' dir='ltr'>trum</span> <span class='ocrx_word' id='word_1_351' title='bbox 994 2331 1225 2379; x_wconf 72' lang='lat' dir='ltr'>tyrannidem</span> <span class='ocrx_word' id='word_1_352' title='bbox 1262 2330 1437 2366; x_wconf 85' lang='lat' dir='ltr'>reiecerit.</span> <span class='ocrx_word' id='word_1_353' title='bbox 1473 2350 1529 2356; x_wconf 90' lang='lat'>——</span> 
     </span>
     <span class='ocr_line' id='line_1_72' title="bbox 861 2381 1530 2437; baseline -0.003 -12"><span class='ocrx_word' id='word_1_354' title='bbox 861 2389 921 2425; x_wconf 87' lang='lat' dir='ltr'>Ad</span> <span class='ocrx_word' id='word_1_355' title='bbox 943 2389 1053 2424; x_wconf 87' lang='lat' dir='ltr'>verba</span> <span class='ocrx_word' id='word_1_356' title='bbox 1077 2389 1188 2437; x_wconf 74' lang='grc' dir='ltr'><em>τριχῆ</em></span> <span class='ocrx_word' id='word_1_357' title='bbox 1211 2381 1435 2436; x_wconf 77' lang='grc' dir='ltr'><em>δασάμενος</em></span> <span class='ocrx_word' id='word_1_358' title='bbox 1456 2382 1530 2434; x_wconf 71' lang='grc' dir='ltr'><em>τήν</em></span> 
     </span>
     <span class='ocr_line' id='line_1_73' title="bbox 863 2441 1531 2493; baseline -0.007 -10"><span class='ocrx_word' id='word_1_359' title='bbox 863 2441 983 2483; x_wconf 80' lang='grc' dir='ltr'><em>πόλιν</em></span> <span class='ocrx_word' id='word_1_360' title='bbox 1006 2446 1101 2481; x_wconf 87' lang='lat' dir='ltr'>conf.</span> <span class='ocrx_word' id='word_1_361' title='bbox 1131 2457 1225 2493; x_wconf 83' lang='lat' dir='ltr'>quae</span> <span class='ocrx_word' id='word_1_362' title='bbox 1256 2455 1365 2493; x_wconf 86' lang='lat' dir='ltr'>supra</span> <span class='ocrx_word' id='word_1_363' title='bbox 1394 2444 1441 2479; x_wconf 87' lang='lat' dir='ltr'>ad</span> <span class='ocrx_word' id='word_1_364' title='bbox 1466 2442 1531 2489; x_wconf 83' lang='lat' dir='ltr'>Ill,</span> 
     </span>
     <span class='ocr_line' id='line_1_74' title="bbox 863 2499 1531 2550; baseline -0.004 -12"><span class='ocrx_word' id='word_1_365' title='bbox 863 2504 916 2542; x_wconf 77' lang='lat'>26</span> <span class='ocrx_word' id='word_1_366' title='bbox 954 2501 1145 2538; x_wconf 83' lang='lat' dir='ltr'>occasione</span> <span class='ocrx_word' id='word_1_367' title='bbox 1176 2500 1301 2538; x_wconf 80' lang='lat' dir='ltr'>oblata</span> <span class='ocrx_word' id='word_1_368' title='bbox 1333 2499 1531 2550; x_wconf 89' lang='lat' dir='ltr'>adscripsi-</span> 
     </span>
     <span class='ocr_line' id='line_1_75' title="bbox 861 2571 953 2595; baseline 0.011 -1"><span class='ocrx_word' id='word_1_369' title='bbox 861 2571 953 2595; x_wconf 81' lang='lat' dir='ltr'>nius.</span> 
     </span>
    </p>

    <p class='ocr_par' dir='ltr' id='par_1_17' title="bbox 859 2608 1527 2891">
     <span class='ocr_line' id='line_1_76' title="bbox 919 2608 1527 2665; baseline -0.007 -12"><span class='ocrx_word' id='word_1_370' title='bbox 919 2614 1100 2665; x_wconf 76' lang='grc' dir='ltr'><em>ξεινηΐην</em></span> <span class='ocrx_word' id='word_1_371' title='bbox 1111 2635 1160 2642; x_wconf 92' lang='grc'><strong>-</strong></span> <span class='ocrx_word' id='word_1_372' title='bbox 1173 2608 1440 2663; x_wconf 78' lang='grc' dir='ltr'><em>συνεθήκατο]</em></span> <span class='ocrx_word' id='word_1_373' title='bbox 1456 2612 1527 2659; x_wconf 77' lang='grc' dir='ltr'><em>ξει-</em></span> 
     </span>
     <span class='ocr_line' id='line_1_77' title="bbox 862 2669 1527 2721; baseline -0.012 -10"><span class='ocrx_word' id='word_1_374' title='bbox 862 2673 981 2721; x_wconf 66' lang='grc' dir='ltr'><em>νηΐην</em></span> <span class='ocrx_word' id='word_1_375' title='bbox 1000 2672 1056 2708; x_wconf 90' lang='lat' dir='ltr'>hie</span> <span class='ocrx_word' id='word_1_376' title='bbox 1067 2671 1194 2721; x_wconf 86' lang='lat' dir='ltr'>optimi</span> <span class='ocrx_word' id='word_1_377' title='bbox 1207 2671 1343 2720; x_wconf 86' lang='lat' dir='ltr'>quique</span> <span class='ocrx_word' id='word_1_378' title='bbox 1355 2670 1446 2715; x_wconf 81' lang='lat' dir='ltr'>libri,</span> <span class='ocrx_word' id='word_1_379' title='bbox 1467 2669 1527 2716; x_wconf 84' lang='lat' dir='ltr'>qui</span> 
     </span>
     <span class='ocr_line' id='line_1_78' title="bbox 859 2725 1527 2775; baseline -0.009 -9"><span class='ocrx_word' id='word_1_380' title='bbox 859 2730 968 2766; x_wconf 82' lang='lat' dir='ltr'>iidem</span> <span class='ocrx_word' id='word_1_381' title='bbox 992 2729 1018 2775; x_wconf 88' lang='lat' dir='ltr'>l,</span> <span class='ocrx_word' id='word_1_382' title='bbox 1039 2730 1104 2768; x_wconf 71' lang='grc'>27.</span> <span class='ocrx_word' id='word_1_383' title='bbox 1134 2728 1180 2774; x_wconf 82' lang='grc' dir='ltr'>ΙΙ,</span> <span class='ocrx_word' id='word_1_384' title='bbox 1206 2729 1298 2768; x_wconf 75' lang='grc'>182.</span> <span class='ocrx_word' id='word_1_385' title='bbox 1325 2726 1388 2772; x_wconf 86' lang='grc' dir='ltr'>ΙΙΙ,</span> <span class='ocrx_word' id='word_1_386' title='bbox 1412 2725 1463 2764; x_wconf 78' lang='lat'>43</span> <span class='ocrx_word' id='word_1_387' title='bbox 1490 2726 1527 2760; x_wconf 90' lang='lat' dir='ltr'>in</span> 
     </span>
     <span class='ocr_line' id='line_1_79' title="bbox 860 2784 1527 2834; baseline -0.009 -12"><span class='ocrx_word' id='word_1_388' title='bbox 860 2786 1019 2822; x_wconf 84' lang='lat' dir='ltr'>lectione</span> <span class='ocrx_word' id='word_1_389' title='bbox 1044 2785 1196 2834; x_wconf 78' lang='grc' dir='ltr'><em>ξεινίην</em></span> <span class='ocrx_word' id='word_1_390' title='bbox 1217 2784 1449 2834; x_wconf 83' lang='lat' dir='ltr'>conspirant,</span> <span class='ocrx_word' id='word_1_391' title='bbox 1480 2792 1527 2816; x_wconf 86' lang='lat' dir='ltr'>ne</span> 
     </span>
     <span class='ocr_line' id='line_1_80' title="bbox 862 2840 1524 2891; baseline -0.011 -13"><span class='ocrx_word' id='word_1_392' title='bbox 862 2842 1044 2880; x_wconf 87' lang='lat' dir='ltr'>Sancrofti</span> <span class='ocrx_word' id='word_1_393' title='bbox 1067 2842 1217 2891; x_wconf 89' lang='lat' dir='ltr'>quidem</span> <span class='ocrx_word' id='word_1_394' title='bbox 1238 2840 1331 2878; x_wconf 89' lang='lat' dir='ltr'>libro</span> <span class='ocrx_word' id='word_1_395' title='bbox 1359 2841 1524 2887; x_wconf 84' lang='lat' dir='ltr'>excepto,</span> 
     </span>
    </p>
   </div>
   <div class='ocr_carea' id='block_1_11' title="bbox 1531 305 1807 668">
    <p class='ocr_par' dir='ltr' id='par_1_18' title="bbox 1531 305 1807 668">
     <span class='ocr_line' id='line_1_81' title="bbox 1531 305 1805 341; baseline 0.011 -10"><span class='ocrx_word' id='word_1_396' title='bbox 1531 305 1723 341; x_wconf 71' lang='lat' dir='ltr'>Polycrates,</span> <span class='ocrx_word' id='word_1_397' title='bbox 1750 305 1805 334; x_wconf 79' lang='lat' dir='ltr'>Sa—</span> 
     </span>
     <span class='ocr_line' id='line_1_82' title="bbox 1532 341 1772 373; baseline 0.013 -9"><span class='ocrx_word' id='word_1_398' title='bbox 1532 341 1568 365; x_wconf 87' lang='lat' dir='ltr'>mi</span> <span class='ocrx_word' id='word_1_399' title='bbox 1613 345 1772 373; x_wconf 65' lang='lat' dir='ltr'>tyrannus,</span> 
     </span>
     <span class='ocr_line' id='line_1_83' title="bbox 1531 375 1773 400; baseline 0.017 -4"><span class='ocrx_word' id='word_1_400' title='bbox 1531 381 1595 398; x_wconf 79' lang='lat' dir='ltr'>cuin</span> <span class='ocrx_word' id='word_1_401' title='bbox 1627 375 1773 400; x_wconf 61' lang='lat' dir='ltr'>fratribus</span> 
     </span>
     <span class='ocr_line' id='line_1_84' title="bbox 1532 407 1807 442; baseline 0.025 -14"><span class='ocrx_word' id='word_1_402' title='bbox 1532 407 1676 437; x_wconf 67' lang='lat' dir='ltr'>«promotio</span> <span class='ocrx_word' id='word_1_403' title='bbox 1697 409 1807 442; x_wconf 69' lang='lat' dir='ltr'>egerit:</span> 
     </span>
     <span class='ocr_line' id='line_1_85' title="bbox 1534 438 1806 471; baseline 0.015 -8"><span class='ocrx_word' id='word_1_404' title='bbox 1534 438 1692 471; x_wconf 52' lang='lat' dir='ltr'>homnium</span> <span class='ocrx_word' id='word_1_405' title='bbox 1739 451 1806 467; x_wconf 77' lang='lat' dir='ltr'>rou-</span> 
     </span>
     <span class='ocr_line' id='line_1_86' title="bbox 1533 473 1806 501; baseline 0.022 -6"><span class='ocrx_word' id='word_1_406' title='bbox 1533 473 1623 498; x_wconf 54' lang='lat' dir='ltr'>trahit</span> <span class='ocrx_word' id='word_1_407' title='bbox 1645 482 1708 500; x_wconf 77' lang='lat' dir='ltr'>cum</span> <span class='ocrx_word' id='word_1_408' title='bbox 1727 478 1806 501; x_wconf 58' lang='lat' dir='ltr'>tina-</span> 
     </span>
     <span class='ocr_line' id='line_1_87' title="bbox 1533 505 1807 540; baseline 0.022 -11"><span class='ocrx_word' id='word_1_409' title='bbox 1533 505 1614 540; x_wconf 56' lang='lat' dir='ltr'>shlv:</span> <span class='ocrx_word' id='word_1_410' title='bbox 1636 507 1741 533; x_wconf 65' lang='lat' dir='ltr'>vicinis</span> <span class='ocrx_word' id='word_1_411' title='bbox 1763 509 1807 534; x_wconf 65' lang='lat' dir='ltr'>iu&lt;</span> 
     </span>
     <span class='ocr_line' id='line_1_88' title="bbox 1535 538 1807 570; baseline 0.018 -7"><span class='ocrx_word' id='word_1_412' title='bbox 1535 538 1647 570; x_wconf 52' lang='lat' dir='ltr'>tutus,</span> <span class='ocrx_word' id='word_1_413' title='bbox 1668 540 1743 566; x_wconf 72' lang='lat' dir='ltr'>bvlln</span> <span class='ocrx_word' id='word_1_414' title='bbox 1764 542 1807 568; x_wconf 76' lang='lat' dir='ltr'>se-</span> 
     </span>
     <span class='ocr_line' id='line_1_89' title="bbox 1534 571 1805 604; baseline 0.022 -9"><span class='ocrx_word' id='word_1_415' title='bbox 1534 571 1591 598; x_wconf 67' lang='lat' dir='ltr'>lix:</span> <span class='ocrx_word' id='word_1_416' title='bbox 1632 575 1707 604; x_wconf 60' lang='lat' dir='ltr'>rapu</span> <span class='ocrx_word' id='word_1_417' title='bbox 1736 575 1805 600; x_wconf 67' lang='lat' dir='ltr'>Lvs-</span> 
     </span>
     <span class='ocr_line' id='line_1_90' title="bbox 1533 604 1805 636; baseline 0.022 -7"><span class='ocrx_word' id='word_1_418' title='bbox 1533 604 1591 636; x_wconf 77' lang='lat' dir='ltr'>hii,</span> <span class='ocrx_word' id='word_1_419' title='bbox 1628 606 1718 632; x_wconf 72' lang='grc' dir='ltr'>11111·ῑί</span> <span class='ocrx_word' id='word_1_420' title='bbox 1747 609 1805 635; x_wconf 67' lang='lat' dir='ltr'>soz-</span> 
     </span>
     <span class='ocr_line' id='line_1_91' title="bbox 1531 638 1740 668; baseline 0.019 -4"><span class='ocrx_word' id='word_1_421' title='bbox 1531 646 1593 666; x_wconf 75' lang='lat' dir='ltr'>sain</span> <span class='ocrx_word' id='word_1_422' title='bbox 1613 638 1740 668; x_wconf 76' lang='lat' dir='ltr'>fodiunt.</span> 
     </span>
    </p>
   </div>
  </div>
 </body>
</html>
