1863 3256
111 911 196 938 Anno
221 914 286 945 post
312 913 388 938 altv-

112 953 164 971 rae
178 946 306 972 inferiae
319 954 386 971 cru-

128 978 276 1005 deliores:
299 979 370 1005 nuHi

111 1012 190 1037 servi
202 1012 320 1044 Scythis
337 1020 389 1047 pc-

111 1045 199 1072 cunia
217 1046 300 1074 emti.

447 166 532 207 416

418 274 662 326 7τείνουσι,
716 276 790 319 καὶ
831 276 973 320 ἔπειτα
1015 277 1111 330 ῥιψὶ
1147 275 1520 331 καταστεγάζουσι.

844 166 1312 207 HERODOTI

1579 278 1626 322 ἐν
1664 280 1711 324 δὲ

445 348 500 401 τῇ
528 350 660 401 λοιπῇ
691 345 935 402 εὐρυχωρίῃ
965 349 1038 400 τῆς
1067 346 1227 402 θήκης,
1264 350 1354 390 τῶν
1382 348 1637 391 παλλακέων
1665 365 1710 393 τε

445 416 552 470 μίαν
598 415 911 466 ἀποπνίξαντες
956 414 1202 469 θάπτουσι,
1251 417 1323 460 καὶ
1366 416 1445 460 τόν
1488 417 1766 474 οἰνοχόον,15

444 486 520 530 καὶ
561 485 793 540 μάγειρον,
838 485 912 528 καὶ
951 485 1217 541 ἱπποκόμον,
1257 487 1332 529 καὶ
1369 486 1599 542 διήκονον,
1636 490 1712 532 καὶ

445 554 792 610 ἀγγελιηφόρον,
837 556 910 598 καὶ
941 556 1118 609 ἵππους,
1160 557 1233 599 καὶ
1269 562 1358 600 τῶν
1395 557 1537 601 ἄλλων
1575 557 1710 603 ἁπάν-

443 642 531 668 των
564 624 783 679 ἁπαρχοὶς,
815 626 888 668 καὶ
920 626 1078 681 φιάλας
1106 627 1308 682 χρυσέας·
1349 625 1526 687 α’ργύρῳ
1558 630 1602 673 δὲ
1633 629 1711 674 οὗ·

414 696 522 739 8ὸὲν
561 693 664 738 ου’ὸὲ
701 700 844 751 χαλκῷ
889 696 1120 751 χρέωνται·
1168 703 1304 741 ταῦτα
1349 701 1394 742 ὁὲ
1437 700 1709 757 ποιήσαντες,

442 768 570 821 χοῦσι
600 763 757 816 πάντες
785 770 908 821 χεῦμα
937 767 1070 822 μέγα,

318 848 384 892 72
442 835 646 891 μεόμενοι
676 834 735 887 ὥς
764 838 966 891 μέγιστον
995 842 1190 893 ποιῆσαι.
1257 838 1489 884 Ἐνιαυτοῦ
1519 843 1564 885 ὁὲ
1593 859 1711 897 περι-

446 905 719 962 φερομένου,
768 902 890 958 αὗτις
929 912 1100 950 ποιεῦσι
1135 909 1318 953 τοιόνδε.

444 981 611 1020 λοιπῶν
655 976 946 1031 θεραπόντων
990 978 1096 1030 τούς
1143 979 1528 1036 ἐπιτηδειοτάτους·
1582 985 1627 1026 οἱ
1662 983 1710 1027 δέ

1105 767 1417 824 ἁμιλλειόμενοι
1445 772 1517 814 καὶ
1545 778 1765 827 προθυ-Ξο

1378 911 1585 966 λαβόντες
1621 917 1711 956 τῶν

443 1050 527 1092 εἰσι
555 1048 735 1092 Σκύθαι
764 1047 972 1104 ἐγγενέες·
1027 1045 1150 1093 οὗτοι
1189 1050 1272 1106 γαρ
1314 1049 1366 1107 δὴ
1409 1051 1708 1106 θεραπεύουσι

444 1119 547 1169 τοὺς
577 1118 630 1162 ἂν
659 1118 791 1170 αὐτὸς
820 1117 843 1163 ὁ
874 1120 1074 1175 βασιλεύς
1103 1120 1306 1178 κελεύσῃ,
1339 1120 1639 1179 ἀργυρώνητοι
1662 1124 1708 1172 δὲ

415 1188 534 1233 20in
564 1191 645 1233 εἰσί
670 1201 749 1246 σφι
778 1189 1067 1244 θεράποντες·

1107 1191 1277 1236 τούτων
1299 1188 1361 1237 οἷν
1384 1198 1473 1237 τῶν
1492 1192 1708 1249 διηκόνων
1719 1201 1764 1236 25

445 1259 576 1304 ἐπεάν
620 1259 889 1314 ἀποπνίξωσι
933 1260 1226 1319 πεντήκοντα,
1285 1265 1360 1308 καὶ
1403 1266 1564 1317 ἵππους
1605 1266 1708 1317 τοὺς

443 1391 551 1444 ῥιψὶ]
574 1393 683 1440 „Vid.
702 1392 749 1440 Π,
770 1394 822 1432 96
842 1396 880 1430 et
891 1392 1043 1441 Dionys.

384 1449 516 1499 Chrysi.
547 1450 611 1487 Or.
644 1449 729 1486 XIV
764 1462 849 1500 pag.
881 1451 962 1489 219
996 1450 1044 1486 ad

383 1505 477 1542 haee
534 1505 750 1543 Herodotea
811 1505 1043 1542 alludentem.

383 1562 568 1599 Barbarus
587 1561 859 1598 contumulandi
880 1574 957 1597 mos
975 1561 1044 1598 etsi

340 1660 343 1664 ἢ
382 1617 564 1665 Scythae,
612 1618 649 1654 in
685 1630 789 1654 sacra
819 1618 1043 1654 Christiano-

382 1686 462 1711 rum
493 1675 736 1722 transgressi,
784 1686 867 1710 eum
894 1674 1043 1710 abdica-

382 1730 476 1777 rint,
507 1730 745 1768 Theodoreto
761 1730 824 1766 Or.
845 1730 893 1767 ad
908 1730 1042 1767 Graec.

382 1787 435 1823 IX
455 1800 490 1836 p.
516 1788 595 1828 129
618 1790 723 1831 teste,
748 1786 911 1823 nondum
934 1786 1042 1837 plane

382 1843 421 1879 in
441 1843 635 1880 Tartariae
655 1842 948 1892 Lithuaniaeque
971 1843 1041 1879 oris

384 1903 519 1936 cessat.
585 1899 668 1936 vid.
713 1898 866 1936 Memor.
914 1899 1041 1947 Scyth.

382 1954 517 2004 Bayeri
538 1956 742 1993 Comment.
765 1954 877 1992 Acad.
892 1955 1043 2005 Petrop.

384 2010 433 2048 T.
452 2011 503 2048 ΙΙΙ
528 2025 565 2063 p.
588 2012 710 2052 359.“
762 2011 1041 2060 Wesselz'ng.

382 2067 495 2105 Italus
550 2069 729 2118 interpres
782 2068 1043 2116 interpretatur

383 2126 512 2161 vimine
526 2125 719 2175 flesse'bz'le,
749 2136 845 2160 ramo
864 2125 903 2160 di
921 2124 1041 2172 salice,

384 2181 526 2227 stunja,
565 2182 740 2230 gratiaci,
784 2181 896 2230 idque
926 2181 1041 2230 ipsum

382 2238 557 2286 praefert.
611 2238 683 2281 Qui
723 2237 819 2274 idem
857 2237 1039 2274 crudelem

382 2305 540 2339 morem,
588 2295 661 2343 quo
703 2293 740 2330 in
780 2293 879 2341 regis
913 2294 1039 2330 sunere

382 2349 558 2397 ministri,
602 2362 757 2394 uxores,
804 2350 862 2387 alii
899 2349 1040 2387 interfi-

383 2405 544 2451 ciuntur,
579 2406 719 2453 attigit,
756 2406 803 2442 de
827 2405 957 2441 'l'urcis
987 2406 1040 2441 si-

382 2460 466 2497 mile
485 2461 571 2509 quid
593 2462 761 2497 ass'erens.
792 2460 886 2497 Add.
900 2461 1039 2498 Herod.

381 2516 428 2563 V,
447 2516 472 2556 4
492 2521 527 2553 et
547 2516 665 2553 Nicol.
686 2516 850 2552 Damaso.
873 2518 1038 2564 fragium.

381 2585 418 2622 p.
450 2572 540 2612 155.
573 2575 648 2613 161
688 2572 798 2608 Orell.
833 2572 1038 2609 Tzschuck.

382 2629 431 2664 ad
451 2627 538 2665 Mel.
556 2632 650 2665 nott.
672 2641 799 2676 exegg.
819 2627 863 2674 H,
883 2630 908 2666 2
929 2641 964 2677 p.
986 2631 1035 2667 81

381 2683 525 2720 voklll
548 2684 588 2724 P.
610 2684 653 2721 ll.
685 2683 733 2720 Et
750 2684 1039 2732 antiquissimum

382 2740 636 2789 Morigolorum
670 2752 748 2777 esse
782 2753 918 2777 morem
939 2769 950 2786 ,
1001 2743 1039 2776 ut

384 2795 450 2844 iis,
508 2798 572 2848 qui
614 2796 853 2848 sepeliantur,
901 2796 1040 2848 optima

1101 1406 1270 1444 quaeque
1287 1394 1323 1430 in
1340 1394 1415 1431 vita
1436 1407 1485 1432 sc.
1510 1407 1606 1444 quae
1624 1394 1764 1434 habue-

1101 1452 1192 1496 rint,
1220 1451 1404 1487 addantur
1424 1451 1460 1487 in
1481 1451 1660 1500 sepulcro,
1685 1465 1763 1490 mo·-

1100 1512 1165 1544 net
1186 1507 1322 1544 Gorres
1342 1506 1618 1555 Mythengesch.
1641 1508 1655 1544 1
1673 1520 1761 1557 pag.

1104 1564 1197 1608 198,
1218 1562 1286 1598 hoc
1306 1575 1452 1612 quoque
1471 1563 1641 1610 ass'erens,
1661 1564 1762 1612 qnod

1099 1619 1148 1655 ad
1186 1619 1369 1655 Herodoti
1408 1619 1653 1657 narrationem
1695 1619 1761 1667 1V,

1099 1677 1154 1716 72
1177 1675 1338 1711 nonnihil
1358 1675 1462 1720 facit,
1500 1675 1602 1724 equis
1623 1675 1762 1714 corium

1098 1732 1210 1768 fuisse
1251 1732 1474 1778 detractum,
1522 1732 1622 1781 quod
1664 1744 1762 1780 mox,

1099 1787 1278 1836 repletum
1301 1788 1488 1834 stramine,
1518 1792 1672 1836 quatuor
1693 1800 1760 1838 pe-

1100 1844 1204 1880 dibus
1227 1844 1398 1881 insistens
1421 1845 1592 1892 erigatur.
1615 1863 1671 1872 —
1697 1842 1759 1882 Ad

1101 1895 1396 1951 οἷγγελιηφόρον
1418 1901 1512 1939 conf.
1541 1900 1568 1945 1,
1590 1902 1655 1940 99.
1695 1901 1760 1949 111,

1101 1958 1166 1996 84.
1192 1958 1270 1997 118
1294 1957 1417 2005 ibique
1439 1957 1579 1992 adnott.

1281 2012 1390 2062 Cap.
1421 2012 1572 2048 LXXII.

1152 2063 1360 2107 Ἑνιαυτοῦ
1405 2065 1448 2106 δὲ
1493 2065 1758 2119 περιφερομέ-

1099 2124 1189 2173 νου]
1231 2125 1373 2174 Sponte
1400 2125 1437 2161 in
1465 2129 1625 2161 mentem
1659 2125 1759 2162 venit

1097 2181 1333 2218 Homericum
1347 2180 1435 2218 iliud
1450 2178 1601 2231 (Odyss.
1620 2180 1646 2228 I,
1665 2178 1755 2229 16):

1098 2235 1398 2288 περιπλομένων
1431 2235 1646 2282 ἐνιαυτοῖν,
1684 2236 1759 2272 vvl-

1097 2295 1258 2330 ventibus
1280 2295 1399 2340 annis,
1428 2297 1467 2329 ut
1485 2293 1605 2330 reddit
1628 2291 1755 2341 virgil.

1097 2349 1189 2387 Aen.
1211 2350 1239 2396 1,
1261 2350 1354 2390 234.

1152 2403 1273 2444 ἐπεσὶν
1303 2401 1551 2451 ἀποπνίξωσι
1583 2419 1617 2445 κ.
1641 2419 1673 2443 τ.
1705 2405 1753 2455 λ.]

1099 2461 1213 2497 Simiii
1234 2462 1364 2508 modo,
1406 2465 1447 2497 ut
1465 2462 1513 2497 ad
1535 2462 1568 2497 h.
1590 2461 1610 2497 Ι.
1640 2474 1756 2498 anno-

1096 2521 1148 2553 tat
1168 2517 1356 2563 Larcher.,
1386 2517 1497 2554 Sinae
1517 2517 1667 2565 quidam
1686 2518 1756 2554 im-

1096 2577 1256 2622 perator,
1286 2573 1476 2609 Tartarica
1501 2574 1614 2623 stirpe
1632 2574 1756 2610 oriun-

1097 2629 1164 2665 dus
1186 2629 1221 2665 in
1249 2630 1412 2677 coniugis
1433 2634 1597 2667 mortuae
1618 2629 1755 2666 tumulo

1097 2684 1177 2734 plus
1205 2686 1354 2733 triginta
1389 2697 1512 2722 servos
1540 2686 1655 2722 fertur
1687 2686 1757 2722 im-

1095 2740 1262 2779 molasse.
1284 2762 1340 2769 —-
1368 2737 1499 2780 αὐτῶν
1530 2741 1659 2791 scripsi
1686 2753 1754 2791 pro

1097 2791 1273 2846 αὐτέων,
1313 2801 1354 2835 ut
1373 2801 1483 2836 antea
1503 2793 1655 2837 τούτων
1683 2809 1753 2849 pro

1773 1059 1851 1103 314

1860 1369 1863 1389 t
