1863 3256
431 104 995 148 MELPOMENE.
1055 105 1116 142 IV.

1327 111 1410 150 333

143 219 195 276 δη
225 221 265 262 τί
303 220 408 267 ἐστι,
459 218 569 261 ἔνθα
597 232 704 267 τους
731 215 810 271 μὲν
840 211 954 259 ὀκτω
986 217 1076 257 τῶν
1105 216 1258 270 μηνῶν
1288 212 1399 299 ἀφό-
1412 224 1433 257 5
1462 231 1511 259 hie
1496 240 1557 259 em
1576 237 1642 261 Μ
1645 237 1742 262 eatan:

139 361 281 416 πηλόν
319 359 373 403 ου’
414 360 630 416 ποιήσεις·

1464 273 1480 290 e

140 308 272 346 ρητος
311 288 404 341 οἷος
440 289 603 344 γίνεται
641 285 831 342 κρυμὸς,
875 285 923 328 ἐν
953 290 1065 328 τοῖσι
1095 284 1216 339 ὕδωρ
1247 285 1406 341 ἐκχέας,
1465 306 1553 392 erm

691 361 781 411 πῦρ
823 356 869 399 δὲ
912 355 1159 406 ἀνακαίων,
1211 355 1409 412 ποιήσεις
1466 372 1523 399 qua

111 430 295 486 Ξπηλόν.
358 428 384 486 ἡ
426 431 472 473 δὲ
503 430 706 473 θάλασσα
735 428 971 484 πήγνυται,
1016 427 1089 471 καὶ
1120 424 1142 470 ὁ
1175 424 1410 480 Βόσπορος

137 505 221 551 πᾶς
251 499 275 543 ὁ
307 499 564 556 Κιμμέριος·
596 500 670 543 καὶ
699 499 768 542 ἐπὶ
798 502 880 542 τοῦ
908 497 1183 552 κρυστάλλου
1215 499 1257 540 οἱ
1286 496 1408 548 ἐντὸς
1464 505 1546 544 293

137 569 313 626 τάφρου
337 568 518 613 Σκύθαι
541 570 850 626 κατοικημένοι
882 567 1213 622 στρατεύονται,
1243 568 1316 612 καὶ
1338 567 1411 620 τὰς
1424 577 1467 609 10

109 639 304 698 3ἆμάξας
334 640 624 686 ἐπελαύνουσι
654 641 792 698 πέρην
822 641 864 692 ἐς
892 639 997 691 τούς
1026 638 1234 690 Σινδούς.
1292 639 1408 683 οὕτω

81 847 139 872 me
151 833 378 882 indiguerint
398 832 549 880 incolae,
563 835 622 881 ea,
635 847 743 883 quam

81 903 193 940 supra
215 891 384 936 diximus,
415 890 472 926 via
493 889 561 940 (ad
585 891 647 937 IV,
669 892 745 939 24)

81 947 324 996 acquirendis.
361 946 544 984 Mannert.
564 946 614 984 IV
635 961 671 998 p.
690 950 740 988 71

81 1016 176 1053 quae
206 1004 260 1040 hic
288 1003 336 1040 de
364 1003 474 1039 nimio
496 1004 636 1052 frigore
658 1017 745 1054 pro-

82 1060 230 1106 duntur,
261 1060 348 1097 inde
370 1060 518 1110 repetit,
540 1061 640 1109 quod
663 1061 742 1098 He-

80 1117 231 1153 rodotus
273 1117 394 1164 regios
437 1116 593 1166 Scythas
630 1117 742 1153 multo

78 1173 195 1221 magis
217 1172 508 1222 septentrionem
527 1185 654 1210 versus
675 1174 742 1210 sibi

80 1229 305 1278 cogitaverit.
325 1250 380 1256 ——
411 1227 468 1265 Ad
501 1225 605 1268 οὕτω
635 1225 684 1281 δή
705 1245 742 1268 τι

79 1286 176 1323 conf.
202 1289 295 1322 nott.
320 1285 369 1322 ad
391 1285 452 1331 III,
480 1288 570 1327 120.

138 1340 241 1380 ἔνθα
264 1338 359 1388 τούς
378 1339 449 1392 μὲν
467 1337 568 1381 (intui
590 1358 624 1381 κ.
641 1357 672 1380 τ.
689 1340 739 1392 λ.]

80 1399 243 1450 Respicit
266 1399 356 1436 haec
378 1399 544 1436 Eustath.
574 1401 624 1436 ad
647 1399 739 1436 Dio-

79 1468 159 1505 nys.
194 1455 335 1504 Perieg.
375 1457 466 1495 669.
527 1456 586 1492 Ad
627 1456 739 1493 verba

80 1506 285 1562 ἀφόρητος
305 1513 388 1557 οἱος
410 1514 504 1549 conf.
524 1512 658 1550 Matth.
673 1512 738 1549 Gr.

81 1568 146 1605 Gr.
169 1566 204 1619 ξ.
224 1567 320 1614 445,
345 1571 383 1609 6
407 1569 440 1605 b.

136 1622 165 1675 ἦ
207 1622 250 1663 δὲ
287 1620 476 1663 θαλασσα
515 1619 738 1676 πήγνυται]

79 1681 292 1718 Consimilia
307 1711 320 1728 ,
379 1695 474 1731 quae
519 1682 739 1732 interpretes

78 1737 301 1784 attulerunt,
341 1738 512 1787 leguntur
537 1740 638 1788 apud
661 1738 742 1775 Vir-

78 1793 140 1843 gil.
162 1794 301 1843 Georg.
325 1794 395 1841 111,
418 1797 512 1836 360.
536 1795 646 1832 Ovid.
683 1795 742 1833 Ex

77 1850 185 1888 Pont.
212 1850 274 1897 IV,
305 1853 344 1898 9,
371 1851 437 1892 84.
467 1850 546 1901 [III‚
584 1854 621 1897 1,
658 1851 738 1902 15.]

77 1906 257 1957 Pompon.
276 1906 364 1945 Mel.
387 1907 414 1955 1,
437 1911 502 1955 19,
532 1906 624 1948 140.
672 1909 742 1946 Se-

77 1976 157 2001 nec.
176 1964 288 2001 Herc.
307 1965 393 2001 Fur.
419 1965 503 2006 530
534 1963 615 2002 coll.
643 1964 739 2003 Gell.

77 2019 128 2058 N.
159 2018 202 2057 A.
233 2020 355 2068 XVII,
384 2023 420 2060 8.
461 2021 625 2058 Macrob.
661 2023 740 2060 Sat.

77 2076 159 2124 VII,
189 2079 240 2117 12
261 2081 298 2115 et
316 2077 467 2115 Diodor.
488 2078 560 2116 Sic.
586 2078 651 2125 ΙΙΙ,
674 2077 740 2119 34.

79 2132 132 2181 V,
161 2132 227 2174 25.

136 2188 178 2228 οἱ
210 2186 322 2236 ἐντός
363 2185 521 2241 τάφρου
558 2186 738 2241 Σκύθαι]

80 2246 138 2283 Cf.
157 2250 251 2284 nott.
281 2247 329 2284 ad
355 2247 418 2294 lV,
451 2249 489 2288 3.
547 2247 632 2285 Duo
659 2248 740 2286 libri

80 2297 248 2354 τέφρης.
305 2303 364 2341 De
392 2317 464 2353 quo
482 2305 553 2341 vid.
576 2308 668 2342 nott.
689 2305 738 2342 ad

80 2357 145 2404 IV,
166 2361 260 2401 201.
280 2381 335 2387 —
364 2360 437 2397 Pro
458 2356 738 2412 στρατεύονται

81 2414 322 2453 Valckenario
358 2418 395 2454 in
433 2423 591 2455 mentem
638 2419 739 2456 venit

85 2467 348 2520 οἷμαξεύονται
390 2473 447 2512 vel
484 2470 738 2522 ἱππεύονται,

84 2526 231 2577 Toupio
261 2529 442 2568 Emendd.
479 2531 516 2568 in
544 2531 648 2568 Suid.
685 2532 738 2569 111

84 2595 170 2633 pag
195 2583 276 2625 443
310 2585 410 2636 Lips.
433 2583 738 2640 στραγγεύονται

85 2639 136 2686 (i.
164 2653 195 2677 e.
225 2654 326 2690 super
351 2643 501 2691 glaciem
530 2646 737 2694 otz‘antur);

83 2697 185 2745 quod
226 2697 345 2746 ipsum
388 2701 507 2737 arrisit
541 2701 738 2740 Larchero.

84 2752 165 2791 Nec
194 2757 317 2791 tamen
342 2753 413 2793 ulla
438 2769 529 2807 opus
565 2759 740 2796 emenda-

803 834 916 879 tione,
946 845 1028 869 cum
1047 833 1093 869 de
1110 832 1230 869 hostili
1248 832 1305 870 hic
1321 832 1381 881 agi
1402 843 1464 869 ex-

803 891 968 927 cursione
991 890 1101 926 verba
1127 902 1231 938 seqq.
1257 886 1328 935 τὰς
1356 884 1464 939 ἁμά-

803 947 871 994 ξας
894 941 1158 985 ἐπελαύνουσι
1180 946 1266 982 satis
1296 946 1464 983 doceant.

857 1001 897 1049 ἐς
928 999 1021 1048 τούς
1047 997 1245 1051 Σινδούς]
1289 1001 1361 1039 Pro
1392 996 1465 1040 Ἰν-

802 1054 924 1105 δούς,
955 1060 1055 1108 quod
1082 1071 1209 1095 omnes
1233 1058 1313 1094 libri
1340 1058 1466 1107 scripti

799 1116 981 1164 praebent
1001 1144 1012 1162 ,
1065 1116 1213 1165 reposui
1252 1127 1332 1151 cum
1377 1115 1463 1151 edd.

799 1167 975 1217 Σινδούς
1007 1184 1050 1208 ex
1079 1171 1259 1208 Holstenii
1287 1171 1463 1208 emenda-

803 1228 905 1265 tione
939 1228 986 1264 ad
1015 1228 1146 1277 steph.
1177 1228 1335 1276 Byzant.
1373 1227 1463 1276 (qui

797 1297 884 1335 pag.
920 1286 1001 1324 670
1031 1285 1145 1322 Berk.
1185 1282 1347 1328 Σινδοὶ,
1388 1279 1466 1323 οἷπὸ

798 1341 1044 1393 μεσημβρίας
1088 1343 1162 1392 τῆς
1222 1337 1462 1388 Μαιώτιδος

797 1398 960 1448 λίμνης·
1005 1396 1102 1436 ἔνιοι
1133 1395 1175 1436 δὲ
1208 1396 1276 1436 καὶ
1306 1394 1349 1437 τὸ
1368 1400 1461 1436 Σιν-

797 1452 908 1494 δικὸν
923 1452 1037 1506 γένος
1051 1453 1178 1505 φασὶν
1196 1450 1297 1493 εἶναι
1317 1457 1462 1493 Μαιω-

796 1514 875 1550 ‘ccciv
895 1507 1157 1561 ἀπόσπασμα)
1184 1510 1266 1549 coll.
1287 1512 1333 1547 Is.
1353 1511 1459 1548 Voss.

797 1569 846 1605 ad
863 1568 1001 1617 Scylac.
1028 1569 1161 1619 Peripl.
1185 1565 1222 1618 ξ.
1246 1570 1299 1608 72
1314 1581 1351 1618 p.
1366 1566 1462 1609 450.

798 1625 845 1662 T.
872 1625 885 1661 I
908 1626 966 1662 ed.
991 1625 1086 1661 Gail.
1136 1624 1216 1662 Nec
1245 1624 1348 1662 aliter
1368 1624 1463 1662 infra

795 1681 862 1727 lv,
883 1683 958 1728 86,
995 1681 1055 1718 ubi
1074 1682 1178 1731 regio
1199 1679 1352 1727 Indica,
1385 1682 1461 1719 sive

800 1737 969 1775 Sindica.
998 1738 1118 1775 Recte
1136 1738 1231 1775 enim
1252 1737 1390 1775 Plinius
1410 1738 1460 1775 H.

797 1794 846 1832 N.
869 1795 932 1842 IV,
955 1795 1050 1843 (12)
1071 1797 1144 1836 26:
1196 1795 1336 1843 „regio
1367 1795 1462 1843 Scy-

798 1851 895 1888 thica
915 1850 1072 1889 Semlz'ca
1095 1852 1340 1888 nominatur.“
1361 1850 1461 1889 Mela

797 1908 827 1955 I,
849 1909 914 1954 19,
938 1910 1040 1949 112:
1076 1938 1101 1955 ‚‚
1114 1907 1249 1945 Sindos
1268 1909 1303 1945 in
1327 1907 1464 1945 Sindo-

797 1976 882 2002 num
898 1964 945 2003 ab
962 1965 1050 2016 ipsis
1070 1969 1249 2003 terrarum
1265 1964 1463 2002 cultoribus

798 2022 948 2059 condita
991 2022 1094 2059 est.“
1160 2022 1274 2060 Unde
1316 2021 1464 2069 „Sindi

798 2078 978 2127 ignobiles
991 2080 1016 2099 “
1035 2079 1135 2129 apud
1155 2078 1334 2116 Ammian.
1357 2078 1462 2114 Mar-

797 2134 876 2173 cell.
907 2135 1035 2182 XXII,
1074 2137 1110 2176 8.
1171 2135 1275 2179 Quos
1310 2135 1462 2172 eosdem

799 2191 933 2229 Sindos
968 2191 1224 2242 Sz'ndz‘camque
1272 2193 1462 2241 regionem

796 2253 930 2286 norunt
952 2248 1087 2286 Strabo
1116 2249 1185 2296 XI,
1215 2252 1241 2290 2
1268 2263 1305 2300 p.
1328 2247 1410 2289 492
1429 2261 1458 2285 S.

796 2307 878 2346 753
899 2306 942 2343 C.
971 2319 1006 2356 p.
1031 2303 1113 2346 495
1145 2319 1172 2343 S.
1199 2306 1278 2347 757
1302 2306 1345 2342 C.
1375 2304 1460 2346 758

794 2360 838 2399 Α·
860 2375 896 2412 p-
916 2362 996 2403 496
1018 2375 1046 2399 S.
1068 2362 1150 2404 759
1171 2363 1237 2409 C.,
1279 2362 1340 2398 ubi
1368 2361 1460 2398 Sin-

797 2419 923 2456 diacus
969 2424 1096 2469 portus
1117 2448 1126 2467 ,
1188 2433 1217 2456 s.
1270 2418 1457 2465 sindicus,

795 2488 905 2525 quem
926 2476 1035 2514 etiam
1055 2479 1316 2513 commemorat
1332 2478 1458 2512 auctor

795 2531 929 2583 Peripli
963 2532 1110 2570 alterius
1133 2532 1242 2569 Ponti
1262 2531 1395 2568 Euxini
1417 2529 1454 2580 ᾖ.

795 2593 822 2631 2
844 2602 930 2640 pag.
948 2593 974 2631 2
992 2589 1113 2626 Huds.
1137 2602 1223 2639 pag.
1243 2590 1325 2628 207
1346 2585 1456 2624 T.11[

796 2645 915 2691 Gai1.;
953 2645 1085 2694 Scylax
1114 2644 1248 2694 Peripl.
1273 2642 1310 2694 ὃ.
1334 2645 1387 2683 72
1418 2655 1454 2692 p-

796 2704 850 2742 32
869 2702 990 2739 Huds.
1016 2714 1100 2752 pag.
1131 2701 1213 2743 285
1235 2700 1329 2736 Gail.
1357 2698 1404 2735 T.
1426 2697 1453 2734 Ι.

795 2758 973 2810 Stephan.
996 2758 1152 2808 Byzant.
1186 2769 1214 2793 s.
1235 2769 1267 2793 ν.
1299 2768 1337 2806 p.
1360 2756 1454 2796 670.

1484 267 1532 299 qni
1553 276 1625 306 prae
1651 269 1744 295 aminis
