1946 3272
482 205 565 245 16⁰
881 207 1349 249 HERODOTI

483 312 756 371 ἀπαγινέειν·
803 321 916 361 τοῖσι
947 317 992 361 δὲ
1021 319 1203 374 χρυσίον
1233 317 1538 374 ἀπαγινέουσι,
1569 319 1749 377 Εὐβοει-

448 383 573 428 4κόυ.
632 385 681 430 τό
713 386 758 430 δε
792 387 1081 444 Βαβυλώνιον
1117 388 1330 433 τάλαντον
1367 390 1551 434 δύναται
1580 390 1749 448 Ευβοΐ-

476 457 558 507 δας
586 457 886 514 ἑβδομήκοντα
917 459 1059 513 μνέας

1117 459 1208 502 Ἐπὶ
1232 460 1315 515 γὰρ
1337 459 1491 516 Κύρου
1523 461 1750 517 ἄρχοντος,

474 527 548 570 καὶ
577 523 700 580 αὖτις
733 529 1000 584 Καμβύσεω,
1043 525 1100 586 ἦν
1136 531 1395 586 κατεστηκος
1436 531 1565 576 οὐδὲν
1603 532 1748 588 φόρου
1812 502 1919 595 244¹*

450 597 605 652 5πέρι,
646 598 751 642 ἀλλὰ
783 602 905 653 δῶρα
936 598 1124 655 ἀγίνεον.
1183 601 1253 644 διοὶ
1291 601 1336 644 δε
1366 601 1529 658 ταύτην
1558 603 1639 659 τήν
1668 604 1809 648 ἐπί-10

476 671 597 721 ταξιν
626 674 706 712 τοῦ
737 670 906 724 φόρου,
946 671 1020 714 καὶ
1049 671 1328 728 παραπλήσια
1357 673 1493 730 ταύτῃ
1522 674 1651 727 ἄλλα,
1691 675 1753 719 λέ-

482 751 609 795 γουσι
644 740 830 794 Πέρσαι,
864 739 923 792 ὦς
952 747 1140 797 Δαρεῖος
1168 743 1246 797 μὲν
1273 737 1329 799 ἦν
1362 744 1573 801 κάπηλος·
1632 750 1751 802 Καμ·

479 809 618 865 βύσης
647 810 693 853 δὲ
724 812 953 869 δεσπότης·
1012 816 1160 866 Κῦρος
1190 813 1235 856 ‹3²0-
1265 812 1431 870 πατήρ·
1491 813 1515 859 ὁ
1546 820 1646 872 μὲν,
1685 816 1752 861 ὅτι

479 880 716 936 ἐκαπήλευε
744 882 886 926 πάντα
914 883 967 926 τοὶ
997 883 1252 940 πρήγματα·
1307 882 1332 927 ὁ
1362 885 1431 934 δὲ,
1472 885 1538 930 ὅτι
1565 888 1750 943 χαλεπός

480 966 525 994 τε
554 953 612 1007 ἡν
641 952 713 996 καὶ
743 950 980 1009 ὀλίγωρος·
1031 953 1054 997 ὁ
1086 955 1152 1008 δὲ,
1195 955 1261 998 ὅτι
1290 954 1420 1011 ἤπιός
1446 973 1512 1007 τε,
1545 960 1617 1002 καὶ
1647 959 1748 1015 ᾰγα-
1763 966 1804 1001 15

423 1090 499 1128 sive
518 1094 556 1138 Ο,
561 1094 646 1133 932
659 1094 765 1133 7821
789 1093 868 1131 libr.
889 1093 1018 1131 Colon.
1037 1093 1085 1142 (s.

422 1149 477 1187 29
488 1146 596 1184 Loth.
609 1149 649 1194 3,
662 1151 769 1190 3961
785 1150 908 1194 Quint.
921 1150 1084 1198 colon.),

422 1203 601 1241 talentum
628 1206 693 1251 53,
712 1205 850 1246 47843
869 1206 948 1243 libr.
972 1207 1084 1244 Paris.

423 1273 454 1297 s.
477 1259 684 1307 55‚96694
703 1261 782 1298 libr.
806 1262 936 1300 Colon.
968 1263 1084 1301 Aliam

422 1315 520 1353 Galli
551 1317 670 1362 docti,
700 1317 900 1366 Letronne,
931 1333 1084 1370 compu-

419 1373 595 1410 tationem
629 1374 775 1412 exhibet
804 1375 923 1423 Mi0t‚
953 1376 1083 1413 Gallus

416 1427 599 1466 Herodoti
619 1430 798 1480 interpres
811 1445 821 1477 3
836 1445 881 1470 ex
901 1433 972 1481 qua
985 1434 1083 1469 mina

416 1485 539 1523 Attica
558 1488 655 1524 valet
677 1487 800 1534 436‚5
823 1501 1004 1538 grammes
1022 1502 1081 1526 re-

384 1564 387 1568 *
417 1542 586 1579 centioris
605 1556 817 1590 mensurae3
834 1545 997 1582 Euboica
1017 1548 1082 1582 νηί-

419 1611 469 1635 na
477 1596 653 1645 448,971
666 1611 844 1648 grammes
856 1602 1015 1651 indeque
1024 1605 1082 1638 ta-

421 1655 551 1691 lentum
579 1655 777 1693 Euboicum
799 1659 937 1698 26938
960 1671 1083 1707 gram-

420 1724 498 1748 mes
517 1712 591 1749 sive
612 1714 666 1752 26
688 1712 969 1762 KilogrammeS,
1000 1716 1081 1755 938

420 1780 616 1817 grammeS,
647 1781 676 1806 s.
701 1770 754 1810 55
777 1770 838 1808 lib.
860 1769 887 1810 4
909 1784 961 1820 gr.
987 1771 1084 1808 anti-

417 1825 479 1874 qui
498 1825 683 1873 ponderis.

476 1876 574 1919 ἄλλα
608 1881 716 1931 ὃαῖρα
750 1877 937 1934 ἆγίνεον]
978 1882 1082 1920 Haec

417 1937 605 1975 verissime
628 1937 696 1974 dici
711 1939 1013 1987 orientaliumque
1024 1952 1082 1975 re-

419 2006 572 2042 gnorum
594 1994 793 2031 conditioni
813 1995 967 2032 maxime
991 2008 1079 2032 con-

422 2048 608 2086 venienter
619 2050 734 2098 quivis
754 2051 942 2100 intelliget.
963 2051 1081 2101 Quip-

421 2118 469 2156 pe
504 2106 541 2142 in
566 2106 697 2154 quibus
727 2107 909 2157 hodieque
946 2107 1081 2144 subditi

421 2162 642 2209 muneribus,
663 2175 759 2211 quae
779 2164 856 2213 regi
877 2177 905 2201 s.
928 2163 1081 2213 principi

421 2217 554 2255 offerre
579 2219 695 2255 coacti
723 2224 820 2267 sunt,
850 2222 965 2269 magis
988 2220 1082 2257 adeo

421 2278 646 2324 premuntur,
677 2288 785 2324 quam
806 2277 951 2313 tributis
982 2277 1082 2313 ordi-

419 2331 526 2366 nariis
551 2331 873 2382 vectigalibusqne.
915 2333 996 2369 Nec
1018 2332 1082 2369 ali-

417 2390 475 2423 ter
496 2386 582 2435 Cyri
599 2388 745 2424 maioris
765 2394 854 2425 natu
876 2390 1080 2426 institutum

417 2443 549 2488 fuisse,
579 2455 635 2479 res
666 2443 745 2492 ipsa
776 2445 892 2482 docet.
942 2445 1080 2482 Confer

418 2497 577 2535 Heeren.
608 2498 719 2535 ldeen
753 2500 787 2546 l,
821 2504 839 2541 1
870 2514 953 2550 pag.
982 2500 1076 2541 404.

418 2553 499 2592 Nec
521 2555 724 2602 refragatur
745 2557 980 2594 Herodoteae
997 2570 1080 2593 nar-

421 2611 550 2647 rationi
591 2611 638 2648 de
673 2611 737 2648 hac
766 2613 982 2650 tributorum
1014 2626 1080 2649 an-

419 2679 571 2703 nuorum
591 2668 833 2717 descriptione
853 2682 873 2705 a
894 2668 1006 2706 Dario
1025 2669 1079 2705 in-

421 2724 546 2760 stituta
572 2724 686 2770 (conf.
716 2725 887 2773 Polyaen.
910 2725 989 2771 Vll,
1016 2727 1079 2771 10,

421 2777 469 2829 3)
504 2779 612 2826 illud,
648 2782 747 2829 quod
777 2794 886 2831 supra
924 2781 996 2826 lll,
1025 2783 1078 2820 67

422 2835 542 2874 Persis
554 2835 687 2886 Magus
709 2838 930 2876 concessisse
950 2837 1080 2875 dicitur

1144 1089 1330 1144 α’τεληῖην
1349 1096 1560 1147 στρατηΐης
1575 1112 1641 1136 και
1662 1093 1805 1149 φόρου.

1141 1150 1237 1188 Nam
1259 1152 1310 1188 ibi
1330 1165 1403 1189 non
1418 1154 1464 1190 de
1482 1154 1666 1191 ordinario
1679 1166 1721 1191 ac
1732 1159 1808 1191 sta-

1142 1211 1181 1244 to
1199 1207 1335 1244 tributo
1354 1209 1485 1257 agitur,
1497 1210 1563 1247 ¹sed
1585 1210 1632 1247 de
1651 1223 1694 1248 eo
1712 1211 1806 1260 ipso,

1141 1264 1243 1313 quod
1266 1265 1418 1313 singulis
1440 1266 1609 1314 gentibus
1622 1280 1688 1316 pro
1709 1272 1805 1304 tem-

1140 1333 1271 1370 porum
1291 1320 1528 1371 locorumque
1556 1324 1698 1360 ratione
1726 1324 1808 1360 fue-

1140 1377 1186 1412 rit
1207 1377 1427 1427 impositum,
1440 1379 1515 1416 sive
1534 1379 1620 1415 doni
1633 1380 1680 1416 ad
1691 1379 1808 1416 instar

1139 1434 1336 1481 quotannis
1358 1439 1396 1470 ut
1418 1436 1622 1484 penderent
1646 1436 1805 1485 impera-

1139 1494 1226 1525 tum.
1257 1489 1390 1527 Strabo
1406 1491 1475 1527 XV
1494 1504 1529 1541 p.
1541 1491 1622 1531 735
1644 1504 1672 1528 S.
1696 1492 1804 1533 1068

1138 1545 1182 1581 Β.
1202 1545 1249 1581 ad
1270 1545 1423 1583 Darium
1443 1546 1714 1596 Longimanum
1737 1548 1805 1584 tri-

1139 1601 1308 1638 butorum
1327 1603 1506 1640 rationem
1525 1604 1725 1642 institutam
1746 1616 1805 1642 re-

1137 1657 1222 1695 iicit.

1198 1711 1252 1759 ω”ς
1264 1717 1434 1766 Δαρεῖος
1452 1712 1524 1767 μὲν
1536 1709 1588 1767 ἧν
1605 1711 1801 1766 κάπηλος]

1139 1770 1332 1808 Sententia
1354 1773 1400 1809 ab
1429 1772 1654 1810 orientalium
1679 1772 1804 1810 indole

1139 1825 1358 1876 loquendive
1375 1841 1477 1866 more
1490 1841 1564 1865 non
1576 1828 1696 1866 aliena
1717 1829 1803 1866 etin

1138 1885 1380 1933 posteriorum
1393 1885 1609 1934 scriptorum
1621 1885 1721 1922 libris
1730 1886 1804 1923 fre-

1138 1951 1252 1987 quens
1272 1940 1389 1986 obvia,
1413 1941 1475 1977 ubi
1494 1941 1626 1978 Darius
1648 1942 1695 1979 ob
1717 1953 1803 1978 ava-

1137 1995 1255 2031 ritiam
1274 2001 1432 2033 notatur.
1477 1997 1598 2045 Plura,
1629 2002 1802 2036 monente

1139 2050 1373 2101 wesseling„
1395 2053 1592 2103 Spanhem.
1607 2055 1653 2090 ad
1673 2053 1797 2091 Iulian.

1139 2107 1206 2144 Or.
1228 2108 1243 2143 Ι
1269 2122 1304 2158 p.
1329 2111 1353 2148 9
1377 2114 1413 2147 et
1438 2109 1562 2148 Davis.
1592 2111 1629 2147 in
1648 2111 1798 2147 Maximi

1139 2163 1225 2212 Tyr.
1258 2165 1356 2202 Diss.
1385 2165 1435 2202 lV
1467 2179 1551 2215 pag.
1575 2166 1668 2207 508.
1701 2166 1799 2202 Add.

1140 2220 1358 2271 Krabinger.
1387 2222 1434 2259 ad
1456 2222 1599 2270 Synesii
1629 2226 1722 2259 orat.
1751 2222 1800 2260 de

1138 2289 1242 2324 regn.
1262 2291 1341 2328 cap.
1366 2278 1417 2315 IV
1440 2291 1476 2327 p.
1500 2277 1590 2318 154.
1633 2277 1799 2315 Probant

1138 2338 1259 2370 autern
1286 2334 1388 2371 Darii
1409 2335 1596 2371 avaritiam
1623 2334 1679 2372 vel
1700 2339 1799 2371 certe

1138 2390 1284 2426 nimium
1308 2390 1448 2439 argenti
1465 2390 1621 2426 studium
1634 2402 1690 2435 ea,
1703 2402 1800 2440 quae

1137 2446 1332 2483 memoriae
1353 2446 1556 2496 produntur
1571 2445 1596 2492 l,
1613 2447 1702 2486 187.
1737 2446 1798 2483 Ad

1136 2501 1328 2549 vectigalia
1360 2514 1381 2538 a
1408 2501 1520 2538 Dario
1550 2503 1719 2551 imposita
1744 2503 1799 2539 sa-

1136 2557 1235 2593 ciunt
1254 2557 1430 2594 Plutarch.
1454 2557 1482 2593 ll
1509 2572 1542 2608 p.
1567 2558 1798 2608 172F0pp.

1137 2617 1173 2649 et
1201 2612 1373 2662 Polyaen.
1402 2614 1483 2659 Vll,
1507 2617 1545 2660 8,
1571 2616 1607 2653 3.
1629 2635 1685 2641 -—-
1718 2615 1799 2651 Ho-

1137 2669 1386 2707 nor-ificentius
1416 2671 1462 2707 de
1490 2669 1604 2707 Dario
1633 2672 1800 2708 testimo-

1136 2725 1234 2761 nium
1266 2725 1368 2762 Plato
1401 2726 1554 2776 praebet
1583 2726 1701 2777 Epist.
1730 2725 1799 2763 Vll

1135 2793 1172 2832 p.
1196 2783 1279 2822 332
1298 2782 1341 2818 Β.

1193 2833 1241 2877 ὀλ
1255 2838 1340 2890 lym
1354 2836 1451 2890 ρος]
1482 2838 1545 2876 Sic
1569 2838 1711 2887 dicitur,
1733 2836 1795 2887 qui
