1863 3256
464 229 1024 270 MELPOMENE.
1081 231 1144 270 IV.

1355 240 1439 279 523

175 340 351 393 σθέντες
388 341 435 385 ἐκ
461 340 666 397 Λήμνου,
707 343 880 396 οἴχοντο
919 340 1120 390 πλέοντες
1159 340 1202 390 ἐς
1232 343 1440 386 Λακεδαί-

173 429 307 467 μονα·
366 413 557 469 ἱζόμενοι
593 413 638 457 δὲ
668 412 714 456 ἐν
743 416 805 468 τῷ
840 410 1062 471 Τηϋγέτῳ,
1100 415 1187 467 πῦρ
1220 408 1439 455 ἀνέκαιον.

119 613 209 651 sisse
222 615 294 651 veri
316 618 371 651 est
384 614 633 660 simillimum).
656 612 777 650 Schol.

116 671 166 707 ad
187 670 332 708 Pindar.
361 672 464 719 Pyth.
490 671 553 717 IV,
581 671 633 710 88
659 674 696 707 et
717 683 779 706 co-

117 726 310 776 piosiorem
328 726 511 763 Plutarchi
532 727 778 763 narrationem

118 783 216 831 Opp.
241 782 268 817 ll
290 796 326 832 p.
344 781 450 830 247,
494 783 541 819 ab
562 783 779 819 Herodotea

118 838 156 875 in
180 839 397 887 quibusdam
416 840 664 886 recedentem,
683 852 779 888 quae

117 900 285 933 accurate
329 897 495 933 enotavit
526 895 699 933 Larcher.
741 897 778 933 in

118 956 209 989 nota
231 953 279 988 ad
303 952 337 989 h.
351 952 373 988 1.
412 953 517 996 Quae
536 953 616 1002 ipsa
638 953 780 1002 singula

117 1010 290 1059 persequi
327 1009 386 1046 hic
425 1022 499 1046 non
534 1014 662 1056 vacat,
712 1023 780 1048 nec

116 1065 232 1113 magis
254 1078 429 1114 quaerere
450 1067 596 1112 attinet,
617 1079 692 1112 cur,
715 1067 779 1115 qui

119 1120 271 1170 Pelasgi
288 1123 325 1159 in
345 1122 412 1159 hac
427 1124 634 1160 narratione
650 1123 778 1173 appel·-

116 1177 259 1226 lantur,
301 1179 347 1216 ab
373 1179 450 1216 aliis
480 1183 656 1217 vocentur
683 1180 778 1230 Tyr-

117 1235 231 1272 rheni.
274 1235 357 1272 Hoc
378 1236 473 1273 enim
496 1236 653 1273 alienum
679 1236 779 1273 ‹luci-

116 1304 198 1329 mus
210 1292 256 1327 ab
269 1292 448 1329 Herodoti
461 1293 776 1343 interpretatione.

176 1344 351 1397 ἱζόμενοι
373 1348 416 1386 δὲ
434 1348 477 1387 ἐν
493 1351 549 1402 τῷ
577 1347 775 1401 Τηϋγέτῳ]

116 1402 190 1441 Pro
219 1401 395 1453 ἱζόμενοι
418 1405 455 1442 in
475 1405 659 1442 Sancrofti
685 1405 776 1442 libro

116 1464 157 1498 et
173 1461 317 1498 duobus
342 1461 421 1498 aliis
441 1463 625 1499 invenitur
651 1457 778 1512 ἑζόμε-

117 1532 195 1557 νοι.
243 1518 302 1555 De
330 1531 402 1566 quo
427 1519 652 1568 Schweigli.‚
679 1532 779 1556 com-

117 1587 251 1625 parans
275 1575 339 1611 hos
359 1574 477 1612 locos:
518 1575 565 1623 ll,
591 1576 681 1616 113.
712 1576 777 1623 ΙΙΙ,

119 1633 185 1671 64.
205 1630 270 1671 65.
302 1630 367 1678 IV,
391 1632 468 1672 165
485 1632 533 1669 ita
551 1633 778 1682 pronuntiat,

118 1691 158 1723 nt
178 1686 335 1733 ἕζεσθαι
369 1689 509 1725 dicatur
537 1690 584 1727 de
610 1690 778 1738 singulis,

118 1743 276 1790 ἵζεσθαι
289 1746 335 1781 de
350 1745 578 1783 multa'tmlz'ne
590 1746 778 1792 Ιιοηιίηιῐηι,

118 1801 180 1850 qui
227 1801 354 1838 alicubi
403 1803 608 1840 considant.
668 1804 780 1847 Quod

119 1858 312 1896 discrimen
325 1871 465 1907 vereor,
484 1863 521 1896 ut
541 1864 639 1898 stare
652 1860 780 1910 possit.

118 1914 219 1952 Insra
240 1914 302 1961 lV,
334 1914 412 1956 145
439 1929 565 1953 omnes
584 1917 665 1954 libri
691 1929 780 1953 con-

119 1971 258 2021 spirant
275 1973 310 2008 in
331 1971 474 2018 ἵζοντο.
490 1994 548 2001 --
577 1974 647 2010 Cui
666 1974 778 2010 verbo

119 2029 219 2076 quod
239 2028 273 2065 h.
287 2029 308 2065 l.
330 2028 468 2067 Noster
480 2030 661 2067 adstruxit
673 2043 780 2080 prae-

119 2086 339 2135 positionem
367 2084 429 2132 ἐν,
465 2087 567 2124 [dem
593 2088 685 2124 infra
717 2088 780 2134 lV,

122 2141 214 2181 146·
249 2142 327 2182 148
351 2143 518 2180 adhibuit
538 2144 781 2195 praepositio-

120 2211 204 2235 nem
226 2196 286 2244 ἐς,
324 2212 390 2236 nec
419 2199 521 2236 aliter
547 2201 624 2237 fere
655 2200 692 2246 Ι,
728 2200 780 2241 14

120 2254 201 2301 (ubi
225 2255 260 2291 in
284 2260 446 2295 annotat.
470 2269 555 2305 pag.
571 2260 622 2297 39
641 2256 781 2306 prolV‚

120 2311 182 2352 46
209 2312 439 2349 scribendum
459 2313 521 2360 lv,
545 2317 563 2353 1
578 2312 685 2364 46),
718 2314 782 2360 Ill,

123 2367 187 2408 14.
237 2367 289 2405 Ac
313 2382 424 2419 supra
442 2370 506 2416 lV,
533 2372 587 2410 83
615 2371 782 2407 adhibuit

122 2422 185 2462 ἐπὶ
207 2438 287 2462 cum
311 2426 457 2474 dativo,
492 2428 591 2464 cuius
613 2428 694 2464 loco
718 2426 781 2474 IV,

122 2482 204 2521 203
225 2483 531 2532 praepositionem
550 2484 703 2521 eandem
723 2496 783 2520 ex-

123 2537 211 2586 cipit
232 2540 468 2578 accusativus.
503 2541 628 2590 Ipsum
648 2541 782 2577 montis

126 2592 286 2643 Taygeti
314 2608 446 2633 nomen
485 2597 617 2647 triplici
647 2609 784 2646 genere

123 2651 223 2699 apud
242 2655 380 2689 veteres
393 2653 545 2690 inveniri
564 2659 688 2692 monet
699 2654 784 2691 Ste-

123 2707 234 2757 phan.
258 2707 349 2755 Byz.
382 2721 411 2747 s,
434 2722 468 2746 V.
497 2723 532 2760 p.
556 2712 650 2752 697.
708 2709 785 2746 Eo-

126 2763 210 2800 dem
232 2776 390 2811 genere,
428 2778 501 2814 quo
524 2766 686 2812 Noster,
718 2780 786 2804 no-

126 2832 211 2857 men
232 2821 423 2869 proferunt
441 2822 574 2859 Strabo
590 2823 677 2860 vul
699 2836 785 2873 pag.

125 2877 210 2918 362
234 2889 262 2913 s,
286 2876 368 2917 557
391 2877 458 2926 C.,
488 2882 524 2916 et
546 2880 704 2917 Pausan.
720 2879 786 2926 ΙΙΙ,

837 617 911 659 203
948 609 995 651 τιὶ
1030 616 1206 664 Ταυγετα
1227 612 1327 663 apud
1346 611 1494 649 Plutar-

836 671 941 707 chum
968 682 1011 706 ac
1032 670 1254 719 Polyaenum
1277 669 1299 706 l.
1324 668 1345 705 l.
1369 674 1498 706 exstat.

835 726 927 763 Post
948 726 1231 773 VVesselingium
1255 725 1416 772 monuit,
1445 725 1499 761 al·-

836 782 917 820 latis
939 788 1101 819 veterum
1123 783 1170 819 de
1196 783 1263 819 hoc
1290 787 1416 819 monte
1443 786 1500 819 te-

836 840 1012 876 stimoniis
1032 839 1249 876 Tzschucke
1278 840 1325 875 ad
1345 837 1431 875 Mel.
1453 838 1499 885 ll,

837 899 861 937 3
882 894 917 947 ὃ.
937 896 963 936 4
984 900 1074 933 nott.
1095 909 1223 944 exegg.
1243 909 1279 946 p.
1300 896 1394 936 235.
1416 895 1498 933 vol.

834 953 885 990 Ill
909 953 949 990 Ρ.
970 952 1015 992 ΙΙ.
1067 952 1221 989 Postera
1243 956 1365 989 aetate
1385 953 1499 989 monti

835 1022 970 1049 nomen
1007 1009 1164 1046 inditum
1203 1007 1497 1059 Pentedactylos,

836 1080 933 1104 nunc
959 1070 1108 1102 vocatur
1140 1065 1198 1104 St.
1225 1065 1358 1112 Elias,
1402 1071 1499 1103 teste

835 1123 959 1162 Kruse
977 1122 1104 1160 Hellas
1128 1123 1142 1158 I
1166 1135 1250 1172 pag.
1273 1125 1368 1162 286.

893 1182 973 1230 πῦρ
1016 1177 1228 1224 ανέκαιον]
1296 1178 1499 1225 Mediceus,

833 1236 1067 1274 Florentinus
1085 1232 1218 1286 πυρήν
1241 1233 1389 1282 ἔκαιον,
1401 1236 1499 1271 Gro-

834 1293 943 1330 novio
963 1293 1179 1339 probatum,
1220 1292 1370 1339 vulgata
1391 1291 1499 1329 lectio

835 1351 918 1400 πῦρ
949 1344 1137 1387 α’νέκαιον
1166 1360 1209 1385 ex
1231 1349 1366 1384 Aldina
1396 1349 1501 1384 ssuxit

834 1406 1028 1454 verbisque
1047 1417 1129 1453 sqq.
1149 1402 1215 1442 καὶ
1235 1407 1316 1455 πῦρ
1340 1403 1499 1443 αἴθοιεν

835 1468 873 1500 et
902 1462 1051 1499 Homer.
1082 1461 1154 1498 Od.
1185 1461 1278 1507 VH,
1303 1463 1380 1506 13,
1412 1461 1500 1497 satis

835 1520 1001 1557 firmatur
1015 1547 1025 1566 ,
1046 1522 1220 1555 monente
1242 1517 1413 1564 lVesscl.9
1438 1517 1501 1566 qui

835 1580 1028 1627 praeterea
1064 1575 1154 1611 citat
1195 1574 1386 1613 Heliodor.
1426 1573 1502 1611 Ae-

836 1634 951 1683 thiop.
974 1632 1007 1668 ll
1029 1644 1115 1682 pag.
1134 1633 1187 1672 96
1217 1630 1289 1678 [IL
1312 1634 1368 1672 22
1391 1644 1426 1681 p.
1446 1633 1501 1671 82

838 1690 939 1734 Cor.,
961 1702 1068 1738 quem
1085 1688 1179 1724 conf.
1205 1687 1254 1724 T.
1275 1687 1308 1723 ΙΙ
1329 1700 1415 1738 pag.
1430 1685 1498 1736 84]

837 1751 874 1784 et
893 1745 1067 1784 D'Orvill.
1088 1745 1133 1781 ad
1155 1744 1343 1781 Chariton.
1364 1758 1400 1794 p.
1419 1745 1502 1784 633

837 1800 890 1854 [p.
917 1804 998 1844 588
1025 1800 1171 1852 Lips.],
1211 1801 1272 1849 qui
1301 1801 1382 1851 ipse
1412 1800 1502 1837 Me—

837 1861 930 1896 dicei
963 1859 1044 1895 libri
1080 1859 1275 1895 lectionem
1315 1858 1363 1894 ob
1395 1857 1501 1893 huius

837 1916 948 1966 ipsius
966 1915 1099 1952 codicis
1120 1915 1373 1968 auctoritatem
1395 1927 1503 1963 prae·

837 1973 1028 2010 ferendam
1048 1976 1170 2017 ratus,
1201 1971 1351 2008 alteram
1373 1970 1501 2007 lectio-

837 2042 921 2067 nem
956 2031 1037 2079 πῦρ
1070 2023 1258 2066 α’νέκαιον
1293 2028 1426 2076 alioqui
1464 2030 1503 2064 et

838 2087 955 2136 ipsam
978 2090 1076 2122 stare
1100 2098 1211 2135 posse
1234 2088 1382 2130 censet,
1421 2096 1503 2120 cum

839 2147 1015 2192 sequatur
1046 2144 1127 2190 πῦρ
1161 2140 1308 2180 αἴθειν.
1369 2140 1502 2176 Similis

839 2199 1004 2237 confusio
1038 2199 1075 2234 in
1108 2198 1262 2235 Homer.
1293 2198 1431 2245 Hymn.
1466 2197 1503 2233 in

838 2256 963 2294 Cerer.
998 2257 1102 2302 287,
1150 2256 1212 2292 ubi
1250 2267 1345 2291 nunc
1384 2253 1504 2291 editur

837 2316 919 2363 πῦρ
955 2305 1137 2357 ἀνέκαι’,
1186 2324 1267 2348 cum
1304 2312 1341 2347 in
1379 2310 1504 2347 codice

838 2370 977 2420 scripto
1000 2372 1120 2405 exstet
1141 2365 1276 2419 πυροῖν
1299 2362 1407 2406 ἕκαί.
1443 2366 1506 2403 In-

837 2427 893 2463 fra
931 2425 1039 2471 VIII,
1088 2426 1139 2464 19
1187 2424 1356 2462 meliores
1395 2424 1504 2461 codd.

838 2483 1021 2534 praebent
1051 2483 1132 2531 πῦρ
1169 2476 1399 2528 α’νακαίειν,
1439 2479 1503 2516 Al-

842 2540 929 2577 dina
953 2552 996 2575 ae
1012 2537 1180 2575 Vulcobii
1212 2538 1322 2575 liber:
1371 2533 1505 2587 πυρήν

840 2592 1058 2636 ἀνακαίειν.
1128 2594 1175 2631 Et
1222 2596 1348 2632 confer
1395 2606 1506 2641 supra

841 2665 989 2703 quoque
1009 2651 1037 2698 I,
1066 2653 1150 2692 202
1171 2650 1244 2687 Vit.
1267 2651 1417 2687 Homer.
1438 2650 1505 2693 21,

842 2710 904 2747 ubi
923 2711 1005 2759 πῦρ
1031 2702 1239 2746 ἀνακαίειν
1266 2707 1395 2743 eodem
1420 2717 1505 2740 sen-

844 2780 904 2804 su:
935 2768 1054 2813 ignem
1074 2763 1273 2800 accendere.
1334 2762 1418 2804 Quo
1440 2773 1504 2797 eo-

843 2823 928 2860 dem
968 2834 1076 2858 sensu
1115 2820 1208 2855 infra
1242 2819 1322 2867 πῦρ
1357 2817 1506 2862 αἴθειν,

843 2879 960 2929 quod,
987 2877 1205 2914 observante
1225 2874 1258 2911 V
1260 2873 1505 2922 alckenaerio,
