1863 3256
20 2467 27 3035 ——--———-——..

18 3206 26 3256 -ι

472 243 567 281 AD
627 240 1318 289 HERODOT.111,115.
1573 248 1654 288 651

141 357 356 395 Hiberniam
378 360 489 406 atque
507 353 702 392 Albionem
723 354 799 391 sive
818 352 1047 391 Britanniam
1068 352 1220 389 indicari
1239 359 1433 403 putarent,
1471 363 1510 395 ut
1529 359 1564 395 in
1585 371 1657 408 qua

140 429 236 462 terra
261 424 379 463 adhuc
406 437 542 474 magua
572 423 713 474 plumbi
739 422 792 458 vis
820 420 1012 471 proveniat
1038 420 1205 469 aliasque
1235 420 1272 457 in
1294 424 1409 459 terras
1431 430 1657 475 exportetur,

140 493 352 543 praesertim
376 505 457 530 cum
476 492 700 538 Phoenices,
740 489 803 539 qui
830 502 851 527 e
870 488 1038 526 Prussiae
1059 488 1131 525 oris
1159 487 1329 526 electrum
1350 491 1539 538 petierint,
1571 494 1653 530 Bri-

141 560 303 597 tanniam
326 572 472 609 quoque
497 560 632 598 adiisse
651 559 727 596 veri
746 558 794 594 sit
815 556 1047 594 simillimum.
1109 554 1181 593 Alii
1203 557 1303 606 iique
1326 556 1469 606 plurimi
1492 558 1653 596 Silurum

142 629 300 675 insulas,
342 642 372 668 s.
395 627 644 676 Ostrymnicas
677 626 874 673 (vocantur
904 625 1034 662 hodie:
1088 624 1205 674 Sce'lly
1225 639 1270 657 =
1300 621 1442 671 Inseln,
1475 625 1650 674 Sorlingi-

140 698 218 735 solie
246 698 387 746 Inseln)
421 695 574 743 intelligi
605 693 754 739 volunt·,
796 693 833 729 iu
859 692 989 741 quibus
1017 698 1164 743 praeter
1191 692 1424 730 Mannertum
1451 692 1655 731 Heerenius

141 778 311 815 quoque,
347 765 441 801 hanc
467 762 606 813 plumbi
639 764 880 798 mercaturam
913 773 1066 798 monens
1095 774 1168 798 non
1200 761 1249 798 ad
1278 761 1366 798 istas
1392 759 1528 797 insulas
1561 760 1655 796 solas

140 832 382 884 pertinuisse,
419 843 544 868 verum
570 830 670 880 ipsas
700 829 808 866 etiam
829 827 984 877 Angliae
1004 829 1252 867 Hiberniaeve
1277 841 1359 866 oras
1390 841 1471 866 esse
1494 826 1658 878 comple—

140 912 233 938 xam.
291 898 390 937 Add.
411 897 581 937 Lelewel.
602 897 625 934 l.
648 897 670 934 l.
702 910 739 947 p.
766 896 830 937 15.
891 897 1003 940 Quod
1032 898 1150 947 ipsum
1177 896 1324 948 probari
1353 903 1529 945 certoque
1558 894 1660 932 affir-

141 968 233 1006 mari
251 981 362 1019 posse
383 970 497 1016 negat
514 966 557 1004 A.
580 965 708 1014 Vogel.
728 964 751 1003 l.
774 964 797 1002 l.
823 978 860 1015 p.
885 967 984 1011 112,
1023 966 1080 1002 cui
1102 965 1308 1003 credibilius
1329 965 1495 1011 videtur,
1534 963 1661 1000 Cassi-

140 1036 276 1074 terides
306 1034 442 1073 insulas
464 1047 486 1072 a
512 1033 755 1072 Phoenicibus
781 1045 899 1082 aeque
918 1032 1023 1069 fictas
1043 1046 1124 1071 esse
1141 1039 1253 1083 atque
1276 1033 1474 1070 Eridanum
1495 1032 1658 1077 fluvium,

142 1116 187 1142 eo
207 1103 379 1150 consilio,
409 1115 483 1152 quo
501 1113 626 1139 verum
645 1101 808 1139 celarent
827 1101 945 1139 locum
959 1131 971 1149 ,
1010 1103 1109 1140 unde
1125 1101 1313 1152 plumbum
1335 1100 1533 1146 afferrent,
1573 1098 1663 1135 sibi-

143 1184 218 1222 que
237 1171 323 1209 solis
345 1172 416 1209 hoc
433 1169 636 1208 commercii
657 1183 775 1218 genus
795 1173 1047 1218 reservarent,
1087 1169 1347 1219 quaerentibus
1366 1167 1523 1215 scilicet,
1563 1167 1664 1204 unde

142 1240 330 1291 plumbum
349 1240 559 1285 adferrent,
597 1238 635 1274 in
656 1238 862 1276 universum
885 1239 1152 1289 respondentes
1166 1266 1177 1286 ,
1220 1251 1237 1274 e
1264 1235 1556 1281 Cassiteridibus,
1588 1235 1611 1271 i.
1633 1247 1666 1272 e.

144 1320 188 1345 ex
199 1307 339 1358 plumbi
355 1306 495 1345 insulis.
555 1306 595 1343 Si
614 1318 721 1353 vero,
751 1319 848 1355 quae
867 1307 947 1357 ipsa
968 1306 1105 1344 fuerint
1123 1306 1212 1343 haec
1232 1305 1333 1353 loca,
1357 1305 1456 1342 unde
1477 1302 1665 1354 plumbum

144 1375 386 1421 advexerint,
427 1386 607 1424 quaenam
626 1374 718 1412 istae
737 1374 895 1421 insulae,
941 1385 1116 1423 quaeraS,
1156 1374 1202 1410 de
1227 1374 1411 1424 Hispania
1439 1372 1561 1422 potius
1592 1370 1667 1418 (ex

146 1455 219 1493 qua
237 1442 366 1481 eadem
386 1445 485 1480 terra
507 1443 656 1491 quaevis
673 1442 750 1480 fere
772 1441 919 1479 metalla
938 1441 1172 1492 pretiosiora,
1204 1445 1395 1491 argentum
1414 1439 1577 1490 inprimis
1602 1451 1669 1475 au-

145 1524 299 1561 rumque
319 1511 466 1549 Poenos
487 1510 655 1548 eduxisse
677 1508 834 1562 constat)
860 1510 958 1548 idem
980 1511 1132 1559 cogitari
1154 1509 1249 1557 vult,
1280 1509 1430 1557 eiusque
1450 1508 1497 1544 de
1519 1509 1668 1556 septen-

146 1577 362 1616 trionalibus
383 1582 495 1627 atque
519 1578 802 1616 occidentalibus
821 1579 1050 1628 regionibus,
1081 1590 1177 1628 quae
1196 1590 1293 1614 nunc
1316 1577 1364 1614 ad
1385 1575 1609 1613 Callaeciam
1630 1579 1668 1611 et

147 1644 377 1683 Lusitaniam
394 1646 594 1697 pertinent.
653 1645 735 1684 Nec
757 1647 957 1696 quidquam
979 1647 1126 1684 obstare
1147 1646 1243 1683 idem
1263 1650 1391 1682 monet
1404 1674 1414 1693 ,
1455 1658 1529 1694 quo
1548 1645 1666 1681 minus

148 1713 352 1751 Phoenices
382 1714 493 1751 etiam
530 1714 677 1752 ulterius
709 1715 862 1752 navibus
897 1714 988 1752 vecti
1019 1714 1136 1764 ipsam
1162 1727 1241 1751 eam
1268 1714 1481 1751 Britanniae
1512 1717 1668 1763 partem,

149 1793 245 1831 quae
264 1781 312 1818 ad
330 1781 519 1819 meridiem
544 1787 581 1820 et
602 1782 829 1820 occidentem
857 1782 1010 1820 maxime
1030 1786 1180 1831 vergat,
1210 1783 1418 1819 comitatum
1440 1781 1670 1818 Coruubien-

150 1862 227 1888 sem
254 1848 530 1901 (Cornwallis),
568 1851 751 1899 hodieque
776 1850 888 1887 multo
922 1849 1058 1900 plumbi
1091 1853 1272 1900 proventu
1300 1850 1480 1898 insignem
1507 1849 1671 1897 attigisse

150 1920 423 1970 perhibeantur.
482 1919 553 1955 Cui
586 1919 788 1957 sententiae
816 1917 1061 1968 adstipulatur
1085 1915 1193 1954 Link.
1217 1916 1378 1967 (Urwelt
1403 1931 1440 1967 p.
1469 1915 1551 1957 265
1574 1916 1672 1964 seq.)

152 2001 233 2026 cum
257 1987 314 2026 vel
342 1987 467 2025 seriori
489 1992 656 2037 tempore
692 1987 729 2023 in
757 1986 1034 2036 septentrionali
1060 1985 1272 2023 Lusitaniae
1294 1990 1400 2035 parte
1426 1986 1463 2021 in
1485 1984 1672 2034 provincia

151 2056 263 2094 Beira
288 2069 403 2107 prope
425 2055 542 2092 locum
563 2055 677 2093 Viseu
695 2054 842 2092 metalla
858 2054 995 2104 plumbi
1014 2054 1167 2101 fuerint,
1198 2066 1292 2102 quae
1312 2053 1503 2090 recentiori
1523 2053 1670 2089 demum

154 2127 278 2161 aetate
297 2123 456 2161 exerceri
481 2124 679 2170 desierint,
719 2123 863 2172 aliaque
880 2123 917 2159 in
942 2122 996 2158 his
1018 2123 1227 2169 regionibus
1251 2121 1482 2158 inveniantur
1506 2118 1673 2157 metallo—

155 2204 234 2228 rum
253 2192 484 2240 antiquorum
502 2191 666 2241 vestigia.
721 2190 899 2228 Rennelio
920 2203 958 2240 p.
978 2191 1061 2230 382
1079 2190 1295 2227 Herodotus
1318 2189 1383 2226 sub
1405 2187 1672 2225 Cassiteridum

155 2259 303 2297 nomine
323 2259 550 2296 Britannicas
577 2258 733 2306 insulas,
774 2260 871 2296 unde
890 2258 1078 2309 plumbum
1101 2258 1252 2295 Graecis
1281 2256 1494 2294 advexerint
1515 2255 1673 2293 Phoeni-

156 2340 238 2375 ceS,
278 2327 598 2377 comprehendisse
627 2328 780 2364 videtur.
849 2326 923 2370 Qui
958 2327 1086 2364 eadem
1117 2325 1236 2374 attigit
1264 2325 1309 2362 L.
1329 2325 1438 2362 Bossi
1467 2324 1504 2360 in
1532 2324 1674 2360 Histor.

158 2396 313 2446 Hispan.
335 2396 351 2431 Ι
371 2408 407 2445 p.
429 2397 495 2435 72.
515 2397 569 2436 73
593 2393 852 2445 (Ronneburg.
877 2395 1027 2443 1825),
1070 2393 1204 2431 insulas
1225 2393 1449 2443 Hispanicae
1468 2404 1554 2428 orae
1575 2391 1674 2428 adsi-

159 2468 238 2509 tas,
277 2476 298 2501 e
325 2463 456 2513 quibus
489 2463 596 2513 primi
616 2462 816 2500 Phoenices
837 2461 1023 2513 plumbum
1052 2461 1246 2512 petierint,
1286 2460 1532 2497 Cassiterides
1562 2459 1673 2495 fuisse

160 2531 278 2567 dictas
306 2531 455 2577 statuit3
492 2531 592 2580 quod
627 2531 724 2567 idem
754 2543 891 2568 nomen
918 2531 1003 2567 dein
1030 2530 1078 2567 ad
1107 2529 1318 2567 Britanniae
1351 2527 1486 2565 insulas
1517 2526 1672 2562 Silurum

161 2609 309 2648 quoque
331 2598 567 2646 translatum,
604 2598 666 2635 ubi
697 2597 770 2635 scil.
790 2597 1013 2644 Phoenices,
1052 2597 1124 2634 iam
1153 2596 1302 2634 ulterius
1328 2595 1482 2633 navibus
1512 2593 1673 2643 provecti

161 2677 332 2713 magnam
349 2664 475 2703 itidem
496 2666 633 2716 plumbi
658 2666 799 2716 copiam
819 2667 1032 2704 invenerint.
1100 2661 1143 2703 ‘O
1169 2664 1414 2714 κασσίτερος,
1458 2662 1520 2710 qui
1541 2661 1675 2698 veteri-

164 2734 230 2769 bus
247 2733 399 2779 dicitur,
430 2731 604 2770 Nostrum
625 2747 705 2771 esse
726 2734 848 2781 Zinn,
879 2745 1058 2785 perquam
1081 2736 1138 2769 est
1156 2730 1349 2776 credibile,
1367 2733 1540 2766 monente
1559 2727 1677 2765 Beck—

165 2812 288 2840 mann,
309 2800 410 2836 Hist.
429 2799 565 2837 invent.
584 2801 632 2838 lv
652 2815 689 2851 p.
708 2803 805 2848 327,
825 2814 897 2850 quo
919 2802 1030 2838 utitur
1048 2800 1208 2836 Hecren.
1226 2797 1250 2833 l.
1267 2796 1289 2833 l.
1311 2796 1357 2843 Π,
1382 2798 1403 2836 1
1425 2809 1462 2846 p.
1482 2794 1573 2835 174.
1602 2796 1681 2832 Ro-

166 2868 263 2904 mani
284 2867 463 2906 vocabant
476 2866 657 2916 plumbum
677 2868 815 2917 album,
848 2869 1029 2906 diversum
1046 2865 1133 2902 illud
1152 2865 1300 2913 quidem
1317 2863 1363 2900 ab
1386 2875 1453 2910 eo,
1496 2862 1596 2912 quod
1617 2874 1679 2899 ve-
