1946 3272
577 205 1051 250 THALIA.111.
1400 211 1458 251 95

179 326 346 379 ε’πορᾶν
374 338 417 367 τε
455 319 528 364 καὶ
564 319 753 371 διέπειν,
799 316 972 373 πέμψας
1008 315 1052 366 ἐς
1091 313 1173 370 τήν
1204 314 1457 369 Κέρκυραν,

181 396 386 441 ἀπεκάλεε
415 391 494 436 τὸν
511 390 787 445 Λυκόφρονα
817 389 886 432 ἐπὶ
902 387 981 443 τὴν
1002 386 1267 440 τυραννίδα·
1305 385 1353 429 ἐν
1374 386 1458 442 γὰρ

179 468 231 524 δὴ
263 470 324 522 τῷ
349 464 627 520 πρεσβυτέρῳ
658 466 748 506 τῶν
785 463 956 505 παίδων
987 457 1072 502 οὐκ
1112 456 1303 511 ἐνεώρα,
1350 455 1460 502 ἀλλά

149 541 229 582 2οἱ
257 537 540 591 κατεφαίνετο
571 533 681 579 εἶναι
711 534 994 585 νωθέστερος.

1059 528 1083 574 ὁ
1123 529 1170 573 δὲ
1201 528 1460 585 Λυκόφρων

177 607 280 652 οὐδὲ
310 605 566 662 ἀνακρίσιος
594 604 750 662 ἠξίωσε
789 603 868 648 τόν
897 602 1094 659 φέροντα
1123 603 1203 658 τὴν
1242 599 1458 657 ἀγγελίην.
1473 609 1518 642 80

180 680 456 733 Περίανδρος
485 678 552 731 δὲ,
594 675 899 733 περιεχόμενος
927 679 1011 718 τοῦ
1039 676 1244 730 νεηνίεω,
1276 672 1461 727 δεύτερα

175 749 395 794 ἀπέστειλε
426 748 492 793 ἐπ’
527 748 664 793 αὐτόν
693 747 772 804 τὴν
811 745 1048 804 ἀδελφεὴν,
1090 745 1259 790 ἑωυτοῦ
1295 743 1340 788 δὲ
1381 750 1463 788 θυ-

174 821 360 878 γατέρα,
401 823 567 866 δοκέων
605 837 681 877 μιν
723 818 911 874 μάλιστα
949 817 1085 875 ταύτῃ
1117 818 1172 861 ἂν
1209 819 1457 861 πείθεσθαι.

147 891 447 950 3ἀπικομένης
488 893 534 937 δὲ
574 892 758 948 ταύτης,
809 891 883 935 καὶ
925 888 1156 945 λεγούσης·

1230 884 1318 941 ,,Ὦ
1359 893 1458 940 παῖ,
1472 895 1516 930 85

176 964 355 1021 βούλεαι
396 964 476 1021 τήν
516 981 562 1008 τε
600 965 842 1018 τυραννίδα
873 963 915 1014 ἐς
946 960 1106 1012 ἄλλους
1149 961 1341 1010 πεσέειν,
1386 961 1459 1004 καὶ

176 1037 253 1082 τὸν
283 1035 409 1081 οἶκον
436 1040 518 1080 τοῦ
543 1036 706 1092 πατρὸς
735 1033 1069 1090 διαφορηθέντα
1098 1036 1289 1088 μᾶλλον,
1327 1031 1355 1089 ἢ
1384 1030 1459 1075 αύ-

181 1158 224 1199 έν
257 1156 332 1211 γᾶρ
370 1157 420 1211 δή
451 1162 508 1215 τῷ
536 1159 788 1211 πρεσβυτέρῳ

121 1218 201 1256 τῶν
219 1216 375 1256 παίδων
402 1232 437 1255 κ.
460 1232 491 1255 τ.
511 1216 569 1268 λ.]
617 1217 709 1254 Eum
733 1218 789 1254 in-

124 1273 262 1320 dicari,
306 1287 415 1323 quem
455 1274 641 1325 Cypselum
683 1278 790 1312 vocat

122 1330 312 1379 Diogenes
353 1331 477 1378 (conf.
515 1337 610 1369 nott.
641 1332 690 1369 ad
724 1331 790 1377 ΙΙΙ,

123 1389 216 1435 50),
247 1389 423 1438 suspicor.
472 1389 550 1426 Sed
570 1388 789 1426 Aristoteles

123 1444 247 1481 Ponit.
274 1445 328 1490 V,
358 1447 410 1486 12
434 1444 509 1494 Π,
540 1449 565 1487 9
598 1444 634 1496 g.
655 1449 709 1488 22
730 1444 788 1482 ed.

124 1500 312 1549 Schneid.]
334 1502 417 1539 huic
434 1502 509 1539 filio
524 1516 660 1539 nomen
679 1502 792 1539 fuisse

124 1558 250 1595 scribit
286 1558 466 1603 θονάίαε,
528 1560 628 1596 cuius
677 1559 791 1609 ipsius

125 1613 218 1651 filius
258 1616 548 1654 Psammetichus
587 1616 791 1654 Periandro

125 1674 349 1710 successerit.
380 1672 408 1709 Λ
433 1686 505 1722 quo
529 1673 692 1710 diversus
713 1672 793 1722 opi-

124 1740 193 1765 nor
215 1728 274 1766 ille
293 1730 454 1778 Gorgias
467 1758 477 1776 ,
507 1730 700 1767 Periandri
720 1730 794 1765 sra-

126 1789 202 1831 ter,
243 1787 343 1823 cuius
376 1787 475 1836 apud
494 1786 728 1823 Plutarchum
754 1785 794 1822 fit

126 1842 264 1879 mentio
296 1843 325 1879 ll
349 1856 435 1893 pag.
460 1845 538 1883 160
558 1844 625 1889 C.,
655 1844 793 1892 quique

126 1898 225 1936 idem
251 1900 296 1936 ab
315 1900 392 1937 aliis
411 1900 671 1949 scriptoribus,
701 1912 794 1948 quo-

126 1968 206 1992 rum
228 1955 326 1993 locos
349 1958 469 1993 attulit
480 1956 740 2006 lVyttenbach.
755 1956 792 1992 in

127 2012 399 2051 Animadverss.
428 2014 476 2050 ad
504 2013 688 2050 Plutarchi
719 2012 742 2049 l.
769 2011 792 2048 l.

124 2081 210 2120 pag·
233 2072 328 2117 979,
364 2071 474 2108 modo
499 2070 656 2119 Gorgias
681 2070 792 2106 modo

130 2125 272 2175 Torgus
291 2129 459 2177 adeoque
473 2128 659 2176 Gargesus
677 2127 794 2163 norni-

127 2188 262 2231 natur,
299 2185 389 2222 mira
417 2184 643 2222 librariorum
675 2183 794 2232 negli-

126 2241 264 2289 gentia.
325 2242 434 2288 „Sed
465 2242 554 2290 quid
585 2242 613 2278 si
635 2242 794 2289 Gorgias

126 2296 183 2335 vel
206 2298 351 2346 Gorgus
380 2298 581 2344 Plutarchi,
621 2299 684 2348 qui
713 2311 791 2335 curn

127 2356 283 2404 posteris
302 2356 375 2392 suis
393 2360 571 2405 tyrannus
583 2353 794 2392 Ambracio-

127 2415 246 2448 tarum
285 2417 385 2458 erat,
441 2413 590 2449 omnino
626 2413 793 2449 diversus

129 2471 186 2504 est
212 2481 234 2504 a
250 2468 390 2505 Gordia
418 2474 567 2515 nostro,
607 2469 794 2506 Psamme-

131 2522 217 2560 tichi
253 2530 359 2574 patre
406 2531 445 2563 et
485 2527 597 2563 fratre
636 2526 795 2563 fortasse

132 2577 242 2628 ipsius
263 2581 477 2631 Cypseli‘e“
536 2583 579 2619 C.
596 2584 642 2619 O.
663 2582 797 2620 Miiller

134 2634 170 2670 in
194 2635 375 2685 Aeginett.
405 2653 441 2688 p.
464 2642 518 2680 66
545 2644 624 2678 not.
647 2639 726 2677 coll.
749 2639 794 2676 C.

134 2689 299 2739 lVagner
324 2695 370 2733 de
395 2696 584 2734 Periandr.
609 2709 697 2747 pag.
727 2693 794 2736 24.

134 2745 318 2795 Equidem
341 2751 377 2788 in
397 2756 499 2791 tanta
519 2766 641 2791 rerum
665 2766 709 2790 ac
727 2766 796 2790 no-

135 2803 270 2841 minum
311 2809 522 2848 confusione
568 2810 659 2848 certi
706 2809 796 2860 quid

135 2861 370 2911 pronuntiare
387 2877 461 2903 non
483 2867 613 2906 audeo.

905 1151 980 1196 οὐκ
1008 1151 1173 1206 ἐνεώρα]
1213 1155 1271 1192 Ad
1293 1155 1516 1193 sententiam

847 1215 943 1252 conf.
968 1214 1151 1251 Plutarch.
1186 1213 1217 1249 ΙΙ
1248 1225 1336 1263 pag.
1359 1213 1437 1253 175
1458 1212 1516 1259 E.,

846 1272 910 1309 ubi
923 1270 1183 1320 wyttenbach.
1195 1271 1231 1306 in
1242 1269 1516 1307 Animadverss.

846 1342 933 1379 pag.
959 1331 1088 1374 1051,
1128 1327 1335 1364 Herodotei
1354 1325 1421 1363 loci
1442 1339 1517 1362 non

846 1387 1060 1432 immemor,
1116 1390 1278 1422 extrema
1315 1383 1428 1420 verba
1467 1384 1518 1420 sic

850 1443 994 1480 reddit:
1043 1443 1117 1489 „in
1149 1443 1279 1477 maiore
1309 1444 1397 1477 natu
1414 1440 1517 1490 filio-

849 1512 928 1536 rum
948 1512 1017 1535 non
1034 1499 1177 1535 videbat
1196 1495 1270 1547 τήν
1284 1498 1517 1548 τυραννίδα,

849 1570 919 1594 uon
949 1556 1164 1604 agnoscebat
1193 1556 1355 1592 idoneum
1389 1558 1518 1605 tyran-

849 1614 946 1651 m'clis
968 1626 1203 1650 successorem.
1243 1612 1448 1661 Schweigh.
1469 1612 1518 1649 ad

850 1665 1002 1721 ἐνεώρα
1021 1671 1194 1707 subaudit
1211 1666 1255 1709 τό
1275 1666 1379 1708 εἶναι
1398 1669 1518 1707 δυνα-

850 1725 920 1766 το“ν
939 1724 986 1765 τοὶ
1007 1722 1220 1779 πράγματα
1241 1725 1404 1765 διέπειν.
1454 1725 1518 1762 Tu

849 1785 945 1821 cons.
969 1783 998 1830 l,
1021 1785 1084 1824 89.
1116 1786 1207 1825 123.
1243 1805 1299 1811 ——
1340 1784 1383 1819 In
1413 1795 1517 1831 seqq.

850 1839 1097 1888 νωθέστερος
1122 1841 1152 1876 is
1178 1841 1334 1888 dicitur,
1378 1841 1441 1889 qui
1460 1841 1518 1875 in-

849 1900 953 1947 genio
972 1898 1139 1944 tardiori,
1169 1898 1336 1934 hebetiori
1354 1900 1418 1943 est,
1442 1900 1518 1932 stu-

846 1955 965 2005 pidior
983 1955 1090 1991 homo.
1115 1975 1168 1982 -
1199 1954 1369 2000 „Plotia
1391 1953 1455 1999 ΙΙΙ,
1477 1955 1517 1993 8.

851 2014 894 2052 3:
923 2011 963 2050 οἱ
985 2010 1228 2061 νωθέστεροι
1246 2013 1328 2049 τῶν
1345 2011 1517 2049 παίδων.

851 2070 896 2106 cf.
920 2069 984 2114 Ill,
1005 2071 1042 2110 6.
1062 2071 1099 2110 6.
1119 2069 1183 2116 VI,
1206 2071 1242 2108 7.
1274 2069 1369 2109 22ss
1404 2067 1469 2104 Cr.

908 2121 1185 2176 περιεχόμενος
1229 2127 1302 2163 τοῦ
1334 2122 1516 2174 νεηνίεω]

850 2184 871 2219 i.
892 2196 923 2220 e.
955 2195 1124 2230 magnam
1147 2184 1283 2220 invenis
1313 2194 1435 2218 curam
1457 2194 1519 2230 ge-

850 2253 950 2285 rens,
992 2252 1128 2288 magna
1159 2253 1246 2276 cura
1271 2251 1299 2275 s.
1323 2239 1442 2275 studio
1463 2241 1519 2274 iu-

849 2309 967 2333 venem
986 2298 1208 2348 amplectens.
1239 2296 1348 2333 Conf.
1368 2295 1433 2343 ΙΙΙ,
1452 2297 1517 2336 72.

850 2354 950 2400 Vlll,
975 2356 1040 2394 60.
1088 2354 1202 2391 Paulo
1233 2356 1320 2390 ante
1351 2366 1432 2390 cum
1462 2365 1520 2389 re-

850 2415 944 2448 cent.
979 2411 1064 2448 edd.
1096 2411 1242 2449 exhibui
1270 2405 1520 2461 α’νακρίσιος,

851 2472 894 2504 ut
934 2472 1052 2505 exstat
1094 2469 1131 2505 in
1159 2467 1377 2505 Florentino
1414 2466 1518 2503 libro.

851 2523 921 2561 Alii
951 2520 1207 2575 ἅποκρίσιος,
1256 2528 1298 2560 ut
1325 2524 1366 2569 I,
1395 2521 1449 2565 49
1482 2528 1520 2561 et

851 2582 948 2619 forte
970 2583 1103 2631 verius,
1132 2583 1183 2620 ait
1196 2581 1432 2629 Wesseling.,
1451 2581 1520 2617 nisi

852 2636 1092 2688 ὑποκρίσιος
1107 2652 1150 2676 ex
1167 2639 1295 2676 Ionum
1318 2642 1518 2675 consuetu-

852 2695 937 2733 dine
957 2696 1137 2734 malueris.

907 2751 976 2791 καὶ
1003 2749 1070 2793 τὸν
1100 2749 1213 2792 οἷκον
1231 2772 1289 2780 —
1317 2750 1518 2799 διαφορη-

851 2807 993 2860 θέντα]
1033 2806 1101 2849 τὸν
1132 2806 1247 2850 οἷκον
1276 2809 1324 2845 de
1356 2806 1518 2857 paternis

852 2866 960 2904 bonis
979 2880 1009 2904 s.
1042 2868 1089 2906 de
1114 2865 1337 2919 patrimonio
1363 2862 1518 2911 intelligi
