1863 3256
397 216 482 258 514
809 214 1272 254 HERODOTI

399 325 442 368 οἷ
469 322 649 368 Σκύθαι
685 325 786 376 τούς
819 323 992 379 Πέρσας
1026 324 1093 367 ἐπὶ
1125 323 1205 380 τήν
1232 323 1434 379 γέφυραν
1463 324 1661 382 ἀπικόμε-

372 399 485 438 4νοι.
528 395 768 446 Μαθόντες
797 396 841 438 δὲ
870 395 976 446 τούς
1005 395 1179 449 Πέρσας
1210 394 1264 437 οὔ
1292 411 1354 437 κω
1385 394 1662 451 ἀπιγμένους,

401 467 549 521 ἔλεγον
595 466 703 519 πρός
746 464 850 515 τούς
886 465 1041 516 Ἴωνας
1088 463 1240 516 ἐόντας
1285 464 1332 508 ἐν
1371 470 1469 522 τῇσι
1511 469 1662 522 νηυσί“

401 536 606 591 ,,’Ἀνδρες
632 537 803 586 Ἴωνες,
853 536 901 577 αἴ
934 552 978 579 τε
1018 534 1173 592 ἡμέραι
1211 534 1316 591 ὑμῖν
1350 541 1432 579 τοῦ
1470 535 1664 593 ἀριθμοῦ

400 608 660 662 διοίχηνται·
720 605 794 648 καὶ
837 603 892 649 οὐ
927 607 1090 651 ποιέετέ
1126 623 1174 663 γε
1209 608 1356 650 δίκαια
1386 607 1446 650 ἔτι
1475 609 1721 664 παραμέ-Θο

371 685 560 727 5νοντες.
620 672 734 727 ἀλλ’,
779 675 870 719 ἐπεὶ
908 677 1124 733 πρότερον
1161 679 1455 733 δειμαίνοντες
1487 679 1665 734 ἐμένετε,

399 751 484 790 νῦν
519 745 726 797 λύσαντες
764 747 841 790 τόν
878 747 1041 802 πόρον,
1082 747 1163 805 τὴν
1193 750 1396 803 ταχίστην
1426 748 1548 792 ἄπιτε
1577 751 1664 805 χαί-

401 833 552 871 ροντες
589 817 837 872 ἐλεύθεροι,
885 820 1028 862 θεοῖσί
1063 834 1107 862 τε
1146 818 1219 862 καὶ
1258 819 1466 876 Σκύθῃσι
1506 820 1666 872 εἰδότες

372 885 544 942 6χάριν.
612 887 690 930 τὸν
742 887 789 932 δὲ
840 888 1057 944 πρότερον
1099 888 1227 933 ἐόντα
1264 887 1415 944 ὑμέων
1454 891 1667 947 δεσπότην

398 956 523 1014 ἡμεῖς
550 959 921 1014 παραστησόμεθα
950 959 1087 1013 οὕτω,
1119 960 1225 1004 ὥστε
1255 960 1323 1003 ἐπὶ
1350 959 1579 1017 μηδαμούς
1608 962 1723 1005 ἕτι95

401 1025 668 1083 ἀνθρώπους
698 1029 837 1073 αὐτόν
867 1029 1258 1084 στρατεύσασθαι.“

519 1099 640 1154 Πρός
667 1104 805 1144 ταῦτα
835 1104 879 1145 οἱ
895 1101 1040 1153 Ἴωνες
1070 1101 1373 1157 ἐβουλεύοντο.
1419 1101 1668 1146 Μιλτιάδεω

407 1171 486 1227 μὲν
525 1175 606 1214 τοῦ
633 1169 869 1227 Ἀθηναίου
908 1174 1245 1228 στρατηγέοντος
1275 1172 1348 1216 καὶ
1377 1172 1668 1226 τυραννεύον·

408 1258 483 1293 τος
513 1243 868 1298 Χερσονησιτέων
903 1248 992 1287 τῶν
1022 1244 1069 1287 ἐν
1092 1243 1391 1303 Ἑλλησπόντῳ
1420 1240 1475 1300 ἦν
1504 1244 1669 1299 γνώμη,

377 1313 639 1356 Ξπείθεσθαι
652 1312 870 1370 Σκύθῃσι,
889 1316 962 1358 καὶ
980 1315 1242 1371 ἐλευθεροῦν
1254 1313 1444 1372 Ἰωνίην·
1465 1313 1672 1358 Ἱστιαίου

407 1383 454 1427 δὲ
483 1386 564 1425 τοῦ
587 1386 811 1440 Μιλησίου
835 1385 1009 1443 ἐναντίη
1038 1385 1198 1443 ταύτῃ,
1229 1386 1431 1442 λέγοντος
1461 1384 1551 1437 ,,ὦς
1580 1389 1696 1428 νῦν1

246 1096 346 1141 137

72 1161 220 1190 Miltiadis
258 1161 350 1200 Athe-

73 1197 183 1224 niensis
224 1195 348 1221 consino

88 1231 238 1257 diversum
279 1228 333 1254 Hi-

89 1265 177 1291 minei
205 1262 334 1295 Milesii,

72 1299 227 1333 probatum
246 1305 265 1322 a
282 1304 350 1322 cae-

73 1332 146 1359 teris
156 1329 349 1366 principibus.

407 1453 487 1510 μὲν
516 1453 588 1500 διὰ
611 1460 807 1511 Δαρεῖον
835 1456 1014 1509 ἕκαστος
1043 1457 1189 1501 αὐτῶν
1215 1456 1468 1513 τυραννεύει
1491 1455 1666 1508 πόλιος·

408 1642 653 1696 διοίχηνται]
694 1642 754 1681 De
785 1643 910 1692 „forma
938 1641 1011 1678 vid.

352 1703 565 1741 Buttmann.
587 1702 654 1739 Gr.
674 1700 743 1738 Gr.
771 1699 854 1736 mai.
873 1698 905 1735 11
925 1710 1012 1748 pag.

354 1762 449 1800 197.
480 1758 538 1795 Ad
554 1761 810 1807 argumentum
828 1755 897 1792 loci
916 1754 1015 1792 confe

353 1816 422 1862 w,
453 1816 506 1854 98
528 1820 566 1852 et
586 1818 632 1853 de
658 1813 847 1862 sexaginta
872 1812 1013 1849 dierum

351 1872 471 1922 spatio
490 1884 584 1920 quae
602 1871 756 1908 diximus
775 1869 821 1905 ad
833 1868 895 1914 lV,
922 1869 1012 1908 122.

351 1949 408 1957 --
424 1927 513 1963 Post
535 1923 583 1966 ου’
593 1925 742 1966 ποιέετε
752 1938 832 1961 cum
844 1923 1012 1972 Schwgh.

355 1988 392 2022 et
412 1984 529 2021 Gaisf.
549 1984 669 2034 recepi
690 1997 751 2034 ys,
781 1981 881 2030 quod
903 1979 1013 2029 vulgo

352 2041 478 2086 abest,
512 2053 579 2077 nec
609 2041 707 2090 apud
724 2037 1014 2075 Matth.inveni-

353 2101 413 2133 tnr
438 2097 485 2132 ad
507 2096 708 2148 χαίροντες
726 2094 821 2133 cons.
844 2097 941 2132 nott.
965 2092 1013 2129 ad

352 2152 424 2200 ιιι,
456 2154 523 2192 29.

408 2216 745 2273 παραστησόμεθα
776 2216 903 2270 οὕτω]
937 2222 959 2258 i.
979 2234 1010 2259 e.

353 2293 389 2315 co
409 2281 624 2327 redt'grmns,
651 2278 895 2328 compellemus.
926 2276 1014 2315 Non

353 2335 457 2371 vaide
485 2338 608 2384 dispar
628 2347 671 2371 ea
697 2336 817 2380 notio,
852 2334 926 2382 quir
946 2333 1014 2370 hoc

352 2391 501 2427 verbum
527 2391 726 2428 invenimus
746 2390 819 2438 111,
854 2391 915 2430 13.
947 2389 1012 2436 14,

355 2447 414 2483 nbi
433 2447 506 2483 vid.

502 2534 533 2571 C
545 2547 565 2571 a
575 2548 612 2585 p.
645 2534 863 2570 CXXXVII.

412 2608 660 2660 ΙῑἸιλτιοῖδεω]
683 2611 739 2649 De
751 2610 922 2648 Miltiade
931 2610 1012 2661 plu-

354 2683 394 2706 ra
426 2670 496 2715 lv,
536 2671 590 2709 39
622 2681 727 2717 seqq.
784 2668 835 2705 Ac
869 2668 1013 2704 videtur

355 2726 544 2763 Cornelius
566 2725 691 2774 Nepos
725 2724 760 2760 in
791 2723 946 2760 Miltiad.
980 2736 1009 2759 c.

355 2784 380 2821 3
408 2782 587 2818 Herodoti
627 2781 744 2817 locum
776 2779 1009 2830 expressisse,

354 2842 392 2874 ut
419 2839 586 2875 observat
604 2836 817 2874 Lambinus.
855 2836 913 2873 De
935 2834 1006 2872 Ht-

1069 1643 1179 1678 stiaeo
1198 1639 1343 1679 ,Milesio
1363 1639 1469 1692 plura
1487 1639 1579 1678 libro
1601 1639 1727 1690 quinto

1068 1702 1272 1738 narrantur.
1302 1718 1355 1724 —
1405 1695 1728 1748 Χερσονησιτέων

1070 1767 1151 1791 cum
1181 1758 1332 1792 recentt.
1362 1754 1448 1791 edd.
1480 1754 1623 1791 exhibui
1651 1765 1728 1791 me-

1068 1810 1196 1848 liorum
1228 1811 1336 1847 codd.
1357 1822 1401 1847 ex
1422 1811 1646 1847 auctoritate.
1687 1809 1728 1846 In

1070 1868 1252 1904 Sancrosti
1279 1867 1369 1903 libro
1390 1870 1510 1903 exstat
1528 1868 1728 1917 Χερσονη·

1071 1921 1210 1970 σιέων,
1260 1923 1361 1971 quod
1403 1922 1605 1971 Schweigh.
1653 1933 1729 1958 non

1070 1979 1250 2030 displicet,
1269 1980 1298 2015 si
1315 1979 1462 2027 quidem
1479 1979 1529 2015 ita
1547 1979 1632 2015 dicti
1652 1979 1728 2015 fue-

1069 2036 1142 2072 rint
1176 2036 1396 2072 Chersonesi
1434 2035 1537 2071 huius
1575 2034 1726 2081 incolae,

1070 2096 1162 2129 teste
1188 2091 1377 2142 Stephano
1398 2091 1615 2140 Byzantino.
1658 2090 1729 2128 Ni-

1070 2149 1199 2185 mirum
1249 2161 1271 2185 a
1312 2160 1401 2185 voce
1444 2141 1729 2198 Χερσονήσιος,

1070 2205 1117 2242 de
1144 2217 1218 2253 quo
1245 2217 1333 2241 sane
1354 2203 1561 2253 Stephanus
1586 2217 1623 2253 p.
1644 2205 1727 2244 756

1069 2260 1179 2298 Berk.
1224 2260 1300 2298 Sed
1327 2265 1402 2296 tum
1424 2259 1595 2308 scripturn
1616 2272 1726 2308 opor-

1070 2317 1172 2354 tebat
1194 2315 1500 2366 Χερσονησίωνς
1530 2328 1610 2352 cum
1637 2316 1726 2352 haec

1070 2375 1187 2410 forma
1208 2372 1357 2421 genitivi
1374 2370 1522 2420 pluraiis
1544 2372 1725 2408 secundae

1070 2443 1322 2482 declinationis
1342 2443 1378 2479 in
1398 2458 1472 2482 εων
1491 2443 1537 2480 ab
1556 2442 1724 2480 Herodo-

1069 2505 1110 2536 to
1127 2501 1172 2536 sit
1188 2499 1317 2536 aliena.

1128 2553 1181 2600 ὥς
1210 2556 1285 2592 νῦν
1314 2551 1385 2604 μὲν
1409 2551 1475 2594 διὰ
1497 2557 1668 2606 Δαρεῖον
1687 2569 1722 2593 κ.

1069 2625 1100 2648 τ.
1138 2609 1197 2659 L]
1237 2610 1334 2660 Apte
1372 2612 1464 2648 hunc
1506 2613 1542 2648 in
1576 2612 1723 2648 modum

1067 2666 1251 2703 Histiaeus
1271 2673 1382 2715 utque
1403 2681 1423 2705 e
1445 2681 1482 2705 rc
1503 2681 1568 2705 sua
1584 2668 1722 2705 locutus

1068 2728 1143 2767 est3
1190 2723 1251 2770 qui
1290 2724 1381 2761 bene
1415 2724 1507 2761 vidit
1545 2737 1617 2761 non
1654 2722 1722 2759 nisi

1066 2779 1256 2816 Persarum
1290 2779 1441 2830 imperio
1474 2785 1594 2818 stante
1625 2785 1723 2816 stare

1063 2847 1104 2873 se
1133 2836 1232 2886 ipsos
1267 2849 1399 2886 posse,
1429 2836 1581 2874 Graecis
1605 2838 1739 2887 impaffi

1734 1457 1812 1499 341
