1863 3256
560 167 595 205 T
624 166 663 204 H
691 165 723 202 Α
755 164 788 203 L
820 165 833 202 Ι
864 164 907 205 Α.
970 166 1030 203 ΠΙ.
1346 172 1429 211 273

151 278 399 334 Ἀθηναίων
427 276 499 319 καὶ
531 277 619 317 τῶν
649 273 888 330 συμμάχων
916 273 1226 330 ἐστρατήγησε·
1287 280 1430 331 Μεγα-

153 350 290 406 βύζου
328 349 373 392 δὲ
411 345 572 390 τούτου
607 346 772 400 γίνεται
804 344 1041 401 Ζώπυρος,
1081 344 1132 397 ὂς
1169 344 1212 396 ἐς
1243 344 1432 403 Ἀθήνας

154 418 428 477 αὐτομόλησε
462 417 509 460 ἐκ
542 416 761 472 Περσέων.

94 608 195 645 Ctes.
214 606 405 655 Excerptt.
428 603 546 641 Perss.
566 601 680 654 §.32
693 605 760 644 33.

95 664 246 702 Diodor.
267 661 375 698 Sieul.
398 661 463 708 Xl,
479 660 580 701 74.7
585 662 621 701 6.
641 659 676 696 T
679 660 758 698 hnc.

94 720 122 764 Ι,
142 720 232 760 109.
272 718 405 756 Incidit
425 718 493 754 hoc
515 718 552 754 in
572 729 656 753 ann.
675 721 760 754 ante

93 776 221 813 Chr.n.
247 774 342 816 458.
356 796 412 803 --
430 775 488 812 Cf.
509 772 682 810 Larcher.
707 771 757 810 Τ.

93 831 160 869 Vll
182 845 217 883 p.
242 833 339 873 653.

149 884 361 939 Ζώπυρος]
392 887 452 924 Ad
473 899 550 924 rem
568 885 690 933 cf.1V‚
704 885 758 925 43

92 949 129 983 et
151 946 250 985 Ctes.
270 945 457 996 Excerptt‚
480 945 600 982 Persa
631 941 667 993 ᾗ.
691 940 759 989 43,

1442 428 1487 460 50

819 604 917 642 unde
957 603 1078 653 colligi
1116 606 1276 655 poterit,
1319 618 1383 642 cur
1428 606 1487 644 ille

817 660 980 697 Athenas
1012 661 1241 711 potissimum
1269 663 1416 711 sugerit,
1450 666 1486 701 et

817 729 913 766 quae
944 716 992 753 illi
1021 718 1116 754 ratio
1145 732 1226 756 cum
1250 718 1486 757 Atheniensi-

819 776 885 810 bus
919 774 1175 811 intercesserit.
1212 798 1267 803 ——
1300 776 1340 813 In
1380 789 1484 826 seqq.

818 825 1067 881 αὕτομόλησε
1090 832 1180 869 dedi
1204 846 1283 870 cum
1314 833 1482 883 Schwgh.

817 892 854 924 et
873 888 991 924 Gaisf.
1010 901 1078 937 pro
1099 890 1199 938 vulg.
1222 885 1482 941 ηὐτομόλησε,

818 945 917 993 quod
943 945 1092 982 retinuit
1117 946 1250 983 Matth.

403 1268 707 1310 ἹΣΊὈΡΙῼΝ
745 1265 1086 1311 ‘HPOAOTOY
1129 1271 1175 1310 Γ.

148 2867 359 2908 HERODOT.
383 2871 443 2909 ⁴ll.

1198 2876 1248 2914 18
