1946 3272
439 194 522 232 108

825 192 1287 233 HERODOTI

436 298 598 344 τούτου
634 299 831 356 ὄρυγμα,
878 300 1078 344 κάτωθεν
1108 299 1371 356 ἀρξάμενον,
1416 298 1704 354 ἀμφίστομον.

1399 370 1408 384 Ι
1430 377 1433 381 »
1489 371 1497 385 t
1554 371 1563 385 7

406 441 482 485 3δὲ
512 440 626 494 ὕψος
656 444 727 485 καὶ
759 438 912 495 εὖρος,
945 441 1056 484 ὀκτώ
1088 441 1292 496 ἑκάτερον
1322 441 1466 492 πόδες.
1502 440 1573 482 διὰ
1603 456 1708 482 παν·

433 511 510 562 τός
549 512 595 555 δὲ
635 510 771 555 αὐτοῦ
802 511 907 554 ἄλλο
953 512 1122 567 ὄρυγμα
1152 515 1400 567 εἰκοσίπηχυ
1430 512 1569 568 βάθος
1599 509 1765 564 ὁρῶ-95

435 600 612 637 ρυκται,
646 585 832 635 τρίπουν
858 581 903 624 δὲ
933 583 980 625 τὸ
1011 577 1160 636 εὖρος,
1200 584 1241 626 δί
1271 577 1325 626 οὗ
1355 582 1404 626 τό
1436 582 1579 637 ὕδωρ,
1612 580 1708 637 ὀχε-

435 654 673 709 τευόμενον
703 653 776 695 διὰ
807 651 1037 707 σωλήνων,
1069 655 1353 708 παραγίνεται
1383 654 1424 704 ἐς
1454 653 1534 709 τὴν
1563 652 1705 703 πόλιν,

406 724 660 779 4οἶγόμενον
698 722 783 766 ἀπό
821 724 1007 779 μεγάλης
1045 728 1192 779 πηγῆς.

1251 723 1511 779 ἁρχιτέκτων
1548 725 1593 767 ὁὲ
1623 727 1706 766 τοῦ

434 794 682 849 ὀρύγματος
703 791 865 837 τούτου
886 795 1052 849 ἐγένετο
1073 794 1302 850 Μεγαρεὺς
1320 792 1571 845 Εὐπαλῖνος
1586 797 1707 837 Ναυ-

409 863 652 919 δστρόφου.

712 869 845 907 τοῦτο
876 865 954 919 μὲν
990 865 1041 921 δὴ
1086 867 1135 908 ’ἐν
1165 869 1253 907 τῶν
1282 868 1413 918 τριῶν
1442 864 1540 907 ἐστί.

1600 863 1707 907 Δεύ-

436 952 564 991 τερον
595 935 661 985 δὲ,
692 935 789 991 περὶ
817 934 969 991 λιμένα
997 939 1119 991 χῶμα
1139 935 1185 978 ἐν
1208 932 1429 990 θαλάσσῃ,
1461 934 1601 990 βάθος
1631 951 1706 978 κα-

377 1079 488 1114 tiores
508 1087 696 1114 mensuras
716 1081 955 1121 revocentur,
989 1075 1043 1112 ef-

378 1134 496 1170 ficitur
514 1133 599 1169 inde
618 1133 750 1168 montis
781 1132 933 1168 altitudo
961 1133 1041 1171 653

377 1190 514 1240 pedum
537 1189 781 1225 Parisinorum
813 1189 889 1225 sive
922 1190 1042 1233 277,

380 1246 487 1286 4331
511 1251 710 1282 metrorum
725 1244 946 1281 Gallicorum
967 1244 1042 1281 sive

380 1304 503 1349 883,
551 1302 660 1342 9572
697 1302 833 1351 pedum
872 1301 1040 1338 Rhenan.

376 1359 527 1409 Septem
558 1359 677 1394 stadia
701 1358 913 1406 aequabunt
931 1358 1041 1397 3986

376 1416 491 1465 pedes
510 1415 713 1460 Parisinos,
743 1427 769 1450 S.
791 1412 944 1459 0‚1748
964 1412 1043 1450 mil-

376 1471 452 1508 liar.
472 1484 617 1520 geogrr.
664 1471 761 1507 Octo
785 1474 905 1507 autem
929 1470 1042 1520 pedes

379 1528 511 1566 Graeci
537 1528 729 1576 quominus
763 1527 915 1563 totidem
942 1526 1042 1562 Rhe-

377 1597 493 1622 nanos
513 1584 727 1629 conficiant,
759 1582 939 1632 paululum
962 1595 1039 1618 mo-

376 1641 425 1677 do
454 1641 568 1678 deest.
631 1639 691 1676 Tu
722 1640 792 1675 vid.
823 1639 950 1675 wurm
981 1637 1040 1675 De

374 1697 513 1747 pondd.
533 1700 617 1732 ratt.
636 1709 720 1746 pag.
743 1698 822 1735 110
843 1708 921 1743 seq.
944 1697 1038 1734 213.

383 1774 429 1780 —
457 1752 514 1790 De
531 1766 597 1788 usu
616 1752 715 1788 vocis
743 1746 926 1803 ἑκάτερος
946 1752 1041 1788 conf.

378 1814 471 1846 nott.
494 1809 542 1844 ad
564 1809 626 1855 ΙΙΙ,
655 1810 692 1847 S.

437 1862 502 1903 διὰ
522 1861 670 1911 παντός
697 1861 738 1902 δὲ
763 1859 908 1913 αὐτοῦ]
948 1863 1041 1909 Hoc,

377 1926 550 1959 monente
574 1920 816 1969 VVesseling„
856 1921 906 1956 ita
937 1920 1042 1956 intel-

377 1979 586 2026 ligendum,
617 1982 656 2014 ut
673 1990 738 2027 per
758 1977 912 2013 eundem
935 1989 1039 2012 mon-

380 2039 455 2072 tem
477 2038 515 2071 et
534 2035 633 2070 iuxta
651 2034 809 2083 priorem
826 2034 961 2069 fossam
980 2046 1042 2068 ex-

381 2095 508 2127 cavata
527 2091 634 2127 fuerit
651 2089 777 2135 altera,
799 2102 892 2138 quae
910 2102 1043 2137 aquae-

380 2148 507 2183 ductus
536 2147 646 2184 vicem
676 2147 881 2195 praeberet.
938 2146 1043 2181 l’rior

378 2204 583 2240 hominibus
604 2203 792 2238 transitum
820 2202 952 2248 dabat,
989 2206 1040 2248 ut,

377 2260 407 2295 si
439 2260 527 2308 quid
570 2258 816 2307 aquaeductui
846 2258 935 2294 labis
976 2258 1042 2295 sse-

377 2320 457 2361 ret,
498 2316 710 2352 sarciretur:
752 2315 848 2352 unde
876 2319 913 2351 et
936 2314 1041 2350 latior

377 2376 415 2408 et
435 2371 564 2408 celsior
586 2371 698 2408 altera
722 2376 813 2408 erat.
873 2371 968 2407 Hinc
991 2372 1040 2406 ita

378 2428 425 2464 de
439 2428 507 2464 hoc
519 2441 629 2477 opere
642 2427 1039 2478 pronuntiatThiersch.

376 2484 399 2520 l.
420 2484 441 2520 l.
471 2497 506 2534 p.
535 2484 635 2522 184:
681 2484 793 2529 „Der
827 2483 1041 2519 Durchstich

378 2537 592 2590 (ὄρυγμα)
631 2540 729 2576 eines
761 2540 838 2579 150
870 2539 1040 2575 Kluftern

380 2596 501 2634 hohen
533 2596 694 2643 Berges,
733 2596 858 2632 sieben
889 2596 1044 2632 Stadien

381 2654 468 2702 lang
490 2653 564 2689 und
588 2653 701 2688 damit
722 2652 934 2688 verbunden
964 2652 1045 2687 eine

384 2708 697 2756 Wasserleitung‚
743 2708 907 2755 zwanzig
943 2707 1045 2743 Ellen

384 2765 453 2803 ties
465 2766 539 2802 und
558 2765 636 2802 drei
659 2764 804 2801 Schuhe
821 2764 957 2800 breit.“
988 2763 1046 2800 De

382 2823 498 2859 forma
519 2816 736 2874 ὀρώρυκται
757 2820 854 2858 cons.
875 2819 903 2868 Ι,
927 2821 1018 2859 186,

1158 1069 1236 1112 οἷπὸ
1273 1068 1444 1124 μεγάλης
1472 1071 1625 1125 πηγῆς]
1676 1073 1759 1110 fons

1101 1131 1292 1168 dicebatur
1325 1130 1524 1177 Gigartho,
1565 1143 1595 1166 s.
1627 1129 1763 1166 Leuco-

1101 1188 1193 1224 ileea.
1251 1186 1332 1223 Vid.
1380 1187 1551 1223 Panofka
1587 1186 1762 1222 Samiorr.

1098 1244 1174 1281 Res
1204 1255 1287 1293 pag.
1319 1241 1342 1281 4
1361 1270 1371 1288 ,
1411 1243 1473 1291 qui
1506 1243 1601 1280 idem
1630 1254 1672 1278 ex
1705 1255 1763 1289 eo,

1100 1300 1198 1349 quod
1224 1300 1476 1348 aquaeductus
1515 1298 1571 1335 hic
1605 1311 1766 1335 comme-

1099 1361 1278 1402 moratur,
1318 1356 1465 1391 Samum
1506 1368 1579 1391 non
1618 1367 1764 1404 semper

1101 1409 1272 1462 εὔυδρον
1311 1412 1423 1448 fuisse
1460 1415 1586 1461 putat,
1632 1422 1763 1459 quam-

1099 1481 1207 1518 quam
1232 1472 1386 1517 quatuor
1409 1469 1507 1503 fluvii
1532 1466 1685 1503 insulam
1716 1468 1765 1503 ir-

1099 1527 1260 1573 rigantes
1283 1537 1304 1561 a
1326 1524 1509 1561 veteribus
1533 1524 1765 1560 nominantur

1101 1582 1259 1630 indeque
1291 1579 1481 1617 Anacreon
1513 1580 1661 1615 Samum
1695 1592 1764 1628 ap-

1097 1637 1253 1688 pellarat
1294 1633 1392 1674 ἅστυ
1424 1634 1630 1685 Νυμφέων
1664 1634 1763 1685 (vid.

1100 1696 1230 1742 fragm.
1258 1688 1312 1742 μή
1339 1694 1398 1730 ed.
1421 1692 1575 1739 Fisch.)
1623 1690 1673 1728 At
1693 1691 1764 1728 nisi

1101 1763 1219 1798 aquae
1248 1754 1306 1785 sat
1329 1761 1464 1797 magna
1483 1749 1518 1784 in
1541 1748 1656 1785 insula
1676 1748 1765 1785 suis-

1101 1811 1158 1843 set
1185 1806 1309 1855 copia,
1353 1807 1416 1854 qui
1447 1805 1594 1841 omnino
1627 1817 1764 1853 aquae-

1101 1864 1229 1899 ductus
1271 1862 1409 1898 institui
1450 1862 1652 1911 potuisset,
1698 1872 1764 1910 per

1097 1932 1206 1967 quem
1235 1917 1327 1964 hoc,
1356 1918 1511 1967 opinor,
1534 1917 1764 1967 potissimum

1097 1974 1335 2024 spectabant,
1391 1978 1432 2010 ut
1473 1986 1606 2022 aquam
1646 1973 1763 2021 magis

1100 2030 1279 2067 salubrem
1315 2035 1350 2067 et
1385 2042 1510 2066 sanam
1544 2030 1762 2080 acciperent.

1100 2087 1344 2131 Tournesort,
1384 2086 1595 2123 recentioris
1631 2085 1763 2122 aetatis

1097 2144 1354 2194 peregrinator
1365 2143 1505 2186 (Relat.
1524 2142 1611 2179 d'un
1621 2154 1763 2190 voyage

1099 2201 1191 2236 dans
1218 2200 1239 2235 l.
1262 2199 1415 2236 Lexaut.
1448 2199 1537 2248 epit.
1560 2195 1644 2248 X),
1693 2198 1762 2234 ad-

1099 2257 1168 2293 huc
1208 2269 1247 2293 se
1281 2257 1413 2292 vidisse
1445 2255 1603 2291 affirmat
1631 2253 1763 2290 rudera

1100 2313 1294 2361 quaedam,
1327 2324 1422 2360 quae
1445 2311 1491 2347 ad
1511 2311 1605 2346 hunc
1622 2322 1761 2358 aquae-

1100 2371 1245 2405 ductum
1269 2369 1451 2418 pertinere
1473 2367 1706 2416 putabantur.

1155 2420 1354 2474 Δεύτερον
1368 2421 1422 2469 δὲ,
1437 2421 1524 2473 περὶ
1540 2421 1677 2471 λιμένα
1688 2424 1763 2471 χαῖ-

1100 2497 1153 2531 μοι
1189 2480 1231 2519 ἐν
1262 2476 1475 2531 θαλάσσῃ]
1535 2479 1589 2516 De
1630 2490 1762 2527 aggere

1099 2544 1224 2583 (nunc
1248 2537 1373 2573 dicunt
1392 2535 1517 2581 Molo)
1548 2535 1686 2585 accipio
1714 2535 1764 2571 ad

1102 2598 1231 2644 portus
1297 2593 1526 2629 securitatem
1591 2591 1763 2628 deducto.

1103 2650 1229 2692 Quare
1254 2653 1352 2686 recte
1374 2648 1563 2686 'l'hierscli.
1584 2646 1606 2684 l.
1628 2648 1648 2684 l.
1675 2659 1762 2697 pag.

1106 2705 1207 2744 184:
1262 2705 1354 2751 „ein
1390 2704 1522 2741 Damm
1562 2705 1609 2740 im
1637 2704 1764 2741 Meere

1103 2775 1185 2798 zum
1215 2761 1372 2797 Schutze
1405 2761 1469 2797 des
1498 2761 1659 2807 Hasens,
1697 2772 1764 2808 ge-

1103 2831 1175 2867 gen
1206 2817 1370 2866 zwanzig
1395 2817 1541 2854 Klaster
1566 2815 1660 2854 boch
1687 2815 1764 2853 und
