1863 3256
519 248 866 290 THALIA.
926 249 990 286 111.
1311 256 1394 295 ‘233

119 360 382 418 ἀπαγορεύει
412 361 520 417 ’ὑμῖν
549 359 607 416 μή
639 359 935 414 δορυφορέειν
959 356 1202 412 Ὀροίτεα.“
1247 362 1300 402 Oi
1331 362 1390 413 δὲ,

91 434 389 484 ὃοῖκούσαντες
426 429 617 483 τούτων,
657 429 849 487 μετῆκάν
881 431 924 473 οἱ
953 428 1030 480 τοὶς
1061 427 1227 485 αἰχμάς.
1289 431 1397 474 ἰδών

121 505 166 549 δὲ
195 505 326 549 τοῦτό
358 515 493 558 σφεας
522 501 545 545 ὁ
580 505 775 558 Βαγαῖος
805 500 1102 557 πειθομένους
1131 504 1192 557 τῷ
1222 503 1419 557 βιβλίῳ,1

120 578 312 620 ἐνθαῦτα
352 573 403 629 δὴ
434 571 683 629 θαρσήσας,
732 572 781 617 τό
815 577 1065 616 τελευταῖον
1095 576 1183 615 τῶν
1213 574 1397 629 βιβλίων

119 649 237 690 διδοῖ
269 646 331 700 τῷ
368 648 699 702 γραμματιστῇ,
736 645 784 688 έν
816 648 877 701 τῷ
908 643 1167 700 ἐγέγραπτο·
1227 647 1397 697 ,,Βασι-

118 719 215 768 λεὺς
243 720 430 770 Δαρεῖος
462 715 658 772 Πέρσῃσι
698 721 812 760 τοῖσι
850 716 898 760 έν
927 713 1118 771 Σάρδισι
1156 714 1395 760 ἐντέλλεται

88 790 305 833 9κτείνειν
341 786 593 841 Ὀροίτεα.“
655 789 709 831 Οἱ
738 789 784 831 δὲ
815 785 1066 843 δορυφόροι
1097 783 1155 837 ὥς
1195 786 1395 843 ἤκουσαν

116 863 278 910 ταῦτα,
322 857 592 915 σπασάμενοι
629 857 735 910 τούς
765 856 1016 909 ἄκινάκεας,
1057 859 1274 901 κτείνουσι
1303 865 1423 904 rra-5

118 932 303 986 ραυτίκα
331 947 420 986 μιν.
486 930 612 974 Οὕτω
645 930 698 988 δὴ
725 930 923 987 Ὀροίτεα
952 930 1029 974 τὸν
1052 929 1232 986 Πέρσην
1252 934 1397 974 Πολυ-

115 1001 297 1059 κράτεος
326 1005 406 1045 τοῦ
435 1004 612 1059 Σαμίου
642 1005 772 1054 τίσιες
804 1007 1039 1059 μετῆλθον.

7 1081 71 1126 29
229 1072 521 1129 Ἀπικομένων
549 1075 595 1118 δὲ
625 1076 698 1119 καὶ
729 1073 1120 1131 ἀνακομισθέντων
1148 1076 1235 1116 τῶν
1254 1071 1398 1128 Ὀροί-

118 1162 200 1190 τεω
239 1144 471 1201 χρημάτων
510 1145 553 1197 ές
583 1145 637 1190 τοὶ
665 1150 846 1199 Σοῦσα,
896 1143 1123 1200 συνήνεικε
1160 1143 1303 1203 χρόνῳ
1343 1143 1397 1187 οὐ
1456 1169 1646 1203 &mmmm
1675 1171 1732 1198 De-

116 1221 264 1276 πολλῷ
299 1217 484 1272 ὕστερον
513 1216 694 1273 βασιλέα
730 1222 944 1273 Δαρεῖον,
996 1215 1042 1259 έν
1081 1214 1193 1271 ἄγρῃ
1235 1220 1389 1271 θηρῶν
1403 1203 1595 1298 1οξἕξῖῗξὲθε
1653 1204 1733 1298 ΞΜΓ

1455 1278 1544 1297 inven
1564 1280 1614 1304 us,
1632 1279 1648 1297 a
1685 1280 1733 1300 re-

87 1287 472 1344 Ξᾶποθρεόσκοντα
495 1285 582 1332 ἀπὸ
614 1290 767 1341 ἵππου,
802 1291 1052 1344 στραφῆναι
1072 1286 1150 1329 τὸν
1166 1285 1293 1329 πόδα.
1323 1288 1398 1330 καί
1456 1312 1524 1339 gem
1546 1304 1714 1336 adducitur.

116 1378 204 1412 κως
248 1359 540 1416 ἰσχυροτέρως
583 1359 792 1417 ἐστράφη·
853 1359 877 1404 ὁ
915 1357 998 1416 γάρ
1041 1359 1085 1402 οἱ
1123 1356 1398 1414 ἀστράγαλος

1454 1066 1565 1094 Darius
1608 1069 1734 1097 extorsit

1454 1101 1577 1136 pedem:
1613 1102 1733 1130 inscitia

1455 1135 1638 1163 medicorum
1680 1138 1733 1164 Ae-

1613 1237 1734 1265 Oroetis

59 1478 199 1515 tatione
240 1477 387 1514 admitti
427 1477 566 1527 poterit
596 1476 726 1514 vocula

61 1534 121 1581 οἷ,
151 1547 245 1584 quae
263 1534 495 1573 abundanter
514 1536 592 1572 fere
610 1535 647 1571 in
667 1538 728 1571 ta-

59 1591 150 1629 libus
174 1591 335 1640 ponitur.

118 1644 173 1698 μή
195 1644 481 1700 δορυφορέειν]
529 1646 587 1684 Ad
622 1661 726 1686 usum

59 1704 260 1756 particulae
291 1701 346 1755 μή
376 1705 471 1742 conf.
495 1703 629 1742 Matth.
658 1706 725 1741 Gr.

62 1762 130 1799 Gr.
158 1774 195 1811 p.
224 1762 329 1802 1046
356 1765 393 1799 et
416 1773 527 1811 supra
555 1761 628 1808 ΙΙΙ,
659 1763 724 1803 51.

61 1817 185 1855 'Verba
227 1818 421 1867 sequentia
470 1815 644 1868 μετῆκάν
689 1817 730 1856 οἵ

61 1871 131 1921 τεές
151 1870 295 1924 αἰχμάς
320 1875 492 1924 equidem
517 1875 568 1911 sic
595 1874 728 1911 intelli-

61 1945 130 1980 go:
162 1930 412 1980 deposuerunt,
443 1944 472 1971 s.
491 1931 727 1968 submiserunt

61 1989 208 2033 hastas,
250 1989 483 2026 tradiderunt
508 1988 540 2025 ei
566 1987 726 2035 lanceas,

61 2049 100 2082 ut
141 2044 393 2092 obedientiae,
452 2057 562 2094 quam
594 2046 725 2082 summi

60 2101 159 2150 regis
180 2102 362 2138 mandatis
385 2106 635 2152 praestarent,
667 2115 726 2139 es-

62 2166 118 2196 set
138 2158 293 2206 signum.
340 2158 504 2195 Honoris
531 2171 639 2195 causa
658 2158 727 2196 hoc

60 2216 194 2252 sactum
218 2228 298 2253 esse
323 2215 398 2252 vult
418 2216 590 2264 Steger.‚
617 2214 727 2265 plane

61 2275 101 2308 ut
118 2271 217 2321 apud
230 2285 296 2308 nos
314 2271 458 2317 milites,
472 2285 559 2321 rege
572 2276 636 2309 aut
649 2273 726 2309 viro

61 2328 197 2377 insigni
234 2332 516 2379 praetereunte,
579 2328 727 2365 honoris

62 2397 171 2422 causa
191 2384 298 2433 signa
320 2384 490 2422 militaria
514 2385 728 2423 submittere

62 2440 215 2478 soleant.
246 2441 307 2479 Tu
324 2442 418 2478 conf.
440 2442 504 2488 ΙΙΙ,
526 2440 627 2482 143:
656 2456 728 2493 με·-

63 2495 187 2536 τιέναι
217 2494 290 2548 τήν
310 2492 437 2549 ἆρχῆν
464 2499 631 2549 deponere
663 2500 729 2536 im-

61 2556 220 2603 perium,
250 2559 289 2592 et
306 2555 370 2601 IV,
391 2556 464 2595 98:
486 2553 531 2594 τὰ
553 2551 647 2603 τόξα
665 2570 729 2606 με-

65 2608 229 2659 τιέντες,
259 2611 445 2660 deposz'tc‘s,
486 2614 645 2662 sepositis
666 2627 729 2650 ar-

67 2667 194 2712 culum
216 2672 255 2705 ut
273 2668 343 2705 alia
361 2682 458 2706 nunc
468 2673 728 2706 transeam-—

66 2722 108 2759 In
126 2735 229 2772 seqq.
242 2737 308 2774 pro
328 2719 456 2777 τούτῳ
475 2739 554 2763 cum
573 2730 725 2764 recentt.

67 2778 150 2816 edd.
160 2785 196 2816 et
203 2780 413 2819 Florentino
423 2782 728 2832 binisquePariss.

69 2840 107 2873 et
124 2835 306 2873 Sancrofti
323 2837 415 2874 libro
434 2840 556 2890 recepi
577 2842 706 2879 τοῦτο.

126 2888 218 2938 τούς
253 2887 482 2946 οἷκινακέας]
535 2895 596 2935 Tu
632 2897 727 2934 conf.

785 1476 849 1524 III,
869 1475 933 1519 64.
958 1477 1048 1515 118.
1079 1475 1311 1513 Florentinus
1331 1480 1368 1514 et
1381 1475 1454 1514 Pa-

785 1535 915 1571 risinus
930 1546 1021 1570 unus
1041 1533 1217 1571 exhibent
1239 1528 1452 1580 α’κινάκας,

784 1591 845 1629 ille
867 1591 975 1628 etiam
1001 1587 1070 1637 τοὶς
1086 1603 1153 1641 pro
1171 1585 1278 1637 τούς.
1309 1590 1367 1628 Cf.
1390 1590 1452 1638 IV,

785 1650 849 1688 62.
881 1647 961 1695 Vll,
986 1649 1052 1687 67.

965 1705 1075 1754 Cap.
1106 1703 1274 1741 CXXIX.

842 1759 885 1800 ἐν
909 1757 1011 1814 ἄγρη
1035 1758 1194 1812 θηρῶν]
1235 1760 1333 1797 Satis
1364 1773 1452 1797 con-

784 1821 883 1864 stat,
912 1818 1106 1867 multisque
1138 1816 1371 1854 confirmatur
1396 1821 1452 1854 te-

784 1875 988 1921 stimoniis,
1035 1879 1111 1911 tum
1140 1873 1301 1922 reliquos
1319 1874 1453 1911 Persas

783 1932 953 1969 venando
993 1930 1100 1968 valde
1139 1930 1250 1967 fuisse
1294 1930 1453 1977 deditos,

783 1992 860 2025 tum
885 2000 972 2025 vero
1001 1987 1194 2038 praecipue
1216 2000 1346 2036 reges,
1389 1987 1454 2036 qui

784 2050 821 2083 et
845 2045 1114 2083 exercitationis
1147 2056 1256 2081 causa
1284 2048 1320 2081 et
1350 2043 1453 2081 volu-

782 2103 916 2153 ptatis,
945 2101 1002 2138 vel
1044 2114 1089 2139 ex
1124 2113 1227 2137 sacro
1261 2100 1452 2138 Zoroastri

783 2163 983 2209 praecepto
1009 2158 1047 2195 in
1070 2158 1252 2208 paradisis
1279 2159 1376 2194 omni
1400 2158 1455 2194 fe-

784 2228 906 2253 rarum
927 2228 1064 2264 genere
1084 2214 1235 2264 repletis
1255 2215 1378 2251 venari
1396 2227 1458 2251 so-

784 2272 919 2310 lebant.
986 2272 1044 2309 De
1067 2283 1140 2320 qua
1162 2284 1202 2308 re
1227 2270 1330 2321 plura
1353 2271 1457 2308 dabit

784 2329 946 2366 Barnab.
975 2329 1142 2365 Brisson.
1175 2328 1223 2365 de
1253 2341 1328 2377 reg.
1350 2328 1453 2365 Pers.

784 2387 899 2437 princ.
929 2385 965 2432 Ι,
1002 2384 1095 2425 165.
1117 2386 1183 2425 33.
1208 2386 1299 2425 167.
1346 2383 1454 2422 Adde

784 2443 947 2480 Heeren.
969 2441 1084 2479 Ideen
1108 2441 1146 2488 I,
1170 2443 1191 2481 1
1215 2454 1251 2491 p.
1272 2440 1355 2482 474
1374 2454 1454 2490 seq.

786 2498 1008 2549 („Xenoph.
1035 2498 1245 2548 Cyropaed.
1270 2498 1307 2545 Ι,
1329 2500 1367 2538 2.
1389 2500 1450 2538 10.

786 2557 844 2593 Cf.
866 2555 938 2593 los.
968 2568 1000 2592 V.
1019 2555 1195 2592 Hammer
1232 2555 1269 2591 in
1299 2555 1452 2593 'Wiener

786 2613 930 2649 Iahrbb.
964 2613 1029 2650 der
1065 2611 1180 2649 Liter.
1205 2611 1288 2648 Vol.
1308 2611 1393 2648 VIII
1414 2625 1451 2661 p.

784 2671 869 2711 378
889 2670 1022 2718 seqq.“
1055 2668 1140 2716 Cr.)
1159 2690 1214 2696 —
1230 2668 1345 2705 Paulo
1365 2672 1451 2704 ante

785 2727 834 2763 ad
879 2726 992 2763 verba
1042 2721 1173 2778 χρόνῳ
1222 2720 1272 2764 ov'
1318 2724 1451 2776 πολλῷ

783 2778 951 2833 ὕστερον
969 2783 1012 2820 cf.
1034 2782 1099 2830 Ill,
1117 2783 1183 2823 36.
1415 2828 1425 2841 Ι

843 2837 867 2878 ό
890 2835 965 2891 γάρ
987 2838 1028 2879 οἷ
1045 2833 1288 2889 ἀστράγαλος
1309 2834 1445 2884 ἕξεχω-

787 2896 896 2949 ρησε]
925 2896 982 2934 Ex
999 2896 1193 2933 Herodoto
1211 2894 1301 2931 haec
1321 2892 1446 2936 refert,
