1879 3255
378 163 407 203 6
765 159 1234 200 HERODOTI

371 268 550 324 κούρων
585 272 676 314 τῶν
709 267 913 326 Ἀμάσιος
954 266 1065 324 ἀνὴρ
1104 268 1232 324 γένος
1259 268 1339 325 μὲν
1363 266 1639 326 Ἁλικαρνησ·

373 342 496 393 σεύς,
548 340 718 395 οὕνομα
762 339 809 384 δέ
851 342 893 384 οἱ
930 338 1104 394 Φάνης,
1147 339 1222 382 καὶ
1257 337 1436 396 γνώμην
1474 341 1637 392 ἱκανὸς,

344 412 450 456 3καὶ
477 411 531 454 τὰ
559 412 743 466 πολέμια
774 410 968 466 ἄλκιμος.
1028 405 1160 461 οὗτος
1201 408 1225 453 ὁ
1267 410 1435 466 Φάνης,
1476 412 1640 468 μεμφό-

372 482 504 538 μενός
543 481 626 524 κού
666 499 707 525 τι
746 480 918 538 Ἀμάσι,
959 480 1228 536 ἐκδιδρήσκει
1266 483 1405 538 πλοίῳ
1436 481 1478 534 ἐξ
1508 483 1640 539 Alyb-

345 559 514 603 4πτου,
559 552 829 607 βουλόμενος
858 549 1077 607 Καμβύσῃ
1111 551 1256 595 ἐλθεῖν
1285 552 1326 603 ἒς
1354 552 1528 608 λόγους.
1571 551 1698 597 οἷα7ο

374 624 419 667 δὲ
449 623 577 666 ἐόντα
609 620 745 666 αὐτὸν
775 623 822 666 ἐν
853 628 966 666 τοῖσι
997 621 1269 679 ἐπικούροισι
1298 622 1433 679 λόγου
1465 623 1518 667 οὐ
1549 635 1640 680 σμι.

377 697 512 747 κροῦ,
544 692 829 749 ἐπιστάμενόν
857 711 901 738 τε
930 692 983 737 τοὶ
1013 695 1110 749 περὶ
1143 696 1363 750 Αἴγυπτον
1393 693 1641 749 ἀτρεκέστα-

372 781 447 816 τα,
502 763 757 819 μεταδιώκει
805 765 828 809 ὁ
865 763 1069 820 Ἄμασις,
1137 764 1337 821 σπουδήν
1383 765 1643 821 ποιεύμενος

346 835 501 878 5ἑλεῖν.
563 835 818 888 μεταδιώκει
856 836 922 886 δὲ,
962 840 1052 878 τῶν
1081 834 1306 891 εὐνούχων
1337 835 1415 880 τὸν
1443 837 1643 882 πιστότα-

373 922 451 950 τον
494 904 751 957 ἀποστείλας
789 906 961 962 τριήρεϊ
996 905 1085 949 κατ’
1119 905 1275 949 αὐτόν·
1325 906 1375 958 ὃς
1407 908 1540 961 αἱρέει
1571 916 1699 964 μιν75

374 977 421 1022 ἐν
464 978 632 1033 Λυκίῃ,
684 975 793 1020 ἑλών
830 977 898 1028 δὲ,
956 974 1040 1021 οὐκ
1082 975 1271 1033 ἀνήγαγε
1314 978 1356 1030 ἐς
1394 980 1644 1033 Αἴγυπτον·
1680 984 1683 985 ’

374 1049 513 1105 σοφίῃ
552 1047 638 1104 γάρ
678 1064 755 1104 μιν
793 1052 999 1105 περιῆλθε
1041 1047 1065 1092 ὁ
1109 1049 1272 1106 Φάνης.

320 1212 392 1250 que
419 1198 596 1245 Caribus,
635 1199 826 1247 conducti,
856 1198 982 1249 quales

319 1257 392 1294 iam
425 1260 510 1294 ante
540 1255 692 1293 Amasin
723 1255 855 1307 Apries
895 1268 983 1293 con-

320 1313 475 1350 duxerat
514 1325 670 1362 eumque
714 1317 862 1350 secutus
902 1313 983 1362 ipse

320 1368 489 1416 Amasis,
532 1381 640 1418 quem
673 1370 819 1406 omnino
850 1367 982 1418 φιλέλ-

320 1427 423 1476 ληνα
456 1424 720 1475 praedicabant
757 1425 831 1473 (11,
862 1426 983 1473 178).

321 1481 378 1519 Tu
391 1482 489 1519 conf.
510 1481 857 1533 11,,163ὶ1)ἰ(].ιιοῆ.
882 1481 981 1520 Add.

320 1538 386 1586 ΙΙΙ,
409 1540 471 1577 11.
493 1539 571 1577 139
591 1537 669 1575 eon.
694 1537 786 1579 145.
810 1538 901 1579 146.

378 1593 446 1633 καὶ
473 1591 521 1632 τοὶ
552 1592 770 1645 πολέμια
803 1592 980 1645 ἄλκιμος]

321 1647 370 1690 τοὶ
400 1648 569 1700 πολέμια
590 1650 725 1688 Aldina
760 1652 872 1688 editio
910 1663 984 1688 una

322 1720 403 1745 cum
426 1707 540 1744 tribus
561 1707 667 1744 codd.
698 1707 858 1756 Reliqui,
889 1708 984 1745 inter

323 1776 415 1814 quos
446 1763 678 1801 Florentinus
711 1775 753 1801 ac
773 1764 984 1802 Mediceus:

321 1816 371 1858 τὰ
401 1816 679 1870 πολεμικά,
712 1820 811 1869 quod
835 1833 877 1857 ex
898 1833 985 1857 con-

322 1877 463 1914 iectura
481 1876 558 1913 sive
570 1876 825 1913 emendatione
840 1876 903 1912 viri
922 1889 985 1913 cu-

324 1933 466 1969 iusdam
487 1932 586 1968 docti
607 1936 726 1968 ortum
745 1932 900 1979 videtur,
924 1933 986 1981 qui

323 1985 371 2026 τοὶ
395 1985 562 2037 πολέμια
581 1987 678 2024 haud
697 2001 777 2024 raro
795 2001 863 2024 rem
888 1988 983 2025 mili-

324 2048 446 2090 tarem,
477 2056 529 2079 res
545 2043 684 2080 bellica.
704 2045 864 2081 indicare
880 2045 985 2093 igno-

324 2101 443 2139 rabat.
490 2100 549 2137 De
578 2113 650 2148 qua
680 2101 777 2137 vocis
804 2102 986 2149 significa-

324 2157 424 2194 tione
454 2156 717 2205 VVesselingius
743 2158 830 2193 citat
851 2157 894 2203 V,
920 2158 986 2197 78.

326 2214 420 2252 111.
452 2212 532 2258 Vll,
555 2214 579 2251 9
605 2211 641 2263 ἓ.
664 2214 701 2252 3.
722 2213 898 2259 2381Χ,
918 2215 986 2260 57,

325 2268 397 2306 alia
440 2269 487 2305 ad
524 2268 675 2305 Diodor.
711 2269 822 2306 Sicul.
856 2269 884 2316 1,
921 2268 986 2309 54.

323 2324 421 2362 Add.
454 2325 612 2373 Kriiger.
663 2325 711 2362 ad
751 2326 985 2376 Xenophont.

325 2379 485 2418 Anabas.
513 2380 541 2426 1,
563 2382 587 2420 6
611 2379 645 2431 §.
670 2384 704 2420 1.
729 2402 786 2408 —
815 2381 988 2418 Locutio-

324 2449 407 2474 nem
442 2435 576 2475 ἐλθεῖν
601 2436 640 2483 ἐς
662 2432 804 2486 λόγους
827 2438 894 2484 (ad
915 2438 984 2474 col-

325 2492 476 2543 loquium
496 2494 630 2539 venire‚
661 2494 852 2544 colloqui),
892 2508 987 2543 quae

325 2549 490 2599 proxime
547 2550 746 2597 invenitur,
811 2552 988 2600 expressit

326 2605 525 2642 Pausanias
551 2606 586 2650 Ι,
614 2608 667 2645 22
693 2605 727 2656 ἓ.
758 2608 781 2645 3
815 2612 986 2644 monente

325 2661 459 2699 Siebel.
487 2662 534 2699 ad
564 2662 597 2701 h.
630 2662 651 2698 1.
719 2662 777 2699 Ad
815 2658 898 2701 οἷα
938 2662 986 2702 δέ

327 2718 421 2755 conf.
442 2730 551 2768 supra
579 2718 606 2766 1,
639 2720 732 2758 189.
764 2719 807 2766 11,
827 2721 892 2758 28.

383 2773 618 2821 ἀποστείλας
661 2771 862 2827 τριήρεϊ
898 2771 986 2814 κατ’

1340 1049 1645 1106 καταμεθύσας

1040 1192 1176 1249 αὐτόν]
1209 1197 1233 1236 ἰ.
1252 1212 1283 1236 e.
1311 1220 1364 1227 ——
1392 1198 1624 1237 eunuchorum
1646 1200 1701 1250 fi-

1039 1254 1220 1292 dissimum
1245 1257 1354 1292 mittit
1381 1269 1459 1293 cum
1478 1259 1568 1293 navi
1586 1255 1635 1293 ad
1654 1256 1702 1294 il-

1040 1312 1123 1349 lum.
1190 1311 1231 1349 In
1252 1312 1485 1360 Florentino,
1518 1313 1703 1361 Medice0‚

1039 1369 1208 1417 binisque
1237 1368 1337 1406 aliis:
1372 1364 1528 1421 τριήρη.
1587 1369 1705 1420 Equi-

1041 1425 1124 1463 dem
1148 1425 1280 1462 retinui
1299 1422 1454 1476 τριήρεϊ
1482 1424 1577 1476 (sive
1595 1421 1703 1477 τριή-

1041 1480 1137 1534 ρει),
1178 1483 1277 1530 quod
1297 1482 1558 1532 Wesselingius
1582 1482 1704 1520 firma-

1040 1540 1092 1575 vit
1124 1538 1179 1574 his
1211 1538 1322 1575 locis:
1366 1539 1429 1585 111,
1452 1538 1517 1577 44.
1551 1539 1614 1586 Vl,
1637 1541 1703 1579 39.

1040 1594 1087 1641 V,
1107 1594 1172 1634 85.
1202 1595 1294 1632 Inde
1314 1597 1446 1645 opinor
1467 1599 1585 1644 patet,
1616 1596 1705 1645 quid

1040 1651 1277 1688 statuendum
1306 1652 1355 1688 sit
1376 1652 1424 1689 de
1453 1651 1519 1699 111,
1549 1652 1617 1700 52,
1644 1651 1705 1689 ubi

1040 1708 1114 1744 vid.

1098 1762 1222 1816 σοφίῃ
1254 1758 1328 1815 γάρ
1358 1778 1426 1813 μιν
1457 1765 1652 1814 περιῆλθε
1685 1761 1707 1804 ὁ

1044 1814 1197 1868 Φάνης]
1216 1820 1237 1855 i.
1258 1832 1288 1857 e.
1302 1820 1390 1866 dolo,
1413 1820 1612 1857 calliditate
1629 1832 1704 1857 eum

1041 1877 1268 1912 circumvenit
1281 1875 1430 1913 Plianes.
1463 1877 1614 1927 σοφίην
1629 1877 1704 1914 σαί-

1041 1931 1216 1968 ἰίᾱιῖαΐενη
1235 1933 1418 1980 indicare,
1449 1934 1496 1970 ad
1520 1933 1705 1971 Herodot.

1042 1989 1088 2035 11,
1116 1990 1194 2027 172
1221 1995 1414 2027 monuerat
1430 1989 1605 2027 Valcken.
1646 1989 1706 2027 Ad

1041 2046 1189 2081 verbum
1213 2048 1407 2095 περιῆλθε
1427 2047 1521 2083 conf.
1546 2046 1704 2083 Pausan.

1042 2101 1106 2148 Vl,
1133 2102 1183 2139 18
1206 2100 1242 2152 ᾗ.
1264 2104 1310 2141 2:
1350 2101 1463 2155 τέχνῃ
1498 2104 1706 2153 περιῆλ-

1042 2160 1104 2195 θε
1117 2186 1126 2204 ‚
1158 2158 1217 2194 ubi
1232 2158 1433 2197 Herodotei
1454 2158 1522 2196 loci
1544 2172 1618 2196 non
1638 2160 1706 2196 im-

1043 2226 1181 2250 memor
1201 2215 1265 2250 fuit
1286 2215 1449 2253 Siebelis.
1490 2215 1603 2252 Paulo
1622 2219 1708 2266 post

1045 2283 1088 2306 ex
1116 2269 1282 2310 Florent.
1311 2285 1389 2308 cum
1425 2272 1631 2321 Schweigh.
1669 2275 1707 2309 et

1045 2326 1161 2363 Gaiss.
1181 2329 1406 2376 reposuimus
1421 2325 1708 2378 στρατεύεσθαι

1047 2378 1270 2436 Καμβύσῃς
1295 2398 1390 2432 quae
1408 2384 1516 2432 vulgo
1532 2384 1707 2433 legeban-

1506 2440 1563 2477 Ad
1595 2441 1705 2477 verba

1045 2490 1254 2543 ἀπορέοντι
1279 2494 1352 2543 τήν
1376 2497 1506 2534 ἔλασιν
1527 2497 1569 2543 (ἱ.
1591 2510 1622 2534 e.
1645 2497 1707 2545 qui

1043 2551 1084 2587 de
1108 2554 1226 2588 itinere
1254 2554 1404 2589 incertus
1430 2557 1528 2599 erat,
1569 2552 1708 2589 consilii

1043 2610 1181 2657 expers)
1200 2611 1293 2645 cons.
1315 2610 1375 2655 lv,
1404 2611 1493 2649 179.
1518 2610 1543 2655 1,
1557 2610 1609 2650 75
1626 2609 1703 2646 coll.

1044 2665 1089 2710 ll,
1114 2667 1183 2704 121
1208 2663 1244 2715 ᾗ.
1266 2667 1303 2705 3.
1360 2666 1397 2702 in
1419 2666 1580 2715 proxime
1601 2679 1705 2715 seqq.

1045 2721 1231 2774 διεκπερᾷ
1262 2735 1329 2771 pro
1369 2724 1489 2758 futuro
1527 2723 1705 2772 accipien-

1045 2777 1141 2814 dum.
1174 2777 1232 2814 Tu
1254 2780 1347 2815 conf.
1359 2777 1519 2817 Fischer.
1541 2780 1588 2816 ad
1605 2779 1706 2818 wel-

1045 2442 1103 2474 tur
1135 2440 1262 2476 ordine
1296 2441 1449 2477 inverso.
