1863 3256
447 165 530 205 002
842 161 1307 203 HERODOTI

446 290 562 329 νομοι
588 272 756 329 Αὕγιλά
788 274 886 317 ἔστι.
941 273 984 322 ἐς
1013 275 1174 314 τοῦτον
1206 269 1283 313 τόν
1311 271 1456 325 χῶρον
1489 270 1533 313 οἱ
1560 272 1708 314 Νασα-

285 352 386 397 183
443 348 583 400 μῶνες
618 343 906 396 ὀπωριεῦντες
935 341 1041 391 τούς
1071 343 1278 396 φοίνικας
1309 340 1550 395 φοιτέουσι.
1603 339 1708 385 Ἀπὸ

111 419 330 479 Gam'fssssteffl
351 416 391 456 ³3¹
447 416 493 459 δὲ
523 413 746 470 Αὐγίλων,
788 412 860 455 διοὲ
896 411 997 456 δέκα
1026 411 1220 469 ἡμερέων
1253 409 1418 455 ἀλλέων
1447 409 1578 466 ὁδοῦ,
1618 412 1704 456 ἕτε-
1721 418 1766 453 75

111 462 164 482 cos
180 462 198 481 a
221 451 393 487 mtophagis

444 548 614 602 Αὔγιλα]
659 548 714 584 Ita
730 546 894 596 plerique
912 547 993 585 libri
1012 551 1049 585 et

386 608 551 648 hocloco
576 610 611 642 et
630 604 693 651 IV,
716 605 804 644 172.
849 603 1050 656 ΑΙίἰΑἴγι-

387 669 448 705 λα.
495 661 604 712 Apud
626 660 781 697 Plinium
803 659 847 706 V,
869 658 906 698 4.
928 663 952 701 8
973 662 1049 698 Au-

391 721 511 771 gylae.
548 718 609 755 Tu
627 717 721 754 conf.
740 715 895 753 Salmas.
914 718 962 753 ad
980 718 1051 753 So-

390 779 452 814 lin.
481 787 564 825 pag.
592 775 676 814 292
704 777 742 809 et
767 772 974 810 Tzschuck.
1001 774 1051 810 ad

392 833 573 881 Pompon.
602 829 689 866 Mel.
709 829 736 875 l,
760 831 785 869 8
808 827 844 879 ἓ.
864 830 888 868 8
908 843 945 879 p.
967 831 1049 870 233

393 888 475 926 Vol.
496 888 542 924 llI
563 887 605 924 Ρ.
622 887 738 923 Inott.
754 898 883 934 exegg.
905 886 1051 923 Etenim

394 945 445 982 sic
467 944 595 981 dieitur
615 943 733 980 adhuc
752 942 848 978 oasis
866 943 902 978 in
922 942 1050 979 mediis

392 1001 549 1039 desertis
569 1000 706 1050 optime
726 998 833 1046 culta,
862 999 923 1035 ubi
945 1012 1052 1048 pere-

390 1058 580 1108 grinantes
618 1069 683 1106 per
715 1056 860 1092 deserta
889 1056 1049 1104 quietem

390 1113 729 1162 recreationemque
756 1124 898 1149 sumere
919 1111 1050 1159 solent,

389 1169 459 1207 loci
493 1174 624 1206 natura
660 1167 859 1217 indoleque
903 1169 1050 1206 minime

389 1239 486 1264 nunc
519 1230 668 1264 mutata.
726 1222 857 1261 Adhuc
884 1229 1050 1273 quatuor,

391 1287 477 1329 aut,
506 1286 547 1319 ut
564 1281 734 1319 Minutoli
752 1281 850 1328 vult,
882 1283 953 1318 duo
971 1285 1050 1317 tan-

389 1344 469 1376 tum
496 1338 534 1375 in
556 1339 624 1376 hac
646 1339 723 1375 oasi
737 1366 748 1382 ‚
788 1350 882 1386 quae
900 1338 947 1374 ad
966 1337 1050 1373 Tri-

339 1429 342 1433 .
389 1395 593 1447 politanam
649 1394 804 1431 refertur
861 1394 1050 1441 ditionem,

390 1451 661 1501 conspiciuntur
689 1450 779 1497 vici,
820 1463 973 1499 quorum
994 1450 1051 1486 in-

389 1508 491 1546 colae
509 1507 649 1545 Arabes
676 1507 809 1556 partim
830 1520 851 1543 e
874 1519 1051 1544 commer-

390 1565 445 1602 cio
462 1565 592 1615 partim
611 1577 631 1600 e
641 1562 742 1612 largo
754 1562 953 1613 palmarum
964 1576 1051 1612 pro-

389 1626 501 1659 ventu
531 1621 707 1657 victitant.
746 1619 855 1656 Plura
872 1619 1052 1656 schlicht-

389 1677 500 1714 horst.
528 1677 551 1713 l.
578 1676 599 1713 l.
621 1689 707 1727 pag.
735 1674 825 1716 155.
866 1675 1050 1713 Mannert.

388 1735 447 1781 X,
476 1736 502 1773 2
531 1746 615 1784 pag.
645 1734 737 1773 181.
795 1732 965 1769 Minutoli
986 1732 1008 1769 l.
1027 1732 1050 1769 l.

387 1803 474 1842 pag.
507 1792 586 1829 172
618 1802 695 1838 seq.
735 1789 893 1826 Heeren.
925 1789 979 1825 ld.
1004 1788 1052 1835 II,

392 1850 413 1886 1
449 1859 536 1897 pag.
567 1848 648 1886 221
674 1859 750 1894 seq.
783 1846 916 1882 Ritter.
936 1845 1051 1882 Erdk.

390 1903 409 1940 I
434 1916 519 1954 pag.
552 1904 646 1944 986.
678 1902 806 1939 Ideler.
823 1902 987 1950 Fundgr.
1014 1902 1052 1940 d.

392 1960 458 1996 Or.
486 1960 537 1996 IV
565 1971 651 2009 pag.
674 1959 766 1999 398.
808 1957 904 1995 Add.
926 1971 1054 1995 recen-

391 2016 570 2052 tissimum
599 2015 909 2065 peregrinatorem
930 2015 1052 2051 Pacho

391 2072 449 2109 in:
486 2073 638 2120 Voyage
670 2073 763 2108 dans
795 2071 829 2107 la
860 2071 1053 2108 Marmari-

390 2142 462 2178 que
490 2133 557 2166 etc.
586 2141 621 2178 p.
651 2130 733 2170 272
762 2140 864 2176 seqq.
895 2130 988 2168 277.
1013 2141 1052 2177 p.

391 2187 487 2232 280,
518 2185 579 2221 ubi
603 2185 785 2221 Herodoti
806 2184 1052 2221 testimonium

393 2254 472 2277 cum
505 2242 566 2287 iis,
600 2253 694 2290 quae
724 2241 843 2277 adhuc
870 2241 919 2277 ibi
946 2254 1052 2291 repe-

391 2298 557 2343 riuntur,
590 2301 757 2334 accurate
785 2298 978 2334 convenire
998 2297 1054 2333 af-

391 2352 522 2389 firmat.
589 2352 759 2401 Namque
801 2354 918 2390 adhuc
953 2353 1052 2390 locus

389 2408 519 2458 palmis
541 2410 735 2445 abundans
750 2439 761 2454 ,
791 2422 922 2458 aquam
947 2411 1052 2446 unico

390 2477 412 2502 e
450 2465 569 2511 fonte,
614 2465 671 2500 cui
718 2477 851 2501 nomen
889 2465 1053 2511 Sibilleh,

392 2522 668 2572 provenientem
704 2522 858 2569 praebet
893 2522 1054 2557 unicum-

392 2590 464 2626 que
497 2577 622 2614 collem
648 2577 683 2612 in
704 2581 776 2612 tam
798 2577 917 2626 ampla
939 2577 1055 2626 plani-

393 2634 467 2680 tie,
507 2633 714 2669 salinarium
750 2632 859 2682 plane
896 2636 936 2669 nt
964 2632 1054 2669 Ain-

396 2690 539 2727 monios
558 2689 678 2726 colles.

456 2746 494 2792 ἐς
514 2749 656 2784 τοῦτον
676 2740 746 2783 τόν
765 2745 895 2794 χίδρον
916 2742 958 2782 οἷ
974 2746 1055 2782 Να-

399 2805 578 2854 σαμῶνες
599 2798 864 2853 ὀπωριεῦντες
885 2815 918 2839 κ.
939 2816 970 2839 τ.
994 2802 1052 2851 λ.]

1105 547 1247 585 Eadem
1276 547 1350 595 IV,
1382 550 1474 589 172.
1518 549 1768 592 Quemadmo-

1106 605 1193 641 dum
1224 605 1319 642 enim
1352 604 1604 653 Nasamones,
1648 606 1767 654 Syrtis

1105 661 1251 699 accolae
1298 661 1387 699 haec
1427 662 1463 698 in
1496 661 1576 699 loca
1615 663 1767 700 cessisse

1106 722 1299 755 narrentur
1345 717 1520 768 palmulas
1572 718 1766 765 collecturi,

1106 775 1158 810 ita
1200 775 1398 811 etiamnum
1437 775 1565 812 iisdem
1604 788 1624 812 e
1667 774 1768 822 locis,

1108 830 1240 879 quibus
1260 830 1420 878 Bengasi
1443 844 1597 876 nomen,
1627 830 1766 868 Arabes

1108 886 1297 923 discedere
1328 886 1480 935 Augila,
1511 887 1572 923 ubi
1603 888 1767 931 srumen-
1786 896 1792 905 ³

1108 946 1186 979 tum
1225 948 1410 992 exponant
1445 943 1646 992 incolisque
1679 955 1767 980 ven-

1109 1000 1226 1044 dant,
1267 999 1437 1036 observat
1464 999 1622 1036 Heeren.
1654 999 1708 1045 Il,
1741 1002 1768 1039 2

1106 1069 1143 1105 p.
1178 1057 1270 1094 222.
1322 1055 1406 1099 Quo
1440 1056 1569 1093 eodem
1593 1060 1769 1093 monente

1106 1112 1225 1149 adhuc
1276 1112 1393 1148 sorum
1442 1112 1513 1149 illic
1563 1125 1769 1161 magnaque

1107 1167 1349 1219 palmularum
1388 1172 1426 1206 et
1457 1169 1563 1219 copia
1596 1173 1632 1206 et
1659 1181 1770 1218 prae-

1106 1226 1261 1271 stantia,
1291 1226 1388 1262 unde
1409 1225 1568 1275 amplum
1592 1237 1769 1262 commer-

1107 1282 1223 1329 cium,
1252 1294 1333 1318 cum
1363 1281 1499 1332 duplex
1523 1295 1645 1320 earum
1677 1294 1768 1330 quo-

1107 1351 1178 1387 que
1208 1349 1305 1373 anno
1332 1343 1541 1388 proventus.
1599 1337 1656 1374 Ex
1677 1338 1768 1374 alio-

1105 1407 1184 1431 rum
1216 1394 1337 1430 diariis
1368 1396 1482 1431 refert
1504 1394 1657 1431 Rennel.
1687 1393 1708 1431 l.
1742 1393 1767 1431 l.

1106 1464 1191 1501 pag.
1213 1450 1316 1498 656,
1352 1450 1492 1501 palmas
1511 1450 1673 1500 planitiei
1691 1450 1767 1487 Ge-

1106 1506 1242 1555 gabib,
1273 1518 1368 1555 quae
1396 1507 1441 1543 ab
1465 1506 1605 1555 Augilis
1632 1507 1680 1543 ad
1706 1519 1768 1543 oe-

1108 1575 1230 1600 casum
1252 1563 1344 1600 iacet
1364 1563 1525 1612 quinque
1547 1563 1686 1600 dierum
1706 1563 1768 1599 iti-

1106 1632 1194 1656 nere
1216 1624 1376 1667 remota,
1400 1632 1422 1656 a
1443 1624 1574 1669 gente,
1605 1632 1700 1669 quae
1719 1619 1768 1656 ad

1108 1688 1209 1713 oram
1246 1675 1371 1713 Derna
1417 1676 1580 1722 habitat,
1633 1675 1769 1724 colligi,

1107 1745 1209 1770 more
1230 1733 1315 1769 satis
1336 1746 1417 1770 cum
1436 1733 1660 1770 Herodoteis
1681 1745 1769 1769 cou-

1107 1793 1276 1839 gruente.

1250 1845 1359 1896 Cap.
1391 1844 1626 1884 CLXXXIII.

1165 1897 1231 1941 διᾶ
1272 1901 1366 1940 δέκα
1402 1899 1608 1952 ἡμερέων]
1650 1900 1767 1939 Plinio

1108 1962 1203 1995 teste
1220 1958 1267 1995 H.
1287 1958 1335 1996 N.
1355 1958 1418 2004 lV,
1437 1959 1462 1998 4
1484 1957 1663 1994 duodecim
1685 1961 1770 1994 sunt

1110 2016 1211 2061 dies3
1245 2016 1344 2063 quod
1377 2015 1496 2052 verius
1523 2015 1634 2051 habet
1659 2013 1769 2051 Man-

1109 2076 1203 2108 nert.
1228 2072 1284 2118 X,
1318 2075 1344 2111 2
1376 2085 1413 2122 p.
1443 2072 1535 2111 181.
1585 2070 1768 2119 Equidem

1109 2133 1304 2177 utrumqne
1324 2141 1511 2165 numerum
1533 2126 1771 2177 probabiliter

1108 2189 1248 2221 tantum
1270 2185 1374 2232 sumi,
1395 2197 1474 2221 cum
1491 2183 1669 2221 Renuclio
1693 2196 1772 2219 ma-

1108 2241 1169 2278 lim
1192 2246 1352 2278 statuere
1386 2255 1421 2291 p.
1450 2242 1543 2280 657.
1585 2239 1633 2275 At
1656 2240 1772 2276 maior

1110 2299 1271 2335 exoritur
1303 2296 1518 2342 difficultas,
1565 2309 1644 2332 cum
1671 2296 1771 2343 qnod

1109 2355 1205 2390 inter
1240 2353 1374 2402 Augila
1428 2357 1464 2389 et
1504 2352 1771 2388 Garamantum

1110 2415 1244 2447 terram
1275 2412 1315 2457 (i.
1350 2422 1379 2446 e.
1411 2406 1579 2457 Fezzan)
1618 2408 1771 2445 interest

1110 2467 1292 2515 spatium,
1361 2466 1508 2502 nimium
1571 2476 1771 2513 sancqnam

1111 2522 1364 2572 perhibeatur,
1396 2533 1504 2569 quam
1523 2520 1622 2569 quod
1643 2521 1771 2558 decem

1113 2579 1248 2614 dierum
1301 2578 1421 2628 spatio
1471 2577 1597 2613 confici
1645 2581 1770 2625 quinat,

1112 2647 1190 2669 cum
1250 2634 1304 2671 vel
1359 2634 1640 2670 Hornemannus
1697 2632 1771 2678 ille,

1112 2703 1218 2737 quem
1246 2691 1554 2739 expeditissimum
1580 2689 1689 2726 modo
1714 2689 1771 2724 ‹li-

1112 2747 1226 2782 ximus
1248 2748 1582 2796 peregrinatorem‚
1612 2746 1769 2782 sedecim

1113 2803 1190 2840 dics
1219 2805 1328 2841 citato
1357 2816 1464 2841 cursu
1483 2801 1689 2840 insumscrit
1711 2813 1771 2837 us-
