<?xml version="1.0" encoding="UTF-8"?>
<!DOCTYPE html PUBLIC "-//W3C//DTD XHTML 1.0 Transitional//EN"
    "http://www.w3.org/TR/xhtml1/DTD/xhtml1-transitional.dtd">
<html xmlns="http://www.w3.org/1999/xhtml" xml:lang="en" lang="en">
 <head>
  <title>
</title>
<meta http-equiv="Content-Type" content="text/html;charset=utf-8" />
  <meta name='ocr-system' content='tesseract 3.04.00' />
  <meta name='ocr-capabilities' content='ocr_page ocr_carea ocr_par ocr_line ocrx_word'/>
</head>
<body>
  <div class='ocr_page' id='page_1' title='image "./musaeher02hero/musaeher02hero_0683.png"; bbox 0 0 1863 3256; ppageno 0'>
   <div class='ocr_carea' id='block_1_1' title="bbox 0 0 61 3256">
    <p class='ocr_par' dir='ltr' id='par_1_1' title="bbox 0 0 61 3256">
     <span class='ocr_line' id='line_1_1' title="bbox 0 0 61 3256; baseline 0 0"><span class='ocrx_word' id='word_1_1' title='bbox 0 0 61 3256; x_wconf 95' lang='lat' dir='ltr'> </span> 
     </span>
    </p>
   </div>
   <div class='ocr_carea' id='block_1_2' title="bbox 408 241 1670 291">
    <p class='ocr_par' dir='ltr' id='par_1_2' title="bbox 408 241 1670 291">
     <span class='ocr_line' id='line_1_2' title="bbox 408 241 1670 291; baseline 0.001 -11"><span class='ocrx_word' id='word_1_2' title='bbox 408 242 486 281; x_wconf 79' lang='lat' dir='ltr'>An</span> <span class='ocrx_word' id='word_1_3' title='bbox 519 241 843 280; x_wconf 84' lang='lat' dir='ltr'>HERODOT.</span> <span class='ocrx_word' id='word_1_4' title='bbox 880 241 953 287; x_wconf 91' lang='lat'>111,</span> <span class='ocrx_word' id='word_1_5' title='bbox 988 243 1068 282; x_wconf 88' lang='lat'>119</span> <span class='ocrx_word' id='word_1_6' title='bbox 1100 242 1180 279; x_wconf 75' lang='lat'>0011.</span> <span class='ocrx_word' id='word_1_7' title='bbox 1212 245 1280 291; x_wconf 75' lang='lat' dir='ltr'>iv,</span> <span class='ocrx_word' id='word_1_8' title='bbox 1315 250 1403 288; x_wconf 76' lang='lat'>129.</span> <span class='ocrx_word' id='word_1_9' title='bbox 1587 252 1670 291; x_wconf 76' lang='lat'>059</span> 
     </span>
    </p>
   </div>
   <div class='ocr_carea' id='block_1_3' title="bbox 141 352 1667 2924">
    <p class='ocr_par' dir='ltr' id='par_1_3' title="bbox 143 352 1667 1213">
     <span class='ocr_line' id='line_1_3' title="bbox 147 352 1667 407; baseline 0.004 -14"><span class='ocrx_word' id='word_1_10' title='bbox 147 357 303 401; x_wconf 77' lang='lat' dir='ltr'><strong>accedo,</strong></span> <span class='ocrx_word' id='word_1_11' title='bbox 342 356 405 406; x_wconf 89' lang='lat' dir='ltr'>qui</span> <span class='ocrx_word' id='word_1_12' title='bbox 435 356 481 393; x_wconf 90' lang='lat' dir='ltr'>ab</span> <span class='ocrx_word' id='word_1_13' title='bbox 511 354 703 392; x_wconf 80' lang='lat' dir='ltr'>Herodoto</span> <span class='ocrx_word' id='word_1_14' title='bbox 735 356 880 392; x_wconf 88' lang='lat' dir='ltr'>demum</span> <span class='ocrx_word' id='word_1_15' title='bbox 917 352 1004 392; x_wconf 87' lang='lat' dir='ltr'>illud</span> <span class='ocrx_word' id='word_1_16' title='bbox 1031 353 1253 404; x_wconf 85' lang='lat' dir='ltr'>Sophoclem</span> <span class='ocrx_word' id='word_1_17' title='bbox 1285 359 1468 407; x_wconf 82' lang='lat' dir='ltr'>accepisse</span> <span class='ocrx_word' id='word_1_18' title='bbox 1506 368 1667 400; x_wconf 77' lang='lat' dir='ltr'>censent.</span> 
     </span>
     <span class='ocr_line' id='line_1_4' title="bbox 148 421 1666 477; baseline 0.003 -16"><span class='ocrx_word' id='word_1_19' title='bbox 148 424 380 473; x_wconf 84' lang='lat' dir='ltr'>Quamquam</span> <span class='ocrx_word' id='word_1_20' title='bbox 401 425 560 472; x_wconf 86' lang='lat' dir='ltr'>ingenue</span> <span class='ocrx_word' id='word_1_21' title='bbox 582 423 721 470; x_wconf 85' lang='lat' dir='ltr'>fateor,</span> <span class='ocrx_word' id='word_1_22' title='bbox 751 422 862 471; x_wconf 85' lang='lat' dir='ltr'>longe</span> <span class='ocrx_word' id='word_1_23' title='bbox 882 422 1087 471; x_wconf 88' lang='lat' dir='ltr'>graviorem</span> <span class='ocrx_word' id='word_1_24' title='bbox 1108 434 1188 459; x_wconf 90' lang='lat' dir='ltr'>eam</span> <span class='ocrx_word' id='word_1_25' title='bbox 1210 421 1461 463; x_wconf 83' lang='lat' dir='ltr'>difficultatem</span> <span class='ocrx_word' id='word_1_26' title='bbox 1483 428 1666 477; x_wconf 80' lang='lat' dir='ltr'>ingruere,</span> 
     </span>
     <span class='ocr_line' id='line_1_5' title="bbox 145 489 1665 541; baseline 0.004 -13"><span class='ocrx_word' id='word_1_27' title='bbox 145 495 264 528; x_wconf 89' lang='lat' dir='ltr'>utrum</span> <span class='ocrx_word' id='word_1_28' title='bbox 287 503 330 528; x_wconf 90' lang='lat' dir='ltr'>ex</span> <span class='ocrx_word' id='word_1_29' title='bbox 348 492 482 541; x_wconf 89' lang='lat' dir='ltr'>scripto</span> <span class='ocrx_word' id='word_1_30' title='bbox 504 491 688 529; x_wconf 84' lang='lat' dir='ltr'>Herodoti</span> <span class='ocrx_word' id='word_1_31' title='bbox 709 490 825 537; x_wconf 87' lang='lat' dir='ltr'>libro,</span> <span class='ocrx_word' id='word_1_32' title='bbox 855 502 902 527; x_wconf 91' lang='lat' dir='ltr'>an</span> <span class='ocrx_word' id='word_1_33' title='bbox 925 490 1046 540; x_wconf 90' lang='lat' dir='ltr'>potius</span> <span class='ocrx_word' id='word_1_34' title='bbox 1071 502 1116 527; x_wconf 86' lang='lat' dir='ltr'>ex</span> <span class='ocrx_word' id='word_1_35' title='bbox 1134 489 1300 527; x_wconf 84' lang='lat' dir='ltr'>familiari</span> <span class='ocrx_word' id='word_1_36' title='bbox 1320 489 1476 529; x_wconf 83' lang='lat' dir='ltr'>historici</span> <span class='ocrx_word' id='word_1_37' title='bbox 1499 507 1665 534; x_wconf 82' lang='lat' dir='ltr'>sermone</span> 
     </span>
     <span class='ocr_line' id='line_1_6' title="bbox 144 557 1665 611; baseline 0.001 -16"><span class='ocrx_word' id='word_1_38' title='bbox 144 560 255 610; x_wconf 59' lang='lat' dir='ltr'>poi—ta</span> <span class='ocrx_word' id='word_1_39' title='bbox 275 559 313 596; x_wconf 89' lang='lat' dir='ltr'>id</span> <span class='ocrx_word' id='word_1_40' title='bbox 334 559 522 606; x_wconf 80' lang='lat' dir='ltr'>didicerit,</span> <span class='ocrx_word' id='word_1_41' title='bbox 554 560 654 608; x_wconf 90' lang='lat' dir='ltr'>quod</span> <span class='ocrx_word' id='word_1_42' title='bbox 674 563 820 609; x_wconf 84' lang='lat' dir='ltr'>praeter</span> <span class='ocrx_word' id='word_1_43' title='bbox 839 557 1132 595; x_wconf 71' lang='lat' dir='ltr'>Schonbornium</span> <span class='ocrx_word' id='word_1_44' title='bbox 1162 561 1200 594; x_wconf 92' lang='lat' dir='ltr'>et</span> <span class='ocrx_word' id='word_1_45' title='bbox 1222 557 1412 605; x_wconf 87' lang='lat' dir='ltr'>laegerum</span> <span class='ocrx_word' id='word_1_46' title='bbox 1445 559 1665 611; x_wconf 84' lang='lat' dir='ltr'>(Disputatt.</span> 
     </span>
     <span class='ocr_line' id='line_1_7' title="bbox 144 624 1663 677; baseline 0.003 -14"><span class='ocrx_word' id='word_1_47' title='bbox 144 626 311 664; x_wconf 89' lang='lat' dir='ltr'>Herodd.</span> <span class='ocrx_word' id='word_1_48' title='bbox 334 640 370 677; x_wconf 90' lang='lat' dir='ltr'>p.</span> <span class='ocrx_word' id='word_1_49' title='bbox 393 628 484 676; x_wconf 78' lang='lat'>23),</span> <span class='ocrx_word' id='word_1_50' title='bbox 522 626 655 663; x_wconf 51' lang='lat' dir='ltr'>l‘Vexio</span> <span class='ocrx_word' id='word_1_51' title='bbox 680 639 826 675; x_wconf 89' lang='lat' dir='ltr'>quoque</span> <span class='ocrx_word' id='word_1_52' title='bbox 849 626 937 663; x_wconf 87' lang='lat' dir='ltr'>satis</span> <span class='ocrx_word' id='word_1_53' title='bbox 957 624 1146 676; x_wconf 85' lang='lat' dir='ltr'>probabile</span> <span class='ocrx_word' id='word_1_54' title='bbox 1165 629 1220 662; x_wconf 89' lang='lat' dir='ltr'>est</span> <span class='ocrx_word' id='word_1_55' title='bbox 1241 624 1378 661; x_wconf 85' lang='lat' dir='ltr'>visum:</span> <span class='ocrx_word' id='word_1_56' title='bbox 1437 626 1568 672; x_wconf 79' lang='lat' dir='ltr'>„Fieri</span> <span class='ocrx_word' id='word_1_57' title='bbox 1600 643 1663 667; x_wconf 83' lang='lat' dir='ltr'>au-</span> 
     </span>
     <span class='ocr_line' id='line_1_8' title="bbox 143 693 1664 744; baseline 0.001 -14"><span class='ocrx_word' id='word_1_58' title='bbox 143 700 216 731; x_wconf 90' lang='lat' dir='ltr'>tem</span> <span class='ocrx_word' id='word_1_59' title='bbox 231 695 395 744; x_wconf 90' lang='lat' dir='ltr'>potuisse</span> <span class='ocrx_word' id='word_1_60' title='bbox 407 722 418 740; x_wconf 84' lang='grc'>,</span> <span class='ocrx_word' id='word_1_61' title='bbox 448 697 509 740; x_wconf 90' lang='lat' dir='ltr'>ut,</span> <span class='ocrx_word' id='word_1_62' title='bbox 532 695 695 743; x_wconf 88' lang='lat' dir='ltr'>quamvis</span> <span class='ocrx_word' id='word_1_63' title='bbox 714 694 895 731; x_wconf 81' lang='lat' dir='ltr'>Herodoti</span> <span class='ocrx_word' id='word_1_64' title='bbox 917 693 996 730; x_wconf 83' lang='lat' dir='ltr'>libri</span> <span class='ocrx_word' id='word_1_65' title='bbox 1015 697 1102 730; x_wconf 88' lang='lat' dir='ltr'>tunc</span> <span class='ocrx_word' id='word_1_66' title='bbox 1119 694 1282 730; x_wconf 89' lang='lat' dir='ltr'>nondum</span> <span class='ocrx_word' id='word_1_67' title='bbox 1301 696 1366 729; x_wconf 91' lang='lat' dir='ltr'>aut</span> <span class='ocrx_word' id='word_1_68' title='bbox 1385 694 1581 744; x_wconf 75' lang='lat' dir='ltr'>conscripti</span> <span class='ocrx_word' id='word_1_69' title='bbox 1601 702 1664 733; x_wconf 92' lang='lat' dir='ltr'>aut</span> 
     </span>
     <span class='ocr_line' id='line_1_9' title="bbox 146 760 1664 812; baseline 0.001 -13"><span class='ocrx_word' id='word_1_70' title='bbox 146 761 235 799; x_wconf 89' lang='lat' dir='ltr'>editi</span> <span class='ocrx_word' id='word_1_71' title='bbox 257 764 399 808; x_wconf 84' lang='lat' dir='ltr'>essent,</span> <span class='ocrx_word' id='word_1_72' title='bbox 430 761 476 799; x_wconf 92' lang='lat' dir='ltr'>ab</span> <span class='ocrx_word' id='word_1_73' title='bbox 495 761 688 799; x_wconf 90' lang='lat' dir='ltr'>Herodoto</span> <span class='ocrx_word' id='word_1_74' title='bbox 708 763 779 799; x_wconf 88' lang='lat' dir='ltr'>ista</span> <span class='ocrx_word' id='word_1_75' title='bbox 797 762 949 800; x_wconf 87' lang='lat' dir='ltr'>velutin</span> <span class='ocrx_word' id='word_1_76' title='bbox 975 760 1140 798; x_wconf 84' lang='lat' dir='ltr'>familiari</span> <span class='ocrx_word' id='word_1_77' title='bbox 1158 760 1338 810; x_wconf 88' lang='lat' dir='ltr'>colloquio</span> <span class='ocrx_word' id='word_1_78' title='bbox 1359 762 1559 812; x_wconf 86' lang='lat' dir='ltr'>acceperit,</span> <span class='ocrx_word' id='word_1_79' title='bbox 1579 763 1664 801; x_wconf 91' lang='lat' dir='ltr'>inde</span> 
     </span>
     <span class='ocr_line' id='line_1_10' title="bbox 145 824 1663 881; baseline 0 -14"><span class='ocrx_word' id='word_1_80' title='bbox 145 828 305 877; x_wconf 87' lang='lat' dir='ltr'>efficies,</span> <span class='ocrx_word' id='word_1_81' title='bbox 335 829 436 878; x_wconf 90' lang='lat' dir='ltr'>quod</span> <span class='ocrx_word' id='word_1_82' title='bbox 455 829 576 867; x_wconf 82' lang='lat' dir='ltr'>exilio</span> <span class='ocrx_word' id='word_1_83' title='bbox 597 831 883 880; x_wconf 82' lang='lat' dir='ltr'>epigrammate,</span> <span class='ocrx_word' id='word_1_84' title='bbox 915 831 963 868; x_wconf 94' lang='lat' dir='ltr'>de</span> <span class='ocrx_word' id='word_1_85' title='bbox 985 843 1057 879; x_wconf 91' lang='lat' dir='ltr'>quo</span> <span class='ocrx_word' id='word_1_86' title='bbox 1078 841 1190 878; x_wconf 87' lang='lat' dir='ltr'>supra</span> <span class='ocrx_word' id='word_1_87' title='bbox 1211 841 1239 865; x_wconf 91' lang='lat' dir='ltr'>c.</span> <span class='ocrx_word' id='word_1_88' title='bbox 1262 828 1277 863; x_wconf 91' lang='grc' dir='ltr'>Ι</span> <span class='ocrx_word' id='word_1_89' title='bbox 1303 824 1340 877; x_wconf 63' lang='grc' dir='ltr'>ἓ.</span> <span class='ocrx_word' id='word_1_90' title='bbox 1366 830 1416 868; x_wconf 88' lang='grc'>16</span> <span class='ocrx_word' id='word_1_91' title='bbox 1440 830 1663 881; x_wconf 88' lang='lat' dir='ltr'>disputatum</span> 
     </span>
     <span class='ocr_line' id='line_1_11' title="bbox 145 896 1664 948; baseline 0.002 -15"><span class='ocrx_word' id='word_1_92' title='bbox 145 900 222 945; x_wconf 89' lang='lat' dir='ltr'>est,</span> <span class='ocrx_word' id='word_1_93' title='bbox 254 896 538 935; x_wconf 86' lang='lat' dir='ltr'>familiaritatem</span> <span class='ocrx_word' id='word_1_94' title='bbox 565 902 602 935; x_wconf 93' lang='lat' dir='ltr'>et</span> <span class='ocrx_word' id='word_1_95' title='bbox 631 899 934 937; x_wconf 89' lang='lat' dir='ltr'>consuetudinem</span> <span class='ocrx_word' id='word_1_96' title='bbox 961 899 1058 936; x_wconf 87' lang='lat' dir='ltr'>inter</span> <span class='ocrx_word' id='word_1_97' title='bbox 1086 896 1166 933; x_wconf 87' lang='lat' dir='ltr'>illos</span> <span class='ocrx_word' id='word_1_98' title='bbox 1193 896 1442 934; x_wconf 83' lang='lat' dir='ltr'>intercessisse</span> <span class='ocrx_word' id='word_1_99' title='bbox 1461 903 1627 948; x_wconf 84' lang='lat' dir='ltr'>apparet.</span> <span class='ocrx_word' id='word_1_100' title='bbox 1639 900 1664 919; x_wconf 90' lang='lat'><strong>“</strong></span> 
     </span>
     <span class='ocr_line' id='line_1_12' title="bbox 146 962 1664 1017; baseline 0.003 -16"><span class='ocrx_word' id='word_1_101' title='bbox 146 963 365 1002; x_wconf 87' lang='lat' dir='ltr'>Plutarchus</span> <span class='ocrx_word' id='word_1_102' title='bbox 388 965 483 1002; x_wconf 90' lang='lat' dir='ltr'>enim</span> <span class='ocrx_word' id='word_1_103' title='bbox 505 963 570 1016; x_wconf 91' lang='lat' dir='ltr'>(an</span> <span class='ocrx_word' id='word_1_104' title='bbox 598 967 676 1004; x_wconf 87' lang='lat' dir='ltr'>seni</span> <span class='ocrx_word' id='word_1_105' title='bbox 702 968 748 1003; x_wconf 87' lang='lat' dir='ltr'>sit</span> <span class='ocrx_word' id='word_1_106' title='bbox 776 980 852 1016; x_wconf 90' lang='lat' dir='ltr'>ger.</span> <span class='ocrx_word' id='word_1_107' title='bbox 883 979 978 1017; x_wconf 88' lang='lat' dir='ltr'>resp.</span> <span class='ocrx_word' id='word_1_108' title='bbox 1005 965 1052 1004; x_wconf 91' lang='lat' dir='ltr'>T.</span> <span class='ocrx_word' id='word_1_109' title='bbox 1073 964 1143 1001; x_wconf 84' lang='grc' dir='ltr'>ΧΠ</span> <span class='ocrx_word' id='word_1_110' title='bbox 1171 978 1208 1014; x_wconf 90' lang='lat' dir='ltr'>p.</span> <span class='ocrx_word' id='word_1_111' title='bbox 1231 962 1309 1004; x_wconf 82' lang='lat'>104</span> <span class='ocrx_word' id='word_1_112' title='bbox 1329 963 1454 1016; x_wconf 90' lang='lat' dir='ltr'>Hutt.)</span> <span class='ocrx_word' id='word_1_113' title='bbox 1478 964 1587 1005; x_wconf 85' lang='grc' dir='ltr'><strong><em>τουτὶ</em></strong></span> <span class='ocrx_word' id='word_1_114' title='bbox 1610 965 1664 1014; x_wconf 79' lang='grc' dir='ltr'>δὲ,</span> 
     </span>
     <span class='ocr_line' id='line_1_13' title="bbox 144 1027 1436 1086; baseline -0.007 -6"><span class='ocrx_word' id='word_1_115' title='bbox 144 1031 285 1082; x_wconf 66' lang='lat' dir='ltr'>inquit,</span> <span class='ocrx_word' id='word_1_116' title='bbox 315 1030 644 1086; x_wconf 70' lang='grc' dir='ltr'><em>ὁμολογουμένως</em></span> <span class='ocrx_word' id='word_1_117' title='bbox 666 1033 923 1084; x_wconf 82' lang='grc' dir='ltr'><strong><em>Σοφοκλέους</em></strong></span> <span class='ocrx_word' id='word_1_118' title='bbox 944 1032 1024 1074; x_wconf 80' lang='grc' dir='ltr'><strong><em>ἐστὶ</em></strong></span> <span class='ocrx_word' id='word_1_119' title='bbox 1042 1030 1086 1073; x_wconf 83' lang='grc' dir='ltr'>τὸ</span> <span class='ocrx_word' id='word_1_120' title='bbox 1103 1027 1436 1084; x_wconf 72' lang='grc' dir='ltr'><strong><em>ἐπιγραμμάτιον·</em></strong></span> 
     </span>
     <span class='ocr_line' id='line_1_14' title="bbox 459 1103 1354 1157; baseline -0.002 -13"><span class='ocrx_word' id='word_1_121' title='bbox 459 1107 562 1157; x_wconf 70' lang='grc' dir='ltr'><strong><em>ᾠδὴν</em></strong></span> <span class='ocrx_word' id='word_1_122' title='bbox 583 1107 770 1157; x_wconf 64' lang='grc' dir='ltr'><strong><em>“Ηροδο’τῳ</em></strong></span> <span class='ocrx_word' id='word_1_123' title='bbox 791 1111 918 1153; x_wconf 77' lang='grc' dir='ltr'><strong><em>τεῦξεν</em></strong></span> <span class='ocrx_word' id='word_1_124' title='bbox 943 1110 1142 1154; x_wconf 76' lang='grc' dir='ltr'><strong><em>Σοφοκλῆς</em></strong></span> <span class='ocrx_word' id='word_1_125' title='bbox 1164 1106 1276 1143; x_wconf 75' lang='grc' dir='ltr'><strong><em>ἐτέων</em></strong></span> <span class='ocrx_word' id='word_1_126' title='bbox 1300 1103 1354 1142; x_wconf 66' lang='lat' dir='ltr'>:Bv</span> 
     </span>
     <span class='ocr_line' id='line_1_15' title="bbox 457 1165 924 1213; baseline 0.002 -12"><span class='ocrx_word' id='word_1_127' title='bbox 457 1165 565 1202; x_wconf 78' lang='grc' dir='ltr'><strong><em>πέντ’</em></strong></span> <span class='ocrx_word' id='word_1_128' title='bbox 591 1165 651 1202; x_wconf 76' lang='grc' dir='ltr'>ἐπὶ</span> <span class='ocrx_word' id='word_1_129' title='bbox 673 1166 924 1213; x_wconf 74' lang='grc' dir='ltr'><strong><em>πεντήκοντα,</em></strong></span> 
     </span>
    </p>

    <p class='ocr_par' dir='ltr' id='par_1_4' title="bbox 141 1238 1664 2924">
     <span class='ocr_line' id='line_1_16' title="bbox 144 1238 1663 1292; baseline 0.002 -16"><span class='ocrx_word' id='word_1_130' title='bbox 144 1238 265 1288; x_wconf 89' lang='lat' dir='ltr'>quod,</span> <span class='ocrx_word' id='word_1_131' title='bbox 300 1239 363 1277; x_wconf 91' lang='lat' dir='ltr'>ubi</span> <span class='ocrx_word' id='word_1_132' title='bbox 390 1240 611 1292; x_wconf 89' lang='lat' dir='ltr'>Sophoclem</span> <span class='ocrx_word' id='word_1_133' title='bbox 633 1241 690 1279; x_wconf 93' lang='lat' dir='ltr'>Ol.</span> <span class='ocrx_word' id='word_1_134' title='bbox 717 1244 793 1290; x_wconf 89' lang='lat'>70,</span> <span class='ocrx_word' id='word_1_135' title='bbox 821 1239 1015 1282; x_wconf 77' lang='lat'>4:497</span> <span class='ocrx_word' id='word_1_136' title='bbox 1037 1254 1070 1279; x_wconf 83' lang='lat' dir='ltr'>a.</span> <span class='ocrx_word' id='word_1_137' title='bbox 1091 1241 1178 1279; x_wconf 88' lang='lat' dir='ltr'>Chr.</span> <span class='ocrx_word' id='word_1_138' title='bbox 1206 1244 1331 1277; x_wconf 88' lang='lat' dir='ltr'>natum</span> <span class='ocrx_word' id='word_1_139' title='bbox 1362 1253 1443 1279; x_wconf 87' lang='lat' dir='ltr'>esse</span> <span class='ocrx_word' id='word_1_140' title='bbox 1473 1241 1663 1279; x_wconf 82' lang='lat' dir='ltr'>statuimus</span> 
     </span>
     <span class='ocr_line' id='line_1_17' title="bbox 148 1306 1663 1360; baseline 0.001 -16"><span class='ocrx_word' id='word_1_141' title='bbox 148 1307 208 1355; x_wconf 88' lang='lat' dir='ltr'>(cs.</span> <span class='ocrx_word' id='word_1_142' title='bbox 231 1306 337 1345; x_wconf 86' lang='lat' dir='ltr'>Wex.</span> <span class='ocrx_word' id='word_1_143' title='bbox 357 1307 378 1345; x_wconf 88' lang='grc' dir='ltr'>Ι.</span> <span class='ocrx_word' id='word_1_144' title='bbox 402 1322 432 1346; x_wconf 93' lang='lat' dir='ltr'>c.</span> <span class='ocrx_word' id='word_1_145' title='bbox 451 1321 536 1359; x_wconf 85' lang='lat' dir='ltr'>pag.</span> <span class='ocrx_word' id='word_1_146' title='bbox 554 1313 609 1351; x_wconf 78' lang='lat'>27</span> <span class='ocrx_word' id='word_1_147' title='bbox 623 1331 679 1337; x_wconf 92' lang='lat'>—</span> <span class='ocrx_word' id='word_1_148' title='bbox 692 1310 785 1358; x_wconf 83' lang='lat'>35),</span> <span class='ocrx_word' id='word_1_149' title='bbox 819 1309 898 1360; x_wconf 89' lang='lat' dir='ltr'>ipso</span> <span class='ocrx_word' id='word_1_150' title='bbox 927 1321 1024 1346; x_wconf 89' lang='lat' dir='ltr'>anno</span> <span class='ocrx_word' id='word_1_151' title='bbox 1048 1312 1133 1346; x_wconf 88' lang='lat' dir='ltr'>ante</span> <span class='ocrx_word' id='word_1_152' title='bbox 1152 1321 1261 1357; x_wconf 90' lang='lat' dir='ltr'>quam</span> <span class='ocrx_word' id='word_1_153' title='bbox 1281 1309 1503 1358; x_wconf 86' lang='lat' dir='ltr'>Antigonam</span> <span class='ocrx_word' id='word_1_154' title='bbox 1525 1310 1663 1356; x_wconf 86' lang='lat' dir='ltr'>ederet,</span> 
     </span>
     <span class='ocr_line' id='line_1_18' title="bbox 141 1376 1663 1427; baseline 0.001 -15"><span class='ocrx_word' id='word_1_155' title='bbox 141 1377 290 1425; x_wconf 73' lang='lat' dir='ltr'>poetam</span> <span class='ocrx_word' id='word_1_156' title='bbox 316 1376 503 1426; x_wconf 89' lang='lat' dir='ltr'>scripsisse</span> <span class='ocrx_word' id='word_1_157' title='bbox 528 1381 704 1427; x_wconf 83' lang='lat' dir='ltr'>apparet3</span> <span class='ocrx_word' id='word_1_158' title='bbox 745 1390 818 1426; x_wconf 89' lang='lat' dir='ltr'>quo</span> <span class='ocrx_word' id='word_1_159' title='bbox 838 1377 1102 1427; x_wconf 83' lang='lat' dir='ltr'>epigrammate</span> <span class='ocrx_word' id='word_1_160' title='bbox 1121 1376 1204 1413; x_wconf 89' lang='lat' dir='ltr'>licet</span> <span class='ocrx_word' id='word_1_161' title='bbox 1224 1376 1354 1414; x_wconf 90' lang='lat' dir='ltr'>mirum</span> <span class='ocrx_word' id='word_1_162' title='bbox 1374 1378 1411 1413; x_wconf 93' lang='lat' dir='ltr'>in</span> <span class='ocrx_word' id='word_1_163' title='bbox 1431 1377 1578 1414; x_wconf 89' lang='lat' dir='ltr'>modum</span> <span class='ocrx_word' id='word_1_164' title='bbox 1596 1377 1663 1413; x_wconf 87' lang='lat' dir='ltr'>ab·</span> 
     </span>
     <span class='ocr_line' id='line_1_19' title="bbox 142 1442 1661 1495; baseline 0.001 -15"><span class='ocrx_word' id='word_1_165' title='bbox 142 1456 228 1480; x_wconf 89' lang='lat' dir='ltr'>usus</span> <span class='ocrx_word' id='word_1_166' title='bbox 246 1443 290 1480; x_wconf 90' lang='lat' dir='ltr'>sit</span> <span class='ocrx_word' id='word_1_167' title='bbox 308 1443 500 1494; x_wconf 84' lang='lat' dir='ltr'>Iaegerus,</span> <span class='ocrx_word' id='word_1_168' title='bbox 529 1456 660 1494; x_wconf 87' lang='lat' dir='ltr'>quum,</span> <span class='ocrx_word' id='word_1_169' title='bbox 690 1444 807 1483; x_wconf 88' lang='lat' dir='ltr'>levem</span> <span class='ocrx_word' id='word_1_170' title='bbox 829 1445 1015 1495; x_wconf 87' lang='lat' dir='ltr'>quandam</span> <span class='ocrx_word' id='word_1_171' title='bbox 1037 1442 1215 1480; x_wconf 89' lang='lat' dir='ltr'>Boeckhii</span> <span class='ocrx_word' id='word_1_172' title='bbox 1246 1442 1296 1491; x_wconf 89' lang='lat' dir='ltr'>(l.</span> <span class='ocrx_word' id='word_1_173' title='bbox 1318 1456 1348 1480; x_wconf 92' lang='lat' dir='ltr'>c.</span> <span class='ocrx_word' id='word_1_174' title='bbox 1370 1456 1408 1493; x_wconf 86' lang='lat' dir='ltr'>p.</span> <span class='ocrx_word' id='word_1_175' title='bbox 1430 1443 1502 1492; x_wconf 88' lang='lat'>59)</span> <span class='ocrx_word' id='word_1_176' title='bbox 1525 1444 1661 1481; x_wconf 88' lang='lat' dir='ltr'>indica-</span> 
     </span>
     <span class='ocr_line' id='line_1_20' title="bbox 142 1511 1664 1563; baseline 0 -15"><span class='ocrx_word' id='word_1_177' title='bbox 142 1511 280 1549; x_wconf 88' lang='lat' dir='ltr'>tionem</span> <span class='ocrx_word' id='word_1_178' title='bbox 301 1516 470 1561; x_wconf 82' lang='lat' dir='ltr'>secutus,</span> <span class='ocrx_word' id='word_1_179' title='bbox 510 1512 612 1550; x_wconf 90' lang='lat' dir='ltr'>Sami</span> <span class='ocrx_word' id='word_1_180' title='bbox 633 1526 696 1551; x_wconf 92' lang='lat' dir='ltr'>eos</span> <span class='ocrx_word' id='word_1_181' title='bbox 718 1513 911 1550; x_wconf 88' lang='lat' dir='ltr'>amicitiam</span> <span class='ocrx_word' id='word_1_182' title='bbox 936 1512 1095 1549; x_wconf 85' lang='lat' dir='ltr'>iunxisse</span> <span class='ocrx_word' id='word_1_183' title='bbox 1122 1514 1292 1558; x_wconf 87' lang='lat' dir='ltr'>censeat,</span> <span class='ocrx_word' id='word_1_184' title='bbox 1332 1523 1406 1560; x_wconf 90' lang='lat' dir='ltr'>quo</span> <span class='ocrx_word' id='word_1_185' title='bbox 1433 1515 1558 1549; x_wconf 90' lang='lat' dir='ltr'>tamen</span> <span class='ocrx_word' id='word_1_186' title='bbox 1578 1525 1664 1563; x_wconf 91' lang='lat' dir='ltr'>pro-</span> 
     </span>
     <span class='ocr_line' id='line_1_21' title="bbox 141 1578 1653 1631; baseline -0.001 -14"><span class='ocrx_word' id='word_1_187' title='bbox 141 1583 225 1631; x_wconf 87' lang='lat' dir='ltr'>pter</span> <span class='ocrx_word' id='word_1_188' title='bbox 246 1581 469 1630; x_wconf 79' lang='lat' dir='ltr'>Antigonam</span> <span class='ocrx_word' id='word_1_189' title='bbox 494 1581 612 1631; x_wconf 85' lang='lat' dir='ltr'>ipsam</span> <span class='ocrx_word' id='word_1_190' title='bbox 632 1581 769 1618; x_wconf 87' lang='lat' dir='ltr'>editam</span> <span class='ocrx_word' id='word_1_191' title='bbox 792 1582 937 1619; x_wconf 90' lang='lat' dir='ltr'>demum</span> <span class='ocrx_word' id='word_1_192' title='bbox 961 1578 1162 1630; x_wconf 90' lang='lat' dir='ltr'>Sophocles</span> <span class='ocrx_word' id='word_1_193' title='bbox 1192 1582 1343 1628; x_wconf 89' lang='lat' dir='ltr'>praetor</span> <span class='ocrx_word' id='word_1_194' title='bbox 1370 1579 1501 1616; x_wconf 89' lang='lat' dir='ltr'>missus</span> <span class='ocrx_word' id='word_1_195' title='bbox 1531 1584 1587 1617; x_wconf 90' lang='lat' dir='ltr'>est</span> <span class='ocrx_word' id='word_1_196' title='bbox 1609 1602 1653 1607; x_wconf 90' lang='lat'>—</span> 
     </span>
     <span class='ocr_line' id='line_1_22' title="bbox 142 1645 1662 1699; baseline 0.001 -15"><span class='ocrx_word' id='word_1_197' title='bbox 142 1647 242 1685; x_wconf 90' lang='lat' dir='ltr'>haud</span> <span class='ocrx_word' id='word_1_198' title='bbox 262 1651 387 1686; x_wconf 89' lang='lat' dir='ltr'>tamen</span> <span class='ocrx_word' id='word_1_199' title='bbox 408 1648 503 1686; x_wconf 90' lang='lat' dir='ltr'>male</span> <span class='ocrx_word' id='word_1_200' title='bbox 528 1649 701 1699; x_wconf 87' lang='lat' dir='ltr'>proponit</span> <span class='ocrx_word' id='word_1_201' title='bbox 728 1649 833 1686; x_wconf 87' lang='lat' dir='ltr'>nobis</span> <span class='ocrx_word' id='word_1_202' title='bbox 856 1648 1087 1686; x_wconf 87' lang='lat' dir='ltr'>Herodotum</span> <span class='ocrx_word' id='word_1_203' title='bbox 1111 1645 1215 1682; x_wconf 86' lang='lat' dir='ltr'>hilari</span> <span class='ocrx_word' id='word_1_204' title='bbox 1239 1645 1459 1695; x_wconf 83' lang='lat' dir='ltr'>loquacitate</span> <span class='ocrx_word' id='word_1_205' title='bbox 1486 1647 1584 1683; x_wconf 91' lang='lat' dir='ltr'>varia</span> <span class='ocrx_word' id='word_1_206' title='bbox 1617 1660 1662 1685; x_wconf 83' lang='lat' dir='ltr'>ex</span> 
     </span>
     <span class='ocr_line' id='line_1_23' title="bbox 142 1713 1660 1766; baseline -0.001 -14"><span class='ocrx_word' id='word_1_207' title='bbox 142 1716 208 1763; x_wconf 87' lang='lat' dir='ltr'>iis,</span> <span class='ocrx_word' id='word_1_208' title='bbox 242 1729 339 1766; x_wconf 90' lang='lat' dir='ltr'>quae</span> <span class='ocrx_word' id='word_1_209' title='bbox 366 1717 513 1755; x_wconf 88' lang='lat' dir='ltr'>viderat</span> <span class='ocrx_word' id='word_1_210' title='bbox 541 1721 652 1766; x_wconf 87' lang='lat' dir='ltr'>atque</span> <span class='ocrx_word' id='word_1_211' title='bbox 680 1717 870 1764; x_wconf 74' lang='lat' dir='ltr'>audIerat‚</span> <span class='ocrx_word' id='word_1_212' title='bbox 909 1716 1023 1753; x_wconf 87' lang='lat' dir='ltr'>amico</span> <span class='ocrx_word' id='word_1_213' title='bbox 1047 1718 1337 1764; x_wconf 86' lang='lat' dir='ltr'>expromentem.</span> <span class='ocrx_word' id='word_1_214' title='bbox 1397 1713 1466 1762; x_wconf 86' lang='lat' dir='ltr'>At,</span> <span class='ocrx_word' id='word_1_215' title='bbox 1502 1715 1660 1764; x_wconf 86' lang='lat' dir='ltr'>inquies,</span> 
     </span>
     <span class='ocr_line' id='line_1_24' title="bbox 141 1781 1663 1835; baseline -0.001 -14"><span class='ocrx_word' id='word_1_216' title='bbox 141 1796 265 1822; x_wconf 89' lang='lat' dir='ltr'>nonne</span> <span class='ocrx_word' id='word_1_217' title='bbox 284 1785 444 1823; x_wconf 88' lang='lat' dir='ltr'>recitatis</span> <span class='ocrx_word' id='word_1_218' title='bbox 466 1785 622 1824; x_wconf 86' lang='lat' dir='ltr'>Athenis</span> <span class='ocrx_word' id='word_1_219' title='bbox 646 1786 744 1823; x_wconf 88' lang='lat' dir='ltr'>libris</span> <span class='ocrx_word' id='word_1_220' title='bbox 769 1786 841 1822; x_wconf 86' lang='lat' dir='ltr'>suis</span> <span class='ocrx_word' id='word_1_221' title='bbox 867 1783 1067 1835; x_wconf 85' lang='lat' dir='ltr'>praemium</span> <span class='ocrx_word' id='word_1_222' title='bbox 1090 1795 1112 1820; x_wconf 87' lang='lat' dir='ltr'>a</span> <span class='ocrx_word' id='word_1_223' title='bbox 1131 1782 1270 1819; x_wconf 89' lang='lat' dir='ltr'>Senatu</span> <span class='ocrx_word' id='word_1_224' title='bbox 1289 1781 1563 1820; x_wconf 89' lang='lat' dir='ltr'>Atheniensium</span> <span class='ocrx_word' id='word_1_225' title='bbox 1581 1783 1663 1821; x_wconf 92' lang='lat' dir='ltr'>He-</span> 
     </span>
     <span class='ocr_line' id='line_1_25' title="bbox 141 1847 1662 1903; baseline -0.003 -14"><span class='ocrx_word' id='word_1_226' title='bbox 141 1852 314 1890; x_wconf 89' lang='lat' dir='ltr'>rodotum</span> <span class='ocrx_word' id='word_1_227' title='bbox 336 1853 521 1903; x_wconf 86' lang='lat' dir='ltr'>accepisse</span> <span class='ocrx_word' id='word_1_228' title='bbox 545 1853 724 1891; x_wconf 87' lang='lat' dir='ltr'>Eusebius</span> <span class='ocrx_word' id='word_1_229' title='bbox 742 1856 887 1899; x_wconf 72' lang='lat' dir='ltr'>narrat,</span> <span class='ocrx_word' id='word_1_230' title='bbox 928 1851 1028 1901; x_wconf 90' lang='lat' dir='ltr'>quod</span> <span class='ocrx_word' id='word_1_231' title='bbox 1052 1851 1129 1888; x_wconf 90' lang='lat' dir='ltr'>sive</span> <span class='ocrx_word' id='word_1_232' title='bbox 1151 1863 1248 1887; x_wconf 91' lang='lat' dir='ltr'>anno</span> <span class='ocrx_word' id='word_1_233' title='bbox 1271 1849 1327 1887; x_wconf 93' lang='lat' dir='ltr'>Ol.</span> <span class='ocrx_word' id='word_1_234' title='bbox 1351 1851 1428 1895; x_wconf 85' lang='lat'>83,</span> <span class='ocrx_word' id='word_1_235' title='bbox 1458 1848 1483 1888; x_wconf 84' lang='lat'>4</span> <span class='ocrx_word' id='word_1_236' title='bbox 1499 1867 1558 1884; x_wconf 69' lang='grc' dir='ltr'>Ξ</span> <span class='ocrx_word' id='word_1_237' title='bbox 1578 1847 1662 1890; x_wconf 83' lang='grc'>445</span> 
     </span>
     <span class='ocr_line' id='line_1_26' title="bbox 141 1917 1662 1972; baseline -0.001 -16"><span class='ocrx_word' id='word_1_238' title='bbox 141 1931 175 1959; x_wconf 88' lang='lat' dir='ltr'>a.</span> <span class='ocrx_word' id='word_1_239' title='bbox 198 1919 283 1957; x_wconf 89' lang='lat' dir='ltr'>Chr.</span> <span class='ocrx_word' id='word_1_240' title='bbox 308 1921 384 1957; x_wconf 90' lang='lat' dir='ltr'>sive</span> <span class='ocrx_word' id='word_1_241' title='bbox 404 1933 484 1957; x_wconf 90' lang='lat' dir='ltr'>cum</span> <span class='ocrx_word' id='word_1_242' title='bbox 503 1921 691 1971; x_wconf 85' lang='lat' dir='ltr'>Scaligero</span> <span class='ocrx_word' id='word_1_243' title='bbox 714 1925 752 1958; x_wconf 78' lang='lat' dir='ltr'>et</span> <span class='ocrx_word' id='word_1_244' title='bbox 778 1921 977 1972; x_wconf 88' lang='lat' dir='ltr'>interprete</span> <span class='ocrx_word' id='word_1_245' title='bbox 998 1919 1158 1956; x_wconf 88' lang='lat' dir='ltr'>Armeno</span> <span class='ocrx_word' id='word_1_246' title='bbox 1181 1917 1435 1968; x_wconf 85' lang='lat' dir='ltr'>praecedentis</span> <span class='ocrx_word' id='word_1_247' title='bbox 1459 1918 1545 1954; x_wconf 89' lang='lat' dir='ltr'>anni</span> <span class='ocrx_word' id='word_1_248' title='bbox 1565 1917 1662 1955; x_wconf 88' lang='lat' dir='ltr'>Pan-</span> 
     </span>
     <span class='ocr_line' id='line_1_27' title="bbox 142 1985 1662 2038; baseline 0 -14"><span class='ocrx_word' id='word_1_249' title='bbox 142 1987 330 2025; x_wconf 85' lang='lat' dir='ltr'>athenaeis</span> <span class='ocrx_word' id='word_1_250' title='bbox 357 1988 499 2037; x_wconf 88' lang='lat' dir='ltr'>magnis</span> <span class='ocrx_word' id='word_1_251' title='bbox 533 1989 785 2038; x_wconf 81' lang='lat' dir='ltr'>assignamus,</span> <span class='ocrx_word' id='word_1_252' title='bbox 816 1987 1039 2037; x_wconf 84' lang='lat' dir='ltr'>Antigonam</span> <span class='ocrx_word' id='word_1_253' title='bbox 1059 1985 1252 2038; x_wconf 85' lang='lat' dir='ltr'>Sophoclis</span> <span class='ocrx_word' id='word_1_254' title='bbox 1274 1985 1410 2034; x_wconf 85' lang='lat' dir='ltr'>aliquot</span> <span class='ocrx_word' id='word_1_255' title='bbox 1431 1986 1535 2022; x_wconf 88' lang='lat' dir='ltr'>annis</span> <span class='ocrx_word' id='word_1_256' title='bbox 1556 1990 1662 2024; x_wconf 88' lang='lat' dir='ltr'>ante-</span> 
     </span>
     <span class='ocr_line' id='line_1_28' title="bbox 143 2051 1655 2106; baseline 0.001 -14"><span class='ocrx_word' id='word_1_257' title='bbox 143 2053 272 2093; x_wconf 61' lang='lat' dir='ltr'>cedit?</span> <span class='ocrx_word' id='word_1_258' title='bbox 329 2055 422 2093; x_wconf 92' lang='lat' dir='ltr'>Eam</span> <span class='ocrx_word' id='word_1_259' title='bbox 444 2058 538 2095; x_wconf 90' lang='lat' dir='ltr'>enim</span> <span class='ocrx_word' id='word_1_260' title='bbox 560 2058 834 2105; x_wconf 81' lang='lat' dir='ltr'>recitationem,</span> <span class='ocrx_word' id='word_1_261' title='bbox 870 2069 981 2106; x_wconf 88' lang='lat' dir='ltr'>quam</span> <span class='ocrx_word' id='word_1_262' title='bbox 1003 2056 1076 2093; x_wconf 87' lang='lat' dir='ltr'>iam</span> <span class='ocrx_word' id='word_1_263' title='bbox 1099 2054 1158 2093; x_wconf 89' lang='lat' dir='ltr'>Ol.</span> <span class='ocrx_word' id='word_1_264' title='bbox 1188 2056 1264 2101; x_wconf 86' lang='lat'>81,</span> <span class='ocrx_word' id='word_1_265' title='bbox 1292 2057 1311 2095; x_wconf 93' lang='lat'>1</span> <span class='ocrx_word' id='word_1_266' title='bbox 1336 2071 1394 2088; x_wconf 86' lang='lat'><strong><em>=</em></strong></span> <span class='ocrx_word' id='word_1_267' title='bbox 1411 2051 1492 2094; x_wconf 82' lang='lat'>456</span> <span class='ocrx_word' id='word_1_268' title='bbox 1512 2067 1544 2091; x_wconf 92' lang='lat' dir='ltr'>a.</span> <span class='ocrx_word' id='word_1_269' title='bbox 1567 2054 1655 2093; x_wconf 85' lang='lat' dir='ltr'>Chr.</span> 
     </span>
     <span class='ocr_line' id='line_1_29' title="bbox 142 2120 1655 2175; baseline -0.001 -16"><span class='ocrx_word' id='word_1_270' title='bbox 142 2123 337 2175; x_wconf 88' lang='lat' dir='ltr'>Olympiae</span> <span class='ocrx_word' id='word_1_271' title='bbox 358 2125 559 2163; x_wconf 87' lang='lat' dir='ltr'>instituisse</span> <span class='ocrx_word' id='word_1_272' title='bbox 580 2125 689 2174; x_wconf 85' lang='lat' dir='ltr'>vulgo</span> <span class='ocrx_word' id='word_1_273' title='bbox 710 2126 822 2163; x_wconf 85' lang='lat' dir='ltr'>fertur</span> <span class='ocrx_word' id='word_1_274' title='bbox 842 2125 997 2174; x_wconf 88' lang='lat' dir='ltr'>(Heyse</span> <span class='ocrx_word' id='word_1_275' title='bbox 1019 2137 1054 2174; x_wconf 89' lang='lat' dir='ltr'>p.</span> <span class='ocrx_word' id='word_1_276' title='bbox 1077 2120 1179 2173; x_wconf 83' lang='lat'>26),</span> <span class='ocrx_word' id='word_1_277' title='bbox 1219 2123 1304 2161; x_wconf 87' lang='lat' dir='ltr'>licet</span> <span class='ocrx_word' id='word_1_278' title='bbox 1329 2125 1365 2159; x_wconf 92' lang='lat' dir='ltr'>et</span> <span class='ocrx_word' id='word_1_279' title='bbox 1388 2122 1468 2172; x_wconf 86' lang='lat' dir='ltr'>ipse</span> <span class='ocrx_word' id='word_1_280' title='bbox 1489 2122 1655 2173; x_wconf 88' lang='lat' dir='ltr'>cupidius</span> 
     </span>
     <span class='ocr_line' id='line_1_30' title="bbox 142 2190 1656 2243; baseline -0.001 -15"><span class='ocrx_word' id='word_1_281' title='bbox 142 2203 252 2241; x_wconf 88' lang='lat' dir='ltr'>quam</span> <span class='ocrx_word' id='word_1_282' title='bbox 274 2193 393 2230; x_wconf 90' lang='lat' dir='ltr'>verius</span> <span class='ocrx_word' id='word_1_283' title='bbox 413 2193 663 2243; x_wconf 82' lang='lat' dir='ltr'>impugnatam</span> <span class='ocrx_word' id='word_1_284' title='bbox 683 2205 764 2231; x_wconf 89' lang='lat' dir='ltr'>esse</span> <span class='ocrx_word' id='word_1_285' title='bbox 790 2206 811 2230; x_wconf 91' lang='lat' dir='ltr'>a</span> <span class='ocrx_word' id='word_1_286' title='bbox 831 2192 1065 2230; x_wconf 88' lang='lat' dir='ltr'>Dahlmanno</span> <span class='ocrx_word' id='word_1_287' title='bbox 1086 2191 1302 2237; x_wconf 86' lang='lat' dir='ltr'>concedam,</span> <span class='ocrx_word' id='word_1_288' title='bbox 1343 2190 1422 2240; x_wconf 89' lang='lat' dir='ltr'>ipse</span> <span class='ocrx_word' id='word_1_289' title='bbox 1448 2194 1572 2228; x_wconf 89' lang='lat' dir='ltr'>tamen</span> <span class='ocrx_word' id='word_1_290' title='bbox 1599 2191 1656 2227; x_wconf 81' lang='lat' dir='ltr'>in·</span> 
     </span>
     <span class='ocr_line' id='line_1_31' title="bbox 141 2257 1656 2312; baseline -0.003 -15"><span class='ocrx_word' id='word_1_291' title='bbox 141 2258 284 2309; x_wconf 84' lang='lat' dir='ltr'>telliges</span> <span class='ocrx_word' id='word_1_292' title='bbox 304 2259 502 2312; x_wconf 88' lang='lat' dir='ltr'>paullisper</span> <span class='ocrx_word' id='word_1_293' title='bbox 520 2260 626 2297; x_wconf 88' lang='lat' dir='ltr'>nobis</span> <span class='ocrx_word' id='word_1_294' title='bbox 645 2261 897 2311; x_wconf 85' lang='lat' dir='ltr'>seponendam</span> <span class='ocrx_word' id='word_1_295' title='bbox 919 2273 1020 2307; x_wconf 87' lang='lat' dir='ltr'>esse,</span> <span class='ocrx_word' id='word_1_296' title='bbox 1050 2272 1120 2306; x_wconf 84' lang='lat' dir='ltr'>ne,</span> <span class='ocrx_word' id='word_1_297' title='bbox 1151 2259 1238 2296; x_wconf 92' lang='lat' dir='ltr'>dum</span> <span class='ocrx_word' id='word_1_298' title='bbox 1261 2258 1372 2295; x_wconf 89' lang='lat' dir='ltr'>dubia</span> <span class='ocrx_word' id='word_1_299' title='bbox 1396 2258 1515 2295; x_wconf 92' lang='lat' dir='ltr'>dubiis</span> <span class='ocrx_word' id='word_1_300' title='bbox 1533 2257 1656 2294; x_wconf 88' lang='lat' dir='ltr'>fulcia-</span> 
     </span>
     <span class='ocr_line' id='line_1_32' title="bbox 141 2326 1654 2376; baseline -0.003 -10"><span class='ocrx_word' id='word_1_301' title='bbox 141 2341 243 2376; x_wconf 89' lang='lat' dir='ltr'>mus,</span> <span class='ocrx_word' id='word_1_302' title='bbox 274 2328 446 2366; x_wconf 88' lang='lat' dir='ltr'>circulum</span> <span class='ocrx_word' id='word_1_303' title='bbox 470 2329 506 2365; x_wconf 95' lang='lat' dir='ltr'>in</span> <span class='ocrx_word' id='word_1_304' title='bbox 533 2328 821 2365; x_wconf 88' lang='lat' dir='ltr'>demonstrando</span> <span class='ocrx_word' id='word_1_305' title='bbox 850 2328 1078 2365; x_wconf 86' lang='lat' dir='ltr'>committere</span> <span class='ocrx_word' id='word_1_306' title='bbox 1103 2327 1314 2372; x_wconf 77' lang='lat' dir='ltr'>videamur3</span> <span class='ocrx_word' id='word_1_307' title='bbox 1357 2326 1506 2364; x_wconf 90' lang='lat' dir='ltr'>Eusebii</span> <span class='ocrx_word' id='word_1_308' title='bbox 1534 2329 1654 2363; x_wconf 91' lang='lat' dir='ltr'>autem</span> 
     </span>
     <span class='ocr_line' id='line_1_33' title="bbox 141 2393 1659 2446; baseline -0.003 -13"><span class='ocrx_word' id='word_1_309' title='bbox 141 2396 301 2433; x_wconf 87' lang='lat' dir='ltr'>narratio</span> <span class='ocrx_word' id='word_1_310' title='bbox 323 2397 521 2434; x_wconf 83' lang='lat' dir='ltr'>accedente</span> <span class='ocrx_word' id='word_1_311' title='bbox 543 2394 825 2446; x_wconf 89' lang='lat' dir='ltr'>locupletissimo</span> <span class='ocrx_word' id='word_1_312' title='bbox 845 2395 1028 2433; x_wconf 90' lang='lat' dir='ltr'>Plutarchi</span> <span class='ocrx_word' id='word_1_313' title='bbox 1059 2395 1290 2441; x_wconf 90' lang='lat' dir='ltr'>testimonio,</span> <span class='ocrx_word' id='word_1_314' title='bbox 1333 2395 1381 2432; x_wconf 87' lang='lat' dir='ltr'>de</span> <span class='ocrx_word' id='word_1_315' title='bbox 1404 2393 1557 2443; x_wconf 87' lang='lat' dir='ltr'>Malign.</span> <span class='ocrx_word' id='word_1_316' title='bbox 1580 2393 1659 2429; x_wconf 86' lang='lat' dir='ltr'>He-</span> 
     </span>
     <span class='ocr_line' id='line_1_34' title="bbox 142 2460 1658 2514; baseline -0.002 -14"><span class='ocrx_word' id='word_1_317' title='bbox 142 2464 266 2501; x_wconf 89' lang='lat' dir='ltr'>rodoti</span> <span class='ocrx_word' id='word_1_318' title='bbox 295 2477 325 2501; x_wconf 89' lang='lat' dir='ltr'>c.</span> <span class='ocrx_word' id='word_1_319' title='bbox 352 2467 430 2512; x_wconf 84' lang='lat'>26,</span> <span class='ocrx_word' id='word_1_320' title='bbox 469 2467 572 2502; x_wconf 83' lang='lat' dir='ltr'>extra</span> <span class='ocrx_word' id='word_1_321' title='bbox 602 2476 747 2502; x_wconf 85' lang='lat' dir='ltr'>omnem</span> <span class='ocrx_word' id='word_1_322' title='bbox 779 2464 1042 2502; x_wconf 86' lang='lat' dir='ltr'>dubitationem</span> <span class='ocrx_word' id='word_1_323' title='bbox 1070 2464 1192 2514; x_wconf 90' lang='lat' dir='ltr'>posita</span> <span class='ocrx_word' id='word_1_324' title='bbox 1219 2467 1287 2501; x_wconf 91' lang='lat' dir='ltr'>est.</span> <span class='ocrx_word' id='word_1_325' title='bbox 1357 2460 1498 2509; x_wconf 79' lang='lat' dir='ltr'>Audio,</span> <span class='ocrx_word' id='word_1_326' title='bbox 1536 2474 1658 2510; x_wconf 91' lang='lat' dir='ltr'>neque</span> 
     </span>
     <span class='ocr_line' id='line_1_35' title="bbox 142 2528 1657 2582; baseline -0.003 -15"><span class='ocrx_word' id='word_1_327' title='bbox 142 2529 251 2568; x_wconf 89' lang='lat' dir='ltr'>valde</span> <span class='ocrx_word' id='word_1_328' title='bbox 279 2533 495 2582; x_wconf 87' lang='lat' dir='ltr'>repugnabo</span> <span class='ocrx_word' id='word_1_329' title='bbox 526 2532 751 2579; x_wconf 88' lang='lat' dir='ltr'>sententiae,</span> <span class='ocrx_word' id='word_1_330' title='bbox 791 2544 901 2581; x_wconf 90' lang='lat' dir='ltr'>quam</span> <span class='ocrx_word' id='word_1_331' title='bbox 929 2531 1016 2569; x_wconf 90' lang='lat' dir='ltr'>mihi</span> <span class='ocrx_word' id='word_1_332' title='bbox 1046 2543 1195 2581; x_wconf 90' lang='lat' dir='ltr'>quoque</span> <span class='ocrx_word' id='word_1_333' title='bbox 1225 2529 1517 2568; x_wconf 88' lang='lat' dir='ltr'>verisimillimam</span> <span class='ocrx_word' id='word_1_334' title='bbox 1542 2528 1657 2565; x_wconf 86' lang='lat' dir='ltr'>videri</span> 
     </span>
     <span class='ocr_line' id='line_1_36' title="bbox 143 2595 1657 2650; baseline -0.003 -15"><span class='ocrx_word' id='word_1_335' title='bbox 143 2610 255 2649; x_wconf 81' lang='lat' dir='ltr'>supra</span> <span class='ocrx_word' id='word_1_336' title='bbox 282 2598 353 2635; x_wconf 90' lang='lat' dir='ltr'>iam</span> <span class='ocrx_word' id='word_1_337' title='bbox 381 2602 526 2647; x_wconf 82' lang='lat' dir='ltr'>monui3</span> <span class='ocrx_word' id='word_1_338' title='bbox 564 2604 728 2639; x_wconf 89' lang='lat' dir='ltr'>attamen</span> <span class='ocrx_word' id='word_1_339' title='bbox 759 2613 855 2650; x_wconf 87' lang='lat' dir='ltr'>quae</span> <span class='ocrx_word' id='word_1_340' title='bbox 885 2600 1003 2650; x_wconf 91' lang='lat' dir='ltr'>ipsum</span> <span class='ocrx_word' id='word_1_341' title='bbox 1021 2599 1205 2638; x_wconf 88' lang='lat' dir='ltr'>Plutarchi</span> <span class='ocrx_word' id='word_1_342' title='bbox 1228 2599 1344 2636; x_wconf 92' lang='lat' dir='ltr'>locum</span> <span class='ocrx_word' id='word_1_343' title='bbox 1368 2595 1547 2635; x_wconf 83' lang='lat' dir='ltr'>evolventi</span> <span class='ocrx_word' id='word_1_344' title='bbox 1570 2595 1657 2632; x_wconf 82' lang='lat' dir='ltr'>mihi</span> 
     </span>
     <span class='ocr_line' id='line_1_37' title="bbox 144 2664 1655 2717; baseline -0.003 -14"><span class='ocrx_word' id='word_1_345' title='bbox 144 2679 261 2704; x_wconf 92' lang='lat' dir='ltr'>novae</span> <span class='ocrx_word' id='word_1_346' title='bbox 284 2665 517 2707; x_wconf 87' lang='lat' dir='ltr'>difficultates</span> <span class='ocrx_word' id='word_1_347' title='bbox 547 2669 700 2706; x_wconf 90' lang='lat' dir='ltr'>obortae</span> <span class='ocrx_word' id='word_1_348' title='bbox 724 2668 819 2717; x_wconf 89' lang='lat' dir='ltr'>sint,</span> <span class='ocrx_word' id='word_1_349' title='bbox 857 2668 1016 2706; x_wconf 90' lang='lat' dir='ltr'>candide</span> <span class='ocrx_word' id='word_1_350' title='bbox 1036 2668 1145 2717; x_wconf 87' lang='lat' dir='ltr'>Tibi,</span> <span class='ocrx_word' id='word_1_351' title='bbox 1186 2667 1251 2704; x_wconf 88' lang='lat' dir='ltr'>Vir</span> <span class='ocrx_word' id='word_1_352' title='bbox 1277 2664 1509 2710; x_wconf 88' lang='lat' dir='ltr'>amicissime,</span> <span class='ocrx_word' id='word_1_353' title='bbox 1541 2675 1655 2712; x_wconf 84' lang='lat' dir='ltr'>expo-</span> 
     </span>
     <span class='ocr_line' id='line_1_38' title="bbox 144 2727 1657 2788; baseline -0.001 -18"><span class='ocrx_word' id='word_1_354' title='bbox 144 2745 241 2771; x_wconf 88' lang='lat' dir='ltr'>nam.</span> <span class='ocrx_word' id='word_1_355' title='bbox 299 2733 531 2773; x_wconf 86' lang='lat' dir='ltr'>Plutarchus:</span> <span class='ocrx_word' id='word_1_356' title='bbox 572 2732 632 2775; x_wconf 78' lang='grc' dir='ltr'>ὅτι</span> <span class='ocrx_word' id='word_1_357' title='bbox 653 2734 808 2788; x_wconf 82' lang='grc' dir='ltr'><strong><em>μέντοι,</em></strong></span> <span class='ocrx_word' id='word_1_358' title='bbox 836 2736 979 2786; x_wconf 85' lang='lat' dir='ltr'>inquit,</span> <span class='ocrx_word' id='word_1_359' title='bbox 1010 2733 1104 2774; x_wconf 82' lang='grc' dir='ltr'><strong><em>δέκα</em></strong></span> <span class='ocrx_word' id='word_1_360' title='bbox 1133 2731 1305 2773; x_wconf 76' lang='grc' dir='ltr'><strong><em>τάλαντα</em></strong></span> <span class='ocrx_word' id='word_1_361' title='bbox 1338 2727 1490 2783; x_wconf 72' lang='grc' dir='ltr'><strong><em>δωρεάν</em></strong></span> <span class='ocrx_word' id='word_1_362' title='bbox 1519 2728 1657 2780; x_wconf 73' lang='grc' dir='ltr'><strong><em>ἔλαβεν</em></strong></span> 
     </span>
     <span class='ocr_line' id='line_1_39' title="bbox 143 2793 1658 2854; baseline -0.005 -12"><span class='ocrx_word' id='word_1_363' title='bbox 143 2800 184 2850; x_wconf 76' lang='grc' dir='ltr'>ἐξ</span> <span class='ocrx_word' id='word_1_364' title='bbox 204 2797 412 2852; x_wconf 66' lang='grc' dir='ltr'>Ἀθηνῶν,Δ</span> <span class='ocrx_word' id='word_1_365' title='bbox 441 2797 516 2841; x_wconf 86' lang='grc' dir='ltr'><strong><em>Ἀν</em></strong></span> <span class='ocrx_word' id='word_1_366' title='bbox 532 2798 651 2843; x_wconf 70' lang='grc' dir='ltr'><strong><em>ιῖτου</em></strong></span> <span class='ocrx_word' id='word_1_367' title='bbox 674 2802 717 2845; x_wconf 83' lang='grc' dir='ltr'>τὸ</span> <span class='ocrx_word' id='word_1_368' title='bbox 739 2800 934 2854; x_wconf 83' lang='grc' dir='ltr'><strong><em>ψήφισμα</em></strong></span> <span class='ocrx_word' id='word_1_369' title='bbox 954 2798 1209 2854; x_wconf 72' lang='grc' dir='ltr'><strong><em>γράψαντος,</em></strong></span> <span class='ocrx_word' id='word_1_370' title='bbox 1247 2795 1349 2851; x_wconf 76' lang='grc' dir='ltr'><strong><em>οἷνήρ</em></strong></span> <span class='ocrx_word' id='word_1_371' title='bbox 1367 2794 1585 2849; x_wconf 81' lang='grc' dir='ltr'><strong><em>Ἀθηναῖος</em></strong></span> <span class='ocrx_word' id='word_1_372' title='bbox 1609 2793 1658 2836; x_wconf 88' lang='grc' dir='ltr'>ου’</span> 
     </span>
     <span class='ocr_line' id='line_1_40' title="bbox 144 2865 1655 2924; baseline -0.005 -15"><span class='ocrx_word' id='word_1_373' title='bbox 144 2871 224 2909; x_wconf 77' lang='grc' dir='ltr'><strong><em>τῶν</em></strong></span> <span class='ocrx_word' id='word_1_374' title='bbox 254 2867 595 2922; x_wconf 78' lang='grc' dir='ltr'><strong><em>παρημελημένων</em></strong></span> <span class='ocrx_word' id='word_1_375' title='bbox 620 2870 663 2910; x_wconf 79' lang='grc' dir='ltr'><strong><em>ἐν</em></strong></span> <span class='ocrx_word' id='word_1_376' title='bbox 693 2871 868 2924; x_wconf 73' lang='grc' dir='ltr'><strong><em>ἱστορία,</em></strong></span> <span class='ocrx_word' id='word_1_377' title='bbox 909 2870 1116 2914; x_wconf 84' lang='grc' dir='ltr'><strong><em>Δίυππος,</em></strong></span> <span class='ocrx_word' id='word_1_378' title='bbox 1158 2866 1336 2919; x_wconf 71' lang='grc' dir='ltr'><strong><em>εἷ’ρηκενε</em></strong></span> <span class='ocrx_word' id='word_1_379' title='bbox 1374 2865 1426 2904; x_wconf 88' lang='lat' dir='ltr'>sic</span> <span class='ocrx_word' id='word_1_380' title='bbox 1455 2865 1551 2904; x_wconf 89' lang='lat' dir='ltr'>enim</span> <span class='ocrx_word' id='word_1_381' title='bbox 1584 2876 1655 2915; x_wconf 86' lang='lat' dir='ltr'>pro</span> 
     </span>
    </p>
   </div>
   <div class='ocr_carea' id='block_1_4' title="bbox 1318 2932 1403 2976">
    <p class='ocr_par' dir='ltr' id='par_1_5' title="bbox 1318 2932 1403 2976">
     <span class='ocr_line' id='line_1_41' title="bbox 1318 2932 1403 2976; baseline 0.035 -3"><span class='ocrx_word' id='word_1_382' title='bbox 1318 2932 1403 2976; x_wconf 77' lang='lat'>42*</span> 
     </span>
    </p>
   </div>
  </div>
 </body>
</html>
