1863 3256
464 115 1148 161 MELPOMENE.IV.
1368 119 1452 159 345

177 226 347 290 βορέων
359 232 470 277 κατὰ
487 229 593 281 τούς
613 226 774 278 αὐτούς
789 225 977 276 τούτους
991 221 1257 278 ἀνθρώπους
1266 238 1451 277 πορευο-
1508 228 1680 319 fii·il1‘''a‘”⁰{a³i
1684 267 1711 288 w
1734 236 1786 288 «3ῗᾶ

177 304 335 359 μένας,
381 301 613 347 ἀπικέσθαι
639 299 682 350 ἐς
712 302 863 355 Λῆ2ον
892 297 954 341 ἔτι
983 292 1200 350 πρότερον
1213 293 1449 350 Ὑπερόχης
1510 294 1651 353 ¹¹?‚a‘2{¹¹”2’}
1671 295 1786 321 ¹⁰¹³

1643 328 1732 354 011111ῑᾶ
1737 333 1767 354 [tl

150 380 226 417 Ξτε
264 373 337 416 καὶ
373 375 604 429 Λαοδίκης.
672 369 834 420 ταύτας
880 369 960 425 μέν
1009 384 1094 411 νυν
1136 370 1191 423 τῇ
1229 368 1548 421 Εἰλειθυίῃὸζζ
1547 369 1623 427 ’έζζῗ
1636 398 1666 422 et
1669 362 1786 430 oiim?

123 509 193 545 sert
221 507 269 544 ad
303 506 490 544 notionem
520 506 641 544 auxilii
671 508 786 554 atque

124 565 226 614 opis,
259 576 391 612 quam,
429 575 525 611 quae
554 562 716 599 omnium
748 561 785 596 in

122 618 249 656 natura
262 631 380 656 rerum
394 631 526 669 parcns
548 623 662 668 atque
680 618 784 665 origo

122 675 275 713 habetur
303 675 474 724 adeoque
505 688 577 712 nox
601 674 786 725 primitiva

121 743 165 768 ac
187 731 425 782 primigenia,
448 731 588 780 llithyia
607 735 786 782 praestat,

122 792 161 824 ut
179 788 227 824 ad
247 787 362 826 lucem
392 788 514 825 omnia
537 788 787 838 proferantur.

120 844 169 881 At
179 845 222 881 C.
235 844 281 881 Ο.
296 843 452 882 Miillero
472 845 580 892 (Dor.
601 844 614 881 l
631 858 667 895 p.
684 844 786 891 369)

120 901 273 938 indicari
296 902 443 940 videtur
469 902 643 939 continua
669 901 788 938 numi-

121 958 177 994 nis
206 970 291 994 cura
326 971 520 1008 rerumque
550 958 788 995 humanarum

121 1015 312 1061 custodia,
350 1028 460 1064 quam
490 1015 647 1052 revereri
676 1027 789 1064 opor-

121 1075 198 1109 teat
219 1071 412 1119 mortales3
443 1072 546 1120 quod
564 1072 683 1121 ipsum
703 1083 789 1107 num

121 1128 316 1165 conveniat
338 1140 419 1165 cum
441 1128 546 1165 huius
580 1126 725 1164 fabulae
746 1138 789 1163 ac

120 1183 308 1232 religionis
331 1184 476 1232 indole,
507 1184 679 1233 equidem
699 1195 788 1220 sane

121 1241 295 1277 dubitem.
383 1240 547 1279 Alteram
607 1240 786 1290 virginem

107 1294 260 1349 ’Ἀργην
282 1297 378 1335 idem
398 1302 503 1335 vocat
516 1297 676 1335 Celerem.
701 1297 787 1334 Ma-

121 1354 183 1391 lim
207 1353 376 1403 equidem
403 1367 534 1392 vocare
557 1353 787 1400 Candentem,

125 1410 396 1461 Splendentem:
428 1412 529 1461 quod
547 1412 595 1448 ad
611 1413 718 1449 deam
735 1410 788 1448 lu-

121 1480 270 1514 narem,
327 1468 548 1518 lunaresque
591 1468 787 1517 religiones

124 1537 214 1562 sane
241 1525 359 1574 magis
391 1526 706 1563 accommodatum
735 1525 789 1561 vi-

123 1581 244 1619 detur.
331 1582 451 1626 Quam
511 1583 666 1620 eandem
726 1581 788 1631 qui

121 1635 402 1690 Ἑκαέργην
423 1638 633 1689 appellant,
663 1643 699 1677 et
719 1638 789 1689 ipsi

125 1695 232 1732 deam
249 1695 411 1733 lunarem
431 1696 603 1746 pharetra
626 1696 790 1745 sagittis-

124 1764 198 1801 que
239 1752 451 1789 instructam
492 1766 672 1802 arcusque
711 1757 789 1789 tra-

125 1808 248 1845 ctandi
299 1810 581 1859 peritissimam‚
631 1809 791 1846 Dianam

124 1864 235 1914 vulgo
247 1871 392 1912 vocant,
414 1867 451 1903 in
475 1871 600 1904 mente
620 1866 792 1904 habuisse

124 1921 306 1959 videntur.
365 1923 422 1961 Ac
450 1923 611 1972 denique
630 1918 792 1973 Ἀχαΐαν

125 1991 276 2028 quoque
309 1991 353 2017 ex
375 1980 628 2030 Hyperboreis
658 1979 791 2018 Delum

126 2035 271 2073 venisse
307 2037 488 2074 cecinerat
526 2036 645 2083 Olen,
696 2041 793 2075 teste

127 2092 284 2130 Pausan.
307 2092 354 2140 V,
377 2096 402 2134 7
425 2092 462 2145 ἓ.
481 2093 516 2134 4.
577 2093 654 2131 Ubi
691 2094 793 2132 Cere-

128 2162 200 2186 rem
219 2149 396 2187 Aclzaeam
416 2150 571 2200 intelligi
593 2163 703 2200 posse
727 2164 793 2188 ne-

128 2211 195 2255 gat
217 2206 260 2244 C.
285 2207 332 2244 O.
360 2207 506 2245 Miiller.
540 2207 632 2245 Dor.
657 2207 672 2243 l
707 2221 793 2258 pag.

130 2265 236 2311 369,
275 2265 425 2302 rescribi
456 2265 586 2302 iubens
607 2259 793 2313 Ἀφαίαν,

129 2332 203 2368 quo
247 2321 395 2359 nomine
444 2322 544 2372 apud
588 2320 793 2371 Aeginetas

131 2375 225 2414 culta
245 2377 359 2415 fuerit
381 2378 513 2416 Diana.

187 2430 286 2472 κατοῖ
319 2430 415 2481 τούς
445 2431 594 2482 αὐτούς
624 2431 794 2483 τούτους

133 2482 379 2540 ἅνθρωπους
399 2491 687 2544 πορευομένας]
701 2494 796 2530 Sen-

133 2557 194 2581 sus
223 2550 302 2594 cst,
338 2548 403 2585 has
427 2550 587 2599 virgines
619 2564 687 2601 per
712 2564 794 2588 eos-

135 2602 218 2638 dem
240 2602 405 2641 homines
431 2607 506 2644 sive
537 2606 695 2657 populos
725 2607 795 2646 iter

136 2658 287 2705 secisse,
322 2661 526 2711 eademque
554 2664 663 2712 igitur
683 2665 795 2702 adve-

138 2714 235 2752 nisse
254 2716 333 2762 via,
363 2718 436 2766 qua
456 2719 531 2756 scil.
553 2720 695 2758 venisse
715 2721 797 2770 Hy-

137 2771 320 2822 perochen
340 2777 378 2811 et
396 2772 584 2814 Laodicen
604 2790 715 2828 supra
733 2778 795 2821 lV,

842 505 897 544 33
935 507 1179 541 enarraverat.
1230 502 1351 546 Quam
1393 502 1506 538 inter-

842 561 1110 610 pretationem,
1152 560 1257 597 unice
1295 558 1391 596 illam
1426 559 1507 608 qui-

845 617 930 654 dem
949 629 1089 662 veram,
1120 617 1198 653 iure
1228 617 1360 667 probat
1392 614 1508 652 Schu-

843 673 935 710 bart.
955 672 977 709 l.
998 672 1021 710 l.
1051 686 1136 723 pag.
1157 673 1235 720 42,
1274 686 1349 722 quo
1376 673 1508 709 eodem

843 743 879 780 p.
900 729 954 770 50
973 736 1158 777 monente,
1176 730 1289 767 verba
1315 728 1354 777 ἐξ
1373 726 1510 780 ’Υπερ-

844 784 999 838 βορέων
1031 800 1111 824 cum
1152 799 1256 836 seqq.
1291 781 1510 825 ἐπικέσθαι

845 843 886 890 ἐς
905 845 1041 894 Δῆλον
1072 844 1174 891 iungi
1206 848 1414 893 nequeunt,
1444 843 1511 880 sed

845 901 1079 938 annectenda
1116 905 1224 938 crunt
1255 900 1512 951 praecedenti-

845 957 914 994 bus
942 957 1062 994 verbis
1091 953 1235 1003 ἐούσας
1264 956 1510 1006 παρθένους,

847 1018 888 1050 ut
912 1013 1074 1062 virgines
1094 1013 1343 1062 intelligantur
1361 1014 1511 1064 Hyper-

846 1071 983 1107 boreae
1002 1070 1078 1107 sive
1096 1083 1139 1107 ex
1151 1069 1404 1120 Hyperboreis
1421 1083 1510 1121 pro-

845 1127 988 1174 fectae,
1026 1131 1066 1162 ut
1087 1138 1198 1176 supra
1215 1126 1280 1173 IV,
1304 1126 1381 1167 34:
1421 1129 1512 1181 τῇσι

847 1179 891 1221 δὲ
912 1181 1155 1233 παρθένοισι
1174 1178 1340 1236 ταύτῃσι
1361 1185 1452 1238 τῇσι
1473 1183 1514 1231 ἐξ

843 1237 1118 1304 Ὑπερβορέων
1143 1224 1486 1294 τελευτησάσῃσι’
1469 1255 1513 1279 εν

845 1291 981 1351 Δήλῳ.
1070 1296 1162 1334 Inde
1225 1297 1514 1343 distinctionem,

845 1367 956 1403 quam
987 1357 1074 1391 ante
1104 1353 1216 1391 verba
1255 1352 1295 1401 ἐξ
1320 1353 1511 1405 Υπερβο-

846 1408 947 1461 ρὲων
968 1414 1144 1461 posuerat
1155 1411 1286 1460 Gaisf.‚
1316 1424 1387 1461 ego
1406 1415 1511 1463 post-

843 1481 963 1518 posui.

903 1523 958 1563 ἔτι
976 1519 1184 1575 πρότερον]
1214 1524 1272 1562 De
1289 1524 1345 1561 his
1364 1525 1511 1562 vocibus

847 1581 898 1619 sic
922 1582 1053 1618 iunctis
1078 1583 1174 1619 cont.
1196 1581 1360 1619 Boeckh.
1387 1581 1510 1621 Praef.

847 1638 895 1676 ad
929 1638 1067 1675 Simon.
1107 1638 1248 1677 socrat.
1287 1650 1375 1689 pag.
1412 1638 1511 1674 XVI.

846 1695 1013 1732 Eandem
1079 1694 1299 1732 locutionem
1362 1695 1515 1732 adhibet

847 1751 1074 1798 Pausanias,
1115 1756 1257 1789 mutato
1277 1753 1406 1789 ordine
1426 1752 1515 1788 scri-

848 1809 941 1847 bens
975 1805 1171 1860 πρότερον
1199 1807 1266 1847 ἔτι.
1314 1809 1374 1848 Cf.
1397 1807 1515 1845 Schu-

849 1865 945 1902 bart.
967 1865 991 1905 l.
1012 1865 1035 1902 l.
1063 1878 1149 1917 pag.
1172 1866 1221 1906 51
1251 1879 1329 1915 seq.
1364 1887 1411 1892 —
1441 1864 1515 1902 Pro

849 1922 1059 1973 Λαοδίκης
1099 1926 1174 1961 tres
1215 1923 1324 1963 codd.
1355 1916 1516 1961 Λαοδό-

849 1994 945 2030 κης,·
985 1980 1032 2017 de
1063 1992 1136 2030 qua
1171 1978 1330 2018 lectione
1361 1979 1517 2017 diximus

849 2037 898 2074 ad
920 2035 983 2084 IV,
1007 2038 1074 2078 33.

907 2089 1054 2140 ταύτας
1092 2090 1165 2144 μέν
1206 2107 1283 2132 νυν
1306 2113 1355 2120 —-
1382 2087 1519 2131 ἐπικέ-

852 2149 966 2201 σθαι]
1006 2152 1029 2188 i.
1051 2164 1082 2188 e.
1114 2150 1181 2186 luas
1210 2150 1350 2200 quidem
1383 2151 1518 2187 venisse

852 2209 981 2244 tributi
992 2207 1142 2257 ferendi
1161 2221 1291 2255 causa,
1323 2207 1415 2257 quod
1437 2206 1517 2243 Lu-

851 2266 954 2302 cinae
968 2278 1036 2315 pro
1061 2268 1242 2302 maturato
1255 2268 1368 2315 partu
1385 2267 1518 2314 pactae

842 2321 1012 2372 fuissent.
1043 2322 1099 2359 lta
1123 2321 1294 2370 Schwgh.
1324 2321 1394 2358 Est
1414 2334 1516 2368 vero,

850 2380 1003 2428 opinor,
1038 2378 1095 2417 hic
1125 2379 1365 2428 cogitandum
1394 2378 1443 2416 de
1470 2390 1515 2416 ea

851 2435 1020 2486 llithyia,
1061 2449 1176 2485 quae,
1217 2439 1258 2472 ut
1276 2435 1386 2486 paulo
1405 2439 1515 2472 antea

851 2493 1029 2541 diximus,
1067 2493 1225 2530 omnium
1252 2492 1437 2542 primitiva
1458 2496 1516 2529 est

851 2554 992 2598 mater,
1023 2564 1044 2588 e
1064 2562 1160 2599 qua,
1191 2554 1231 2586 ut
1250 2562 1270 2586 e
1288 2553 1396 2586 nocte
1414 2548 1515 2598 prin-

851 2607 952 2657 cipe,
997 2607 1035 2644 in
1055 2607 1170 2644 lucem
1200 2606 1371 2657 prodiere
1400 2617 1514 2669 quae-

852 2677 998 2713 cunque
1018 2666 1056 2701 in
1076 2663 1182 2702 terris
1202 2663 1374 2711 omnique
1401 2662 1437 2697 in
1457 2673 1516 2697 re-

853 2733 933 2758 rum
961 2725 1094 2757 natura
1122 2720 1405 2770 conspiciuntur.
1466 2716 1517 2753 Et

855 2790 899 2815 eo
924 2782 1092 2828 spectare
1117 2777 1265 2814 credam
1295 2774 1406 2812 verba
1432 2768 1524 2813 α’ντὶ
