1863 3256
463 234 1023 278 MELPOMENE.
1079 236 1142 274 IV.

1351 246 1434 284 623

179 349 360 402 δίκτυες,
378 347 450 392 καὶ
467 349 592 398 θῶες,
611 345 683 389 καὶ
700 344 935 402 πάνθηρες,
956 344 1026 388 καὶ
1047 343 1215 400 βόρυες,
1244 347 1315 389 καὶ
1336 365 1433 404 κρο-
1447 358 1490 392 10

177 419 365 463 κόδειλοι
396 419 505 463 ὅσον
533 434 578 462 τε
613 417 833 473 τριπήχεες
861 420 1077 472 χερσαῖοι,
1119 419 1216 472 τῇσι
1247 417 1434 474 σαύρῃσι

178 489 503 544 ἐμφερέστατοι·
524 489 596 533 καὶ
616 488 829 543 στρουθοὶ
847 486 1086 543 κατάγαιοι,
1108 488 1181 530 καὶ
1202 486 1325 543 ὄφιες
1344 500 1437 543 σμι-

147 558 295 610 3κροὶ,
321 558 450 613 κέρας
477 561 527 603 ἓν
556 560 737 609 ἕκαστος
766 559 942 614 ἔχοντες.
971 559 1106 601 ταῦτά
1135 574 1178 601 τε
1202 557 1254 614 δή
1277 557 1437 602 αὐτόθι

178 626 267 671 ἐστὶ
284 632 434 686 θηρία,
459 631 533 674 καὶ
552 629 661 685 ἅπερ
678 633 730 686 τῇ
751 628 869 685 ἄλλῃ,
893 628 1006 685 πλὴν
1022 629 1188 685 ἐλάφου
1206 646 1249 673 τε
1265 631 1338 674 καὶ
1355 628 1438 683 ὑός

124 787 209 825 VIII
247 789 384 838 (53),
427 790 494 832 35,
551 789 781 838 Intelligitur‚

124 851 296 883 monente
335 847 566 894 Leuckarto,
623 847 781 897 Hystrz'x

125 903 276 938 cristata
298 901 407 941 Linn.
436 903 522 954 (clas
551 903 782 940 Haubensta-

125 956 386 1010 chelsclewem),
425 972 520 1009 quae
545 973 612 1010 per
638 973 781 997 omnem

125 1011 283 1052 Africam
304 1016 623 1067 septentrionalem
645 1016 783 1067 reperi-

125 1074 185 1107 tur
199 1071 370 1120 frequens
389 1072 542 1122 aliisque
559 1073 666 1110 etiam
686 1073 783 1109 Afri-

125 1139 189 1164 cae
203 1128 366 1177 partibus
386 1136 569 1176 versatur,
600 1141 782 1178 quamque

125 1195 169 1220 ex
182 1183 300 1221 Africa
317 1185 396 1234 ipsa
418 1186 466 1221 ad
480 1185 648 1235 Europae
666 1190 781 1223 terras

124 1240 377 1278 meridionales
404 1244 646 1279 transvectam
672 1242 781 1279 fuisse

125 1296 251 1334 credas
273 1297 366 1335 licet.
404 1297 445 1334 In
463 1310 544 1347 sqq.
567 1298 720 1343 δίκτυες
742 1301 781 1334 et

126 1348 276 1403 βόρυες,
288 1354 348 1402 qui
362 1354 447 1400 sint,
459 1354 627 1402 equidem
639 1354 780 1402 ignoro,

124 1421 205 1446 cum
222 1409 320 1446 nulla
335 1409 420 1446 alibi
438 1410 563 1446 harum
584 1410 780 1446 bestiarum

123 1466 270 1502 mentio.
322 1465 433 1502 Tleoes
461 1466 509 1503 de
535 1466 665 1515 quibus
687 1466 779 1502 Plin.

123 1521 174 1558 H.
201 1521 251 1561 N.
288 1521 373 1558 VIII
403 1522 520 1570 (52),
557 1523 632 1568 34,
671 1522 730 1559 alii
758 1534 780 1558 a

122 1577 310 1614 Bocharto
328 1578 472 1615 excitati
490 1579 528 1614 in
547 1577 695 1615 Hieroz.
717 1578 781 1623 III,

127 1635 180 1674 12
209 1647 245 1683 p.
268 1632 350 1674 842
376 1647 482 1683 seq.,
517 1638 601 1671 sunt
630 1634 781 1680 claeacali,

126 1702 155 1726 s.
193 1689 272 1739 lupi
306 1692 455 1727 cervarii
490 1690 618 1738 (canis
655 1703 783 1727 aureus

125 1744 267 1794 Linn.).
325 1746 387 1784 Tu
424 1748 519 1784 conf.
548 1746 603 1793 11,
634 1749 687 1788 67
720 1748 781 1784 fin.

125 1802 237 1840 Italus
253 1803 431 1853 interpres
454 1803 544 1840 citat
556 1801 671 1840 Millin
681 1803 780 1842 Diss.

127 1871 189 1895 sur
215 1858 248 1896 le
267 1859 373 1897 Thoe
405 1860 442 1896 in
460 1860 586 1898 Journ.
610 1860 646 1896 d.
670 1860 780 1908 Phys.

125 1913 216 1953 Dec.
240 1917 347 1956 1787
365 1928 418 1953 nr.
432 1915 469 1956 5.
488 1937 544 1943 ——
560 1911 781 1965 πάνθηρες,

125 1971 212 2020 qui,
242 1976 412 2009 monente
433 1973 589 2009 Cuviero
621 1973 669 2009 ad
690 1972 780 2010 Plin.

125 2026 176 2064 H.
195 2026 243 2064 N.
264 2027 346 2064 VIII
365 2030 477 2076 (23),
501 2031 551 2068 17
568 2042 603 2078 p.
625 2029 705 2069 419
725 2029 781 2066 di-

126 2083 263 2132 stingui
282 2084 417 2121 debent
438 2097 460 2121 a
474 2086 680 2134 pantheris,
698 2084 779 2122 No-

126 2139 192 2176 stri
211 2144 315 2177 erunt
330 2139 445 2177 Pardz'
459 2141 634 2188 (Panther
651 2155 678 2178 s.
689 2140 781 2178 Leo-

121 2196 249 2247 pard).
307 2194 489 2234 Accurate
520 2199 567 2234 de
602 2198 656 2234 his
686 2211 781 2235 nunc

125 2252 308 2290 monuisse
319 2253 425 2290 video
440 2252 483 2289 A.
496 2253 538 2290 F.
549 2254 779 2303 Wiegmann.

126 2308 165 2345 in
185 2309 307 2347 Oken.
336 2308 402 2346 Isis
434 2311 537 2350 1831
575 2312 599 2350 3
629 2323 666 2360 p.
697 2313 779 2352 287

127 2376 231 2414 seqq.
240 2394 253 2412 ‚
297 2378 370 2415 quo
409 2366 563 2404 docente
599 2362 780 2418 πάνθηρ,

127 2421 192 2469 qui
214 2435 236 2458 a
256 2422 406 2459 Graecis
437 2423 674 2473 scriptoribus
696 2428 781 2461 ante

127 2475 361 2515 Aristotelem
379 2483 677 2516 commemoratur
700 2483 736 2517 et
760 2492 782 2517 a

129 2545 203 2582 quo
231 2534 402 2582 distingui
431 2535 544 2573 debet
574 2532 781 2588 πάρδαλις,

128 2589 366 2640 probabiliter
414 2595 471 2629 est
522 2590 619 2629 Felis
663 2591 781 2630 Uncia

131 2645 250 2683 Gmel.
273 2640 489 2696 πάρδαλις,
529 2649 627 2697 quod
647 2649 780 2686 animal

129 2702 283 2740 seriores
298 2702 520 2751 potissimum
535 2710 746 2754 memorant,
761 2719 783 2743 a

128 2757 269 2796 Latinis
285 2757 393 2806 vulgo
412 2759 575 2796 redditur
594 2762 783 2810 panthera,

129 2826 202 2863 quo
249 2814 379 2852 eodem
419 2815 593 2853 vocabulo
632 2818 781 2864 Plinius,

129 2870 246 2908 minus
273 2882 472 2921 sanequam
494 2875 683 2922 accurate,
728 2873 783 2912 al-

839 792 955 826 terum
1002 804 1149 841 quoque
1194 791 1326 829 animal
1380 793 1493 842 signi-

838 846 937 883 ficat.

894 918 963 941 και
980 898 1252 954 κροκόδειλοι
1241 900 1335 943 όσον
1353 919 1392 943 τε
1410 920 1492 956 τρι-

838 955 981 1009 πήχεες
1018 958 1204 1011 χερσαῖοι]
1263 961 1321 999 De
1358 961 1493 999 lacerta

839 1016 995 1052 stellzone
1026 1016 1132 1053 Linn.
1169 1017 1321 1064 cogitari
1355 1019 1491 1067 nequit.

837 1072 1054 1121 Intelligitur
1072 1073 1188 1118 euim,
1220 1078 1259 1109 ut
1276 1087 1333 1111 me
1348 1075 1493 1112 edocuit

837 1128 1084 1175 Leuckartus‚
1120 1129 1276 1166 Lacerta
1299 1129 1493 1167 Dracaena

836 1185 945 1222 Linn.
1003 1185 1270 1235 (Tupinambis
1327 1187 1491 1224 niloticus

836 1241 952 1288 Dau.,
978 1241 1142 1278 Varanus
1156 1242 1346 1279 Dracaena
1365 1243 1491 1291 Mem,

835 1298 1000 1335 Monitor
1019 1298 1067 1334 du
1088 1298 1149 1334 Nil
1179 1312 1225 1334 ou
1247 1299 1395 1342 Quaran
1417 1300 1492 1336 Cu-

835 1354 944 1401 vier.)
965 1354 1018 1390 vel
1041 1353 1147 1390 etiam
1165 1354 1396 1403 Tupz‘nambis
1413 1358 1493 1403 gri-

836 1423 913 1445 seus
953 1409 1048 1447 Dau.
1101 1410 1294 1456 (Varanus
1344 1412 1492 1449 scincus

836 1465 970 1513 Mem,
1027 1465 1191 1502 Monitor
1236 1472 1409 1505 terrestre
1455 1467 1491 1504 d'

835 1522 983 1572 Egypte
1021 1523 1152 1568 Cnv),
1193 1523 1262 1559 nisi
1298 1528 1492 1573 utramque

838 1580 958 1629 potius
1000 1579 1151 1615 bestiam
1185 1579 1336 1616 indicari
1367 1581 1494 1617 existi-

839 1647 926 1672 mes.
984 1634 1043 1672 De
1079 1635 1151 1683 qua
1186 1647 1252 1684 per
1281 1635 1491 1685 Aegyptum

838 1691 1017 1740 frequenti
1048 1690 1206 1740 Prosper
1234 1690 1351 1741 Alpin.
1388 1696 1490 1729 Rerr.

838 1747 1013 1797 Aegyptt.
1025 1747 1123 1784 Libr.
1142 1747 1190 1783 lv
1207 1760 1242 1796 p.
1254 1750 1336 1788 217
1348 1747 1490 1797 (Lugd.

838 1805 922 1841 Bat.
946 1804 1064 1849 1735,
1077 1802 1133 1851 4.)
1158 1803 1231 1841 sic:
1250 1804 1421 1850 „Animal
1439 1805 1493 1840 Ia·

837 1865 1017 1898 certorum
1047 1864 1218 1897 terrestre
1244 1861 1425 1897 crocodilo
1444 1861 1491 1897 si-

837 1917 968 1954 mile.“
1006 1916 1065 1953 Tu
1088 1917 1159 1952 vid.
1181 1928 1326 1965 quoque
1346 1917 1490 1954 Cuvier.

837 1974 885 2011 ad
905 1973 996 2010 Plin.
1018 1973 1065 2009 H.
1085 1971 1134 2009 N.
1157 1972 1254 2018 VIII,
1275 1974 1329 2013 37
1350 1973 1490 2022 p.442.

837 2050 893 2060 —-
932 2030 992 2067 Tu
1031 2029 1124 2065 conf.
1171 2030 1281 2066 etiam
1321 2029 1490 2066 Bochart.

837 2085 986 2124 Hieroz.
1004 2086 1067 2130 III,
1095 2088 1113 2125 1
1141 2098 1177 2135 p.
1200 2087 1308 2126 1060
1331 2098 1432 2134 seqq.
1455 2090 1492 2122 et

836 2142 979 2179 Herod.
1003 2142 1048 2188 lI,
1070 2143 1135 2181 69.
1177 2141 1244 2179 Cr.
1268 2142 1397 2178 citarat
1419 2142 1493 2178 Co·-

837 2198 976 2236 lomesii
999 2199 1123 2247 Opera
1145 2199 1202 2234 ed.
1224 2198 1251 2234 1.
1270 2197 1313 2234 A.
1334 2198 1492 2235 Fabricii

836 2268 874 2306 p.
892 2257 984 2295 831.
999 2256 1078 2294 832
1095 2254 1216 2303 ibique
1232 2253 1327 2291 laud.
1340 2255 1492 2291 Salmas.

837 2312 885 2348 ad
913 2311 1027 2347 Solin.
1058 2323 1144 2360 pag.
1167 2312 1260 2351 873.
1313 2309 1373 2346 Ad
1401 2308 1492 2363 τῇσι

839 2363 1009 2421 σαύρῃσι
1029 2368 1122 2403 conf.
1142 2371 1233 2403 nott.
1255 2368 1302 2403 ad
1321 2367 1383 2413 lv,
1400 2368 1491 2407 183.

836 2444 892 2451 --
913 2423 1098 2473 Serpentes
1117 2427 1272 2460 cerastas
1291 2424 1492 2462 invenimus

838 2492 947 2530 supra
968 2481 1012 2527 ll,
1033 2480 1098 2521 74

895 2533 994 2588 άπερ
1014 2539 1062 2589 τῇ
1086 2533 1199 2590 άλλη]
1241 2536 1299 2573 Cf.
1325 2535 1400 2582 III,
1427 2537 1491 2575 61.

836 2592 919 2631 Duo
937 2593 1091 2631 Parisini
1109 2589 1206 2631 ἄλλα
1221 2595 1271 2646 τῆ
1288 2589 1398 2645 άλλη,
1416 2591 1492 2637 ubi,

838 2655 1010 2687 monente
1022 2649 1202 2698 Schwgh„
1219 2650 1378 2698 oportuit
1395 2644 1492 2684 ἅλλα

840 2702 940 2757 ἅπερ
959 2708 1009 2760 τῇ
1028 2703 1146 2760 άλλῃς
1180 2706 1277 2741 unde
1294 2704 1415 2754 potius
1434 2714 1492 2738 re-

839 2763 1074 2812 fingendum,
1120 2765 1269 2798 auctore
1296 2758 1442 2794 Struvi(
1474 2756 1490 2793 1

838 2820 1033 2869 p.12.13
1060 2816 1127 2855 καὶ
1161 2811 1282 2866 τάπερ
1310 2815 1360 2866 τῆ
1393 2810 1490 2866 άλλῃ

839 2879 903 2912 aut
921 2872 989 2914 καὶ
1005 2870 1123 2912 τάλλα
1141 2867 1262 2924 τάπερ
1285 2871 1333 2924 τῇ
1353 2865 1461 2924 ἄλλῃ.
