1946 3272
575 269 924 312 THALIA.
983 272 1047 311 111.

1364 280 1445 320 131

174 386 255 442 ἔχω
284 381 416 433 αὐτὸς
445 382 607 436 σκῆψιν
627 377 1001 437 εὐπρεπεστάτην,
1031 383 1086 438 τῇ
1103 379 1316 437 πάριμεν·
1362 385 1505 439 φάς7ο

174 457 271 513 ἄρτι
298 470 342 498 τε
369 452 491 508 ἥκειν
522 450 569 495 ἐκ
601 453 828 506 Περσέων,
870 452 946 495 καὶ
982 451 1228 508 βούλεσθαί
1267 470 1309 496 τι
1346 453 1450 507 ἔπος

145 525 295 582 6παροὶ
331 526 413 567 τοῦ
452 522 616 578 πατρὸς
657 526 847 580 σημῇναι
875 526 937 580 τῷ
967 526 1148 580 βασιλέϊ.
1209 524 1320 569 ἔνθα
1362 525 1449 582 γάρ

170 615 211 642 τι
240 599 306 640 δεῖ
331 597 496 647 ψεῦδος
526 594 750 649 λέγεσθαι,
801 594 1007 651 λεγέσθω.
1066 599 1149 639 τοῦ
1190 594 1275 652 γὰρ
1307 596 1450 642 αὐτοῦ

169 665 426 726 γλιχόμεθα,
468 667 517 709 οἵ
550 682 595 709 τε
630 664 919 722 ψευδόμενοι,
965 667 1040 710 καὶ
1083 668 1127 710 οἱ
1164 672 1218 725 τῇ
1256 666 1505 727 ἄληθηΐῃ75

139 747 162 782 7
171 736 492 794 διαχρεώμενοι.

553 739 597 781 οἱ
625 737 705 794 μέν
733 754 781 794 γε
810 737 1052 790 ψεύδονται
1079 738 1200 792 τότε,
1245 740 1377 786 ἐπεάν
1405 760 1448 787 τι

166 809 351 867 μέλλωσι
376 813 490 853 τοῖσι
518 808 700 860 ψεύδεσι
728 811 952 861 πείσαντες
981 810 1295 866 κερδήσεσθαι·
1338 815 1383 857 οἱ
1412 812 1448 858 δ’

164 881 469 938 ἀληθίζονται,
506 882 579 924 ἴνα
608 897 650 924 τι
678 884 733 938 τῇ
771 881 965 939 α’ληθηΐῃ
996 881 1322 928 ἐπισπάσωνται
1351 885 1449 941 κέρ-

135 956 269 1006 8δος,
316 954 391 997 καί
428 970 470 996 τι
507 950 674 1008 μᾶλλόν
713 963 839 1009 σφισι
877 952 1178 1010 ἐπιτράπηται.
1237 956 1353 1000 οὕτω
1391 955 1448 1001 οὐ

162 1024 299 1071 ταύτά
330 1023 582 1077 ἀσκέοντες,
612 1023 787 1069 τώυτοῦ
816 1024 1119 1081 περιεχόμεθα.
1173 1026 1211 1070 εἰ
1241 1027 1287 1071 δὲ
1312 1028 1504 1085 μηδὲνὸο

162 1097 452 1154 κερδήσεσθαι
482 1095 700 1153 μέλλοιεν,
731 1096 895 1152 ὁμοίως
916 1095 971 1140 ἂν
1002 1097 1027 1141 ὅ
1051 1114 1096 1141 τε
1116 1096 1445 1156 ἀληθιζόμενος,

135 1169 335 1226 9ψευδὴς
364 1170 451 1226 εἴη,
484 1168 558 1212 καὶ
588 1166 612 1212 ὁ
636 1166 932 1223 ψευδόμενος,
964 1167 1147 1226 ἀληθής.
1206 1168 1256 1221 ὂς
1281 1169 1337 1213 ἂν
1365 1171 1447 1228 μέν

164 1257 251 1284 νυν
287 1244 377 1284 τῶν
406 1243 643 1296 πυλουρῶν
671 1238 786 1283 ἑκών
814 1240 973 1297 παρίῃ,
1021 1238 1141 1298 αὐτῷ
1180 1240 1225 1284 οἱ
1264 1239 1447 1299 ἄμεινον

164 1390 268 1431 ἔνθα
296 1388 371 1445 γάρ
397 1408 433 1432 τι
456 1393 520 1433 δεῖ
536 1394 693 1444 ψεῦδος
715 1391 774 1432 λε’-

106 1453 271 1502 γεσθαι,
312 1448 514 1501 λεγέσθω]
578 1450 682 1488 Haec
712 1463 776 1488 ex-

106 1507 249 1557 scripsit
262 1507 444 1545 Stobaeus
463 1507 547 1554 XII,
561 1509 613 1548 23
628 1521 665 1558 p.
681 1506 774 1555 141,

108 1576 137 1600 s.
156 1576 193 1614 p.
216 1566 298 1604 317
327 1564 372 1601 T.
392 1565 407 1602 Ι
442 1566 501 1602 ed.
520 1565 638 1602 Gaisf.
652 1594 664 1613 ,
712 1564 775 1602 ubi

106 1620 288 1658 invenitur
336 1620 420 1660 καὶ
460 1623 638 1659 insertum
689 1625 776 1660 ante

107 1677 273 1727 ψεῦδος.
334 1678 411 1715 Sed
432 1678 602 1716 Eustath.
627 1679 675 1716 ad
693 1678 775 1715 Ho-

107 1746 195 1772 mer.
231 1748 268 1784 p.
296 1736 375 1776 188
396 1748 424 1772 s,
449 1734 541 1781 143,
565 1737 582 1773 1
607 1740 645 1773 et
676 1737 771 1782 628,

109 1793 135 1832 8
162 1804 189 1827 S·
216 1791 312 1837 482,
340 1790 394 1832 47
426 1805 507 1829 cum
545 1791 691 1841 vulgata
722 1792 773 1829 le-

105 1847 226 1885 ctione
247 1849 428 1886 convenit.
470 1850 557 1899 Ipsa
587 1849 771 1886 sententia

106 1916 193 1942 vere
213 1904 367 1952 Graeca,
395 1905 539 1954 qualem
555 1905 612 1942 vix
632 1907 771 1956 proba-

106 1960 178 1998 bile
206 1965 262 1998 est
287 1961 438 2003 Persam
468 1962 655 1999 hominem
689 1975 772 1999 esse

107 2016 314 2065 elocutum,
356 2032 435 2056 cum
463 2020 655 2057 mendacio
683 2018 772 2056 nihil

106 2074 246 2124 turpius
273 2076 372 2125 apud
402 2075 535 2113 Persas
562 2076 771 2122 haberetur,

106 2134 202 2169 teste
220 2132 300 2182 ipso
320 2132 513 2170 Herodoto
534 2133 561 2180 l,
587 2134 680 2180 138,
711 2133 772 2169 ubi

105 2187 177 2224 vid.
201 2192 295 2226 nott.
331 2189 475 2227 Graeca
494 2190 564 2227 huc
581 2190 700 2240 potius
717 2191 772 2227 fa-

106 2243 226 2291 ciunt,
273 2257 368 2295 quae
396 2251 544 2284 exstant
571 2247 672 2297 apud
700 2247 772 2282 So-

107 2300 227 2351 phocl.
252 2301 446 2341 Philoctet.
472 2306 551 2344 107
588 2304 666 2340 coll.
692 2303 771 2341 He

107 2356 235 2396 liodor.
255 2359 425 2409 Aethiop.
449 2360 474 2407 Ι,
509 2362 561 2401 26
585 2374 621 2411 p·
646 2360 699 2401 43
726 2360 769 2397 C·

107 2412 204 2452 Nam
231 2416 324 2454 hanc
352 2418 568 2455 sententiam
590 2430 634 2454 ex
652 2418 694 2454 iis
717 2418 771 2454 fu-

107 2470 200 2519 isse,
231 2485 325 2522 quae
345 2486 412 2522 per
433 2474 627 2511 Graeciam
649 2474 772 2511 rheto-

108 2538 185 2564 rum
221 2533 259 2566 et
285 2529 528 2579 sophistarum
564 2531 600 2567 in
632 2530 771 2567 circulis

109 2584 261 2623 maxime
279 2587 525 2635 agitarentur,
556 2588 645 2624 satis
666 2601 770 2625 mon-

112 2642 226 2677 strant
244 2642 431 2681 Platonica
448 2645 484 2682 in
505 2644 610 2681 Polit.
635 2644 680 2691 ll,
704 2648 769 2686 21.

111 2694 175 2741 ΠΙ,
192 2698 231 2744 3,
257 2699 316 2736 ubi
337 2699 488 2748 plurima
511 2701 582 2738 alia
602 2702 770 2739 excitavit

111 2749 190 2790 Ast.
212 2766 247 2803 p-
267 2754 348 2795 449.
364 2769 441 2806 seq.
468 2757 519 2808 (a
549 2758 615 2795 Cr.
641 2757 771 2795 lauda-

112 2809 214 2856 tus),
258 2810 469 2851 Herodoteo
493 2815 561 2852 hoc
592 2815 672 2851 loco
695 2828 769 2852 non

110 2867 376 2912 praetermisso.
444 2871 549 2914 Quae
596 2885 677 2909 curn
718 2872 771 2909 ita

111 2920 202 2968 sint,
229 2934 272 2960 ea
293 2930 459 2974 quoque,
489 2940 585 2977 quae
600 2929 770 2966 continuo

831 1395 1034 1443 sequuntur
1062 1393 1112 1431 ad
1141 1394 1365 1432 sententiam
1403 1394 1503 1433 illam

831 1450 907 1488 sive
942 1450 1194 1500 explicandam
1230 1451 1307 1488 sive
1339 1452 1503 1501 proban-

832 1507 940 1554 dam,
979 1507 1235 1558 Sophistarum
1273 1507 1501 1547 Graecorum

830 1577 899 1615 pro
932 1576 1034 1601 more
1063 1564 1180 1612 dicta,
1213 1567 1277 1601 aut
1307 1578 1434 1603 eorum
1456 1578 1502 1605 ex

832 1621 1141 1672 disputationibus
1177 1621 1336 1672 repetita
1372 1623 1502 1661 viden-

830 1681 902 1715 tur.
924 1699 975 1706 ——
1003 1677 1063 1715 De
1088 1682 1271 1715 structura
1297 1679 1396 1716 verbi
1416 1680 1500 1732 γλί-

829 1738 974 1785 χεσθαι
994 1734 1148 1772 diximus
1168 1735 1217 1772 ad
1240 1734 1286 1781 Il,
1309 1737 1410 1783 1023
1451 1737 1501 1775 de

829 1792 942 1828 futuri
979 1793 1097 1828 forma
1142 1791 1180 1828 in
1228 1788 1501 1843 κερδήσεσθαι

829 1848 973 1885 monuit
1002 1847 1137 1885 Matth.
1161 1847 1228 1885 Gr.
1252 1848 1319 1886 Gr.
1341 1863 1377 1899 p.
1402 1849 1498 1892 469.

827 1904 890 1942 Ad
918 1905 1029 1942 verba
1052 1903 1206 1943 ἑωυτοῦ
1229 1901 1500 1958 περιεχόμεθα

828 1962 924 1999 conf.
945 1961 1008 2010 ΙΙΙ,
1031 1962 1098 2001 53.

886 2015 990 2057 ἑκών
1041 2017 1193 2071 παρίῃ]
1274 2017 1499 2058 Mendosum

831 2076 978 2127 παρείη
993 2075 1107 2112 abieci
1120 2088 1201 2112 cum
1225 2080 1380 2113 recentt.
1398 2077 1499 2124 edd„

826 2132 1009 2183 probante
1031 2132 1185 2170 Werfer.
1218 2132 1255 2169 in
1273 2131 1372 2170 Actt.
1392 2133 1496 2184 phill.

827 2189 993 2226 Monacc.
1016 2189 1046 2235 Ι,
1067 2190 1094 2228 2
1123 2202 1159 2238 p.
1182 2188 1276 2229 245.
1325 2190 1499 2239 Requiri-

825 2250 885 2283 tur
907 2247 1003 2284 enim
1024 2246 1276 2283 coniunctivus
1301 2247 1400 2283 verbi
1422 2262 1498 2285 πα-

829 2301 979 2352 ριέναι,
1018 2303 1120 2351 quod
1145 2302 1259 2339 valet:
1308 2305 1499 2340 transetum

829 2361 929 2407 (lare,
948 2359 1088 2396 aditum
1104 2361 1316 2409 permutet-e.
1349 2360 1390 2397 ln
1410 2374 1499 2411 pro-

828 2418 924 2454 xime
953 2429 1058 2465 seqq.
1093 2411 1202 2468 αὐτῷ
1232 2431 1270 2455 οι
1297 2429 1377 2454 cum
1408 2430 1499 2466 qua-

829 2475 913 2511 dam
933 2474 968 2510 vi
986 2472 1189 2523 prolatum,
1220 2477 1259 2509 ut
1279 2474 1315 2509 in
1336 2473 1497 2511 Pausan.

828 2531 856 2578 l,
880 2533 933 2572 20
956 2528 992 2580 ξ.
1020 2532 1057 2577 1,
1084 2530 1147 2566 ubi
1167 2529 1351 2566 Herodoti
1371 2531 1499 2567 memi-

829 2588 883 2624 nit
900 2586 1067 2624 Siebelis.
1096 2608 1141 2614 —
1177 2587 1236 2623 Ad
1260 2583 1426 2636 ἄμεινον
1449 2586 1496 2624 cf.

829 2644 893 2691 ΠΙ,
910 2647 977 2684 71.
1000 2664 1054 2672 ——
1075 2642 1114 2689 ἒς
1136 2638 1284 2694 χρόνον
1305 2644 1363 2680 hic
1381 2644 1498 2693 signi-

828 2701 932 2738 ficat:
969 2702 1008 2737 in
1036 2704 1236 2750 posterum,
1265 2705 1304 2737 ut
1324 2700 1406 2746 Vll,
1429 2703 1495 2741 29.

828 2758 896 2804 lX,
920 2758 972 2797 89
996 2759 1077 2794 coll.
1102 2757 1164 2804 Ill,
1183 2757 1246 2796 65.
1272 2777 1325 2784 --
1362 2757 1402 2793 ln
1424 2757 1496 2792 fine

829 2827 907 2865 cap.
927 2827 1007 2851 cum
1027 2814 1230 2862 Schweigh.
1250 2818 1286 2850 et
1299 2814 1414 2849 Gaisf.
1438 2824 1496 2848 re-

828 2872 909 2922 cepi
929 2867 1253 2917 διαδεικνύσθω,
1298 2869 1360 2906 ubi
1384 2867 1494 2915 vulgo

829 2923 1074 2967 δεικνύσθω.
1113 2927 1171 2965 De
1194 2927 1295 2963 verbi
1315 2928 1494 2961 structura

1154 2980 1214 3023 9.
