1946 3272
565 269 910 310 THALIA.
970 271 1034 312 111.

1353 279 1434 319 129

161 387 222 439 εἷς
250 403 293 431 τε
321 376 482 438 πατρὸς
511 379 711 437 οἷγαθοῦ,
753 379 829 425 καὶ
857 379 1083 436 ἐκφαίνειν
1120 379 1267 432 ἔοικας
1296 392 1435 426 σεωυ-

131 458 246 501 5τὸν
287 454 411 500 ἐόντα
455 455 536 496 τοῦ
580 451 745 506 πατρὸς
793 449 927 495 οὐδὲν
967 450 1101 508 ἥσσω.

1167 450 1248 508 τήν
1285 453 1437 508 μέντοι

161 527 421 583 ἐπιχείρησιν
458 523 623 580 ταύτην
669 522 728 579 μὴ
773 522 889 567 οὕτω
938 521 1176 578 συντάχυνε
1220 521 1438 579 ἀβούλως,

161 596 257 642 ἄλλ’
289 595 356 639 ἐπὶ
385 594 433 639 τὸ
463 595 827 650 σωφρονέστερον
857 591 994 650 αὐτὴν
1013 592 1222 650 λάμβανε.
1270 596 1338 639 δεῖ
1351 594 1438 651 γὰρ

131 670 348 717 6πλεῦνας
377 666 663 723 γενομένους,
695 666 813 710 οὕτω
841 666 1133 722 ἐπιχειρέειν.“
1174 664 1305 721 Λέγει
1326 664 1494 721 πρός45

158 742 294 799 ταῦτα
323 741 509 793 Δαρεῖος
524 752 533 762 ·

594 736 801 794 ,,”Ανδρες
830 739 875 781 οἱ
903 737 1168 793 παρεόντες,
1198 735 1345 797 τρόπῳ
1376 739 1439 797 τῷ

157 807 366 866 εἰρημένῳ
409 808 453 862 ἐξ
488 807 677 853 Ὀτάνεω
727 810 764 852 εἰ
803 807 1044 866 χρήσεσθε,
1095 808 1330 853 ἐπίστασθε
1371 808 1439 853 ὅτι

156 878 392 925 ἀπολέεσθε
417 879 611 924 κάκιστα.
674 881 828 933 ἐξοίσει
862 879 948 936 γάρ
986 897 1052 932 τις
1088 879 1202 936 πρὸς
1230 879 1310 925 τὸν
1339 879 1438 924 Μά-

126 959 262 1009 7γον,
301 953 390 1009 ἰδίῃ
433 952 800 1010 περιβαλλόμενος
838 951 990 1009 ἑωυτῷ
1027 951 1194 1006 κέρδεα.
1253 951 1440 1009 μάλιστα

156 1022 237 1080 μέν
283 1039 368 1067 νυν
416 1022 621 1080 ὠφείλετε
666 1022 737 1068 ἐπ’
790 1022 939 1081 ὑμέων
995 1021 1145 1068 αὐτῶν
1199 1023 1441 1082 βαλόμενοι

97 1158 278 1211 proderit)
301 1159 434 1197 Matth.
451 1160 516 1197 Gr.
533 1161 599 1198 Gr.
622 1159 769 1213 §.457,

102 1219 141 1259 3.
171 1216 267 1254 Add.
286 1216 351 1263 ΙΙΙ,
373 1218 429 1257 72
451 1217 511 1254 fin.
532 1220 599 1258 82.
637 1219 704 1264 ΙΧ,
731 1218 770 1258 5

162 1269 219 1319 εἷς
253 1287 293 1311 τε
327 1269 477 1323 πατρός
509 1269 670 1325 α’γαθοῦ
701 1273 770 1313 καὶ

104 1329 310 1379 ἐκφαίνειν
344 1328 494 1382 ἔοικας]
541 1332 687 1369 Graeca
715 1331 770 1368 vi-

103 1389 210 1425 detur
245 1388 451 1434 sententia,
489 1387 611 1425 Persis
636 1388 717 1425 11.1.
747 1401 770 1426 a

104 1444 249 1481 Graeco
272 1456 391 1481 rerum
418 1444 596 1494 scriptore
616 1446 769 1484 tributa.

105 1500 190 1545 Quo
209 1500 298 1537 facit
318 1500 453 1538 locutio
477 1497 592 1541 αὐτοί
610 1517 651 1540 τε
675 1497 770 1554 ἄγα-

104 1556 178 1596 θοὶ
206 1555 272 1595 καὶ
305 1556 344 1605 ἐξ
373 1552 566 1607 α’γαθων,
613 1560 660 1597 de
696 1573 770 1609 qua

103 1613 299 1652 Heindorf
323 1615 370 1651 ad
390 1614 483 1652 Plat.
502 1615 659 1654 Phaedr.
682 1629 770 1667 pag.

105 1670 188 1713 248
209 1671 256 1707 ad
277 1671 393 1720 Gorg.
415 1685 501 1721 pag.
522 1674 614 1715 227.

164 1722 254 1766 ἄλλ’
280 1726 345 1766 ἐπὶ
373 1743 415 1766 το
446 1728 772 1782 σωφρονέστερον

108 1799 236 1835 αυτην
259 1782 452 1836 λάμβανε]
487 1786 528 1823 Ιη
554 1787 718 1837 Thucy.d
742 1787 771 1835 Ι,

107 1843 161 1882 31
185 1841 291 1878 simili
307 1843 417 1879 modo
439 1843 507 1880 sibi
534 1845 673 1894 opponi
696 1855 773 1883 σω-

109 1893 296 1949 φροσύνη
327 1902 364 1936 et
394 1893 567 1949 α’βουλία
600 1901 774 1938 observat

108 1954 433 2003 Schwei011.Ad
469 1957 774 2005 significationem

107 2012 211 2049 verbi
241 2007 462 2063 λαμβανειν
480 2014 637 2058 faciunt,
679 2027 775 2064 quae

109 2069 158 2107 ad
177 2068 362 2106 Plutarch.
383 2068 496 2106 Alcib.
515 2084 551 2121 p.
573 2072 652 2112 168
667 2071 775 2109 colle-

110 2126 240 2175 gimus.
286 2125 376 2163 Mox
397 2127 494 2164 edidi
517 2141 597 2165 cum
621 2132 779 2171 recentt.

110 2182 194 2220 edd.
213 2176 438 2221 Ὀτάνεω.
479 2184 589 2221 Conf.
612 2189 705 2222 nott.
727 2185 775 2222 ad

110 2238 175 2286 ΙΙΙ,
196 2241 262 2278 70.
311 2240 404 2277 Cum
432 2241 578 2278 vocibus
614 2236 774 2280 α’πολέε-

113 2299 187 2334 σθε
212 2290 381 2334 κάκιστα
411 2310 663 2348 comparamus
692 2298 775 2335 Ari-

112 2352 300 2403 stephanis
319 2353 425 2391 illud:
458 2356 488 2392 ὠ
508 2350 656 2393 κάκιστ’
676 2351 775 2394 oino-

112 2406 325 2460 λουμενος,
367 2411 414 2448 de
433 2424 505 2460 quo
530 2413 572 2449 C.
596 2412 656 2448 Ir
678 2413 775 2449 Her-

113 2478 233 2503 mann.
262 2467 310 2503 ad
328 2466 479 2505 Lucian.
504 2468 563 2507 De
585 2469 665 2505 hist.
688 2482 775 2507 con-

114 2523 217 2560 scrib.
239 2536 323 2573 pag.
346 2523 435 2564 105.

171 2577 309 2626 ἐξοίσει
340 2576 417 2632 γάρ
447 2580 528 2632 τις]
578 2580 775 2632 ἐκφέρειν,

117 2636 157 2670 ut
180 2636 276 2685 apud
295 2635 448 2674 Latinos
472 2638 616 2687 efferre,
644 2640 777 2676 dicitur

119 2689 166 2726 de
196 2694 336 2728 arcanis
364 2695 559 2744 vulgamlis
573 2725 587 2743 ,
627 2709 655 2733 s,
684 2695 777 2744 effu-

120 2746 257 2783 tiendz's.
296 2748 405 2787 Plura
436 2753 510 2789 dixi
537 2753 573 2789 in
602 2750 778 2792 Creuzeri

119 2800 263 2840 Melett.
286 2805 335 2841 ΙΙΙ
357 2819 392 2855 p.
416 2810 481 2850 82.
520 2807 616 2846 Add.
638 2809 778 2846 Herod.

120 2857 185 2905 ΙΙΙ,
210 2858 264 2899 74
284 2864 319 2896 et
346 2861 391 2908 ΙΙ,
420 2866 520 2913 170,
552 2866 616 2903 ubi
648 2867 779 2904 eodem

121 2927 230 2952 sensu
252 2913 508 2969 ἐξαγορεύειν.

176 2971 385 3010 HERODOT.
423 2976 468 3014 II.

886 1157 969 1214 ἰδίῃ
994 1155 1377 1225 περιβαλλόμενος
1358 1161 1498 1214 εωυτῷ

826 1199 990 1267 κέρδεα]
1052 1211 1370 1267 περιβάλλεσθαι
1408 1217 1444 1254 11.
1467 1201 1496 1255 i.

826 1272 947 1310 vaiet.
977 1273 1048 1309 sebi
1066 1286 1282 1323 comparare,
1303 1275 1497 1324 acquerere

827 1330 886 1367 Cf.
910 1329 1010 1376 VIII,
1034 1332 1060 1371 8
1080 1335 1117 1368 et
1133 1330 1290 1368 Pausan.
1311 1331 1391 1377 V,11
1413 1329 1497 1382 δῇ.

828 1385 873 1427 5:
906 1381 956 1425 δυ
950 1401 1093 1437 ναμιν,
1125 1383 1180 1438 ἡν
1200 1386 1266 1427 ἐπὶ
1292 1388 1498 1426 Φιλίππου

826 1440 1139 1494 περιεβάλοντο,
1169 1444 1231 1481 ubi
1253 1444 1411 1483 Siebelis
1430 1457 1499 1482 no-

827 1500 893 1537 stri
914 1500 984 1537 loci
1000 1514 1074 1538 non
1093 1501 1188 1538 fuit
1179 1514 1382 1539 Immemor.
1413 1498 1499 1539 Alia

827 1557 914 1594 dedi
943 1556 1049 1608 plura
1085 1558 1134 1595 ad
1150 1557 1245 1595 Plut.
1267 1558 1498 1610 Philopoem.

831 1616 899 1661 17,
922 1627 1007 1665 pag.
1030 1616 1096 1657 62.

887 1667 1056 1721 μάλιστα
1097 1669 1170 1723 μέν
1204 1686 1280 1711 νυν
1310 1666 1500 1722 ω’φείλετε

829 1723 897 1767 ἐπ’
933 1725 1070 1779 ’ὑμέων
1106 1723 1239 1768 αὐτῶν
1283 1725 1501 1780 βαλόμενοι

830 1782 982 1823 ποιέειν
1010 1784 1156 1835 ταῦτα]
1197 1785 1294 1823 Dedi
1329 1799 1410 1823 cum
1442 1798 1501 1824 re·

832 1846 942 1879 centt.
1002 1842 1087 1879 edd.
1151 1837 1347 1892 ω’φείλετε
1401 1841 1501 1893 (pro

832 1893 1035 1947 ὀφείλετε)
1065 1903 1101 1936 et
1126 1895 1368 1950 βαλόμενοι,
1400 1901 1501 1936 cuius

831 1954 912 1992 loco
960 1955 1033 1992 duo
1085 1956 1167 1993 libri
1205 1951 1499 2007 βαλλόμενοι.

833 2012 933 2049 Olim
954 2011 1065 2061 xuigo
1085 2010 1337 2081 βουλόμενοι.
1376 2014 1502 2063 Ipsam

832 2068 1055 2106 locutionem
1083 2063 1148 2118 ἐφ’
1182 2068 1329 2109 ἑαυτοῦ
1361 2065 1502 2120 βαλλε-

834 2129 956 2174 σθαι,
985 2139 1094 2175 quam
1120 2127 1330 2164 Gronovius
1347 2126 1380 2163 h.
1404 2126 1425 2163 1.
1446 2127 1503 2163 in-

831 2186 1070 2232 terpretatur:
1113 2196 1152 2220 m
1170 2197 1206 2220 se
1226 2186 1339 2234 ipsum
1361 2183 1503 2233 alequid

832 2241 1001 2289 recipere,
1042 2241 1176 2277 rectius
1199 2241 1261 2278 Tu
1283 2241 1504 2290 interprete-

831 2297 881 2333 ris
906 2309 985 2332 cum
1004 2296 1210 2346 Schweigh.
1234 2298 1408 2347 aliisque:
1450 2310 1503 2333 se-

833 2365 910 2390 cum
929 2353 1141 2400 deliberare,
1173 2354 1252 2391 aliis
1271 2368 1320 2391 sc.
1342 2367 1418 2390 non
1436 2354 1504 2390 ad-

832 2410 972 2457 missis,
1003 2411 1175 2457 adscitis3
1220 2416 1259 2448 ut
1283 2411 1341 2447 hic
1364 2410 1434 2447 loci
1456 2410 1504 2447 sit

832 2479 982 2504 sensus:
1022 2467 1085 2504 hoc
1107 2467 1231 2518 facere
1262 2467 1440 2504 debebatis
1466 2480 1505 2503 re

835 2536 912 2560 cum
951 2525 1086 2561 nemine
1121 2525 1195 2561 alio
1232 2526 1502 2569 communicata,

829 2583 974 2632 proprio
1005 2581 1173 2627 consilio,
1213 2582 1388 2618 vobiscum
1421 2581 1505 2617 solis

835 2637 1076 2676 deliberantes.
1107 2639 1216 2676 Cous.
1227 2651 1321 2687 quae
1332 2637 1504 2686 Schwgh.

836 2695 942 2732 citat:
984 2695 1058 2742 ΙΙΙ,
1092 2695 1185 2736 155.
1226 2695 1299 2741 IV,
1326 2696 1417 2735 160.
1458 2693 1505 2738 V,

836 2753 902 2792 73.
946 2751 1006 2790 De
1026 2752 1299 2802 praepositione
1324 2749 1388 2790 ἐπὶ
1408 2750 1504 2787 conf.

837 2812 928 2845 nott.
947 2809 996 2845 ad
1016 2809 1043 2856 l,
1059 2811 1160 2855 1423
1187 2809 1233 2846 de
1252 2809 1363 2846 verbo
1385 2805 1506 2856 ὑπερ-

836 2865 1030 2903 τίθεσθαι
1061 2865 1089 2913 l,
1115 2867 1140 2906 8
1174 2869 1212 2903 et
1240 2864 1418 2901 Valcken.
1457 2861 1506 2897 ad

837 2921 980 2960 Herod.
1001 2922 1082 2970 VlI,
1104 2923 1141 2963 8.
1166 2945 1217 2951 —
1250 2920 1308 2957 Ad
1333 2915 1504 2970 κατερέω
