1863 3256
543 283 883 324 THALIA.
943 285 1006 321 111.
1331 294 1414 332 225

134 398 270 452 μῆσαι
298 394 377 438 τόν
406 391 692 449 Πολυκράτεα
722 388 842 449 παρόὶ
878 392 956 437 τὸν
981 391 1179 448 Ὀροίτεα
1197 408 1206 417 ·
1255 397 1328 438 καὶ
1358 399 1410 453 δὴ

134 467 207 510 καὶ
239 466 384 515 ἰόντος
416 463 554 508 αὐτοῦ
595 463 663 507 ἐπὶ
707 462 787 519 τήν
823 463 1173 522 πεντηκόντερον
1201 463 1414 522 ἐπεφημί-

106 539 243 588 8ζετο.
305 533 328 578 ὁ
359 534 405 578 δέ
436 537 479 578 οἱ
507 534 736 593 ἠπείλησε,
765 532 821 589 ἢν
852 538 940 587 σῶς
970 534 1275 592 ἀπονοστήσῃ,
1314 541 1472 580 nost-20

105 606 217 650 4λόν
244 622 320 662 μιν
348 605 511 660 χρόνον
541 605 909 661 παρθενεύεσθαι.
967 606 993 664 ἡ
1026 607 1072 651 δὲ
1101 606 1295 664 ἠρήσατο
1326 608 1413 652 ἐπι·

133 677 256 721 τελέα
292 681 429 720 ταῦτα
457 679 686 733 γενέσθαι·
746 677 989 734 βούλεσθαι
1026 677 1111 734 γὰρ
1149 679 1413 734 παρθενεύε-

0 754 87 802 [25
134 754 238 793 σθαι
268 748 383 792 πλέω
424 749 590 806 χρόνον
619 749 647 806 ἢ
685 753 767 793 τοῦ
795 749 960 804 πατρὸς
989 749 1261 806 ἐστερῆσθαι.
1323 755 1410 794 Πο-
1469 754 1745 817 ffiffiged'flzssgg

131 820 347 877 λυκράτης
394 821 463 875 δὲ,
506 821 645 880 πάσης
692 823 962 879 συμβουλίης
1001 819 1240 879 ἀλογήσας,
1280 810 1745 891 5'n115825fflgu2‘21131i‘g‘3013-

1673 865 1744 885 oml-

77 1001 140 1051 qui
163 1001 390 1038 concitantur
414 1002 554 1038 terrore
574 1013 743 1051 praeser·
800 1013 828 1038 s.
856 1013 911 1048 v.‚
944 1000 1007 1038 ubi
1025 1000 1060 1040 h.
1090 999 1112 1038 l.
1138 999 1286 1048 laudat,
1318 1001 1464 1039 reddit:

75 1059 142 1095 tim
168 1071 232 1095 seu
261 1063 373 1104 metu,
404 1059 467 1094 eos
488 1058 558 1094 dici
579 1058 741 1097 παντοί-

77 1129 147 1160 ους
158 1113 345 1166 γενέσθαι
361 1114 460 1151 Idem
477 1115 660 1152 observat.
682 1116 740 1152 Cf.

75 1170 216 1208 Herod.
241 1171 306 1218 IX,
340 1171 441 1214 108,
473 1171 542 1208 alia
569 1176 609 1208 ut
635 1172 742 1209 omit-

75 1232 163 1264 tam.
232 1228 345 1266 Unde
375 1226 500 1264 differt
537 1226 739 1265 Atticorum

74 1283 210 1320 locutio
269 1283 313 1322 ἑν
374 1281 494 1322 παντὶ
550 1282 740 1335 γενέσθαι

74 1340 246 1387 (maximo
271 1342 311 1377 in
340 1343 458 1377 timore
488 1341 599 1389 esse),
631 1354 739 1390 quam

72 1397 263 1434 illustravit
282 1397 332 1435 W
334 1397 474 1447 yttenb.
496 1398 544 1434 ad
567 1397 660 1434 Plut.
691 1399 739 1436 de

72 1454 112 1491 S.
145 1454 194 1492 N.
219 1455 265 1491 V.
296 1468 331 1505 p.
357 1457 447 1495 127.
494 1452 591 1491 Add.
616 1454 736 1492 Sturz.

72 1510 165 1548 Lex.
193 1511 363 1562 Xenoph.
394 1510 442 1549 Il.¹
475 1524 512 1561 p.
534 1510 617 1552 467
654 1511 734 1549 Ast.

72 1568 122 1604 ad
146 1567 289 1605 Platon.
318 1567 427 1605 Polit.
454 1580 539 1618 pag.
564 1569 658 1608 600.
683 1592 733 1598 —

72 1623 132 1661 Ad
152 1625 263 1662 verba
285 1623 350 1664 ἐπὶ
376 1621 449 1674 τήν
477 1621 736 1675 πεντηκόντε-

74 1695 147 1733 ρον
167 1682 262 1718 conf.
282 1682 312 1728 Ι,
333 1684 411 1722 163
434 1682 521 1731 ibiq.
543 1686 636 1720 nott.

131 1736 408 1789 ἐπεφημίζετο]
443 1738 466 1775 ἰ.
492 1752 522 1776 e.
541 1739 632 1776 male
652 1741 738 1776 omi-

71 1795 246 1841 namur,
280 1796 393 1832 verbis
429 1796 590 1832 ominosis
618 1809 738 1846 prose-

73 1852 255 1901 quebatur.
314 1852 504 1890 Mediceus
521 1851 624 1900 liber,
650 1852 739 1889 Flo-

72 1909 249 1956 rentinus‚
279 1908 356 1945 alii:
387 1908 610 1958 ἐφημίζετο,
635 1911 737 1958 quod

70 1965 241 2015 probavit
281 1965 500 2002 Gronovius.
585 1965 733 2013 Aldina,

71 2021 256 2059 Sancrofti
278 2021 389 2070 liber,
418 2021 479 2058 alii
502 2020 735 2073 ἐπεφημίζε-

70 2092 129 2125 το,
158 2080 257 2128 quod
274 2078 372 2116 idem
391 2079 428 2116 in
446 2091 513 2115 suo
537 2080 662 2117 codice
682 2080 736 2118 le-

71 2140 178 2184 gerat
200 2136 413 2173 Eustathius
437 2135 487 2172 sic
507 2135 673 2174 scribens*
686 2137 735 2173 ad

69 2191 112 2228 Il.
134 2191 150 2228 Ι
179 2206 215 2243 p.
235 2194 303 2239 28,
320 2195 375 2234 27
403 2193 478 2230 sive
498 2194 566 2240 21,
587 2193 660 2234 48:
689 2190 733 2233 τό

70 2245 179 2300 παρὰ
205 2244 399 2302 Ἡροδότῳ
430 2248 735 2300 ἐπιφημίζε-

72 2309 173 2344 σθα
187 2320 200 2344 ι
221 2301 271 2345 ου’
289 2301 432 2346 ταύτόν
455 2305 536 2345 ἐστι
555 2309 608 2344 τῶ
626 2306 736 2346 ἐπευ-

72 2365 243 2412 φημεῖν·
293 2357 392 2402 ἄλλα
432 2347 602 2414 μαντικῆ
634 2362 736 2412 λέξις

70 2417 174 2464 ἐστὶ,
216 2419 394 2470 δηλοῦσα
426 2416 641 2472 προφοροὲν
679 2436 735 2459 τι-

71 2490 123 2515 να
152 2477 339 2527 μαντείας
375 2472 433 2516 δι’
469 2472 734 2528 ἀναμνήσεως

71 2531 282 2582 ἐνυπνίου,
322 2533 343 2570 i.
379 2547 410 2572 e.
439 2534 633 2571 molientem
663 2535 734 2571 ali-

74 2589 159 2638 quid
193 2603 237 2627 ex
263 2593 394 2628 somnio
433 2603 568 2627 monere
596 2593 733 2640 ominis,

75 2644 141 2682 Cr.
171 2646 388 2697 interprete,
418 2648 480 2697 qui
510 2648 733 2696 Hesychium

73 2702 177 2748 citat,
207 2704 305 2753 apud
326 2717 432 2753 quem
459 2703 732 2755 ἐπιφημίσμα-

74 2769 112 2795 σι
144 2758 342 2808 explicatur
371 2760 628 2810 οἰωνίσμασι,
670 2762 732 2798 ubi

72 2813 209 2850 Alberti
239 2814 285 2851 Τ.
312 2816 434 2866 lpag.
465 2820 573 2859 1399
605 2817 733 2855 laudat

74 2869 284 2918 Thucydid.
301 2871 382 2919 Vll,
400 2875 453 2915 75
473 2879 509 2912 et
526 2874 670 2925 Ioseph.
686 2874 731 2911 B.

73 2926 101 2965 l.
120 2926 210 2971 Vll,
229 2925 265 2966 5.
303 2927 548 2969 Schneiderus
576 2932 613 2968 in
640 2929 730 2968 Lex.

127 2983 336 3021 HEnono'r.
374 2984 420 3023 ΙΙ.

799 1057 967 1095 ominosa
995 1058 1106 1095 verba
1143 1057 1238 1106 (sive
1268 1058 1305 1095 in
1332 1057 1465 1095 bonam

798 1118 954 1165 partem,
973 1114 1099 1151 sivein
1112 1114 1263 1161 malam)
1287 1114 1466 1152 acclama-

797 1184 851 1217 re,
882 1172 979 1208 bona
1006 1170 1147 1208 malave
1175 1171 1344 1221 proloqui
1375 1176 1464 1209 vota

797 1228 959 1277 indeque
971 1227 1027 1264 vel
1046 1240 1248 1275 assensum,
1269 1227 1324 1264 vel
1338 1241 1466 1278 repro-

799 1284 984 1321 bationem
1004 1283 1202 1321 declarare.
1261 1284 1343 1321 Nec
1361 1284 1466 1322 aliter

798 1341 874 1377 sere
896 1340 1042 1378 Dissen.
1069 1341 1118 1377 ad
1144 1340 1290 1378 Pindar.
1317 1340 1463 1392 Olymp.

796 1396 860 1444 VI,
882 1399 935 1438 56
956 1410 1042 1447 pag.
1061 1400 1134 1438 67:
1164 1398 1278 1444 „boni
1296 1401 1360 1434 aut
1378 1397 1462 1436 mali

796 1454 928 1491 ominis
950 1454 1063 1491 verba
1082 1453 1186 1491 alicui
1216 1455 1352 1501 dicere,
1384 1458 1462 1492 tum

794 1510 892 1547 bona
912 1514 975 1547 aut
993 1510 1089 1548 mala
1107 1511 1341 1561 imprecari.“
1400 1511 1462 1549 Tu

792 1567 866 1605 vid.
895 1568 1058 1618 inprimis
1086 1567 1250 1606 Lobeck.
1273 1569 1322 1606 ad
1343 1567 1461 1617 Phry-

794 1624 890 1661 nich.
919 1638 956 1675 p.
988 1624 1083 1666 596.
1109 1647 1163 1652 —
1192 1624 1252 1661 Ad
1282 1624 1458 1664 ἐπιτελέα

794 1679 984 1733 γενέσθαι
1011 1682 1105 1719 conf.
1129 1681 1157 1728 I,
1187 1684 1279 1722 116.
1309 1682 1373 1728 Ill,
1396 1683 1459 1722 16.

851 1733 1076 1789 βούλεσθαι
1096 1759 1147 1764 -
1172 1733 1201 1789 ἢ
1225 1760 1270 1766 -
1295 1737 1459 1790 ἐστερῆ-

796 1793 910 1846 σθαι]
930 1794 988 1832 Ad
1002 1790 1223 1846 βούλεσθαι
1241 1795 1351 1844 vulgo
1373 1796 1460 1832 sub-

793 1853 947 1889 audiunt
974 1854 1135 1902 μᾶλλον.
1188 1851 1248 1889 De
1269 1865 1342 1901 quo
1363 1853 1458 1889 ccnf.

792 1907 980 1946 Lambert.
997 1909 1084 1946 Bos.
1107 1909 1154 1946 de
1177 1908 1310 1959 ellipss.
1332 1908 1375 1945 L.
1392 1908 1457 1945 Gr.

791 1978 876 2016 pag.
897 1968 992 2006 767.
1018 1988 1074 1994 —
1103 1965 1162 2002 Ad
1189 1979 1266 2002 rem
1297 1966 1458 2014 denique

792 2024 917 2059 confer
935 2023 983 2059 sis
1012 2021 1216 2068 Philonem,
1247 2022 1310 2071 qui
1332 2026 1458 2059 narrat

792 2079 871 2129 (ap.
892 2078 1031 2117 Euseb.
1057 2080 1232 2130 Praepar.
1262 2078 1329 2115 Ev.
1357 2078 1457 2126 VIII,

796 2137 846 2175 13
868 2149 896 2172 s.
916 2136 1059 2173 Philon.
1091 2136 1191 2186 Opp.
1208 2135 1239 2172 ΙΙ
1269 2148 1354 2186 pag.
1375 2136 1457 2177 639

792 2193 851 2230 ed.
864 2191 1027 2243 Mang.),
1048 2193 1241 2239 somnium,
1263 2192 1363 2241 quod
1386 2191 1458 2228 Po-

793 2248 937 2298 lycratis
968 2249 1064 2287 filiae
1090 2262 1157 2299 per
1183 2250 1344 2298 quietem
1369 2248 1458 2285 suis-

793 2310 848 2342 set
876 2306 1078 2353 obiectum,
1109 2306 1148 2342 id
1183 2306 1302 2356 ipsum
1332 2309 1458 2354 tyran-

792 2375 878 2399 num
900 2364 1035 2401 vidisse
1062 2366 1098 2400 et
1115 2363 1298 2410 recitasse,
1321 2375 1401 2400 cum
1421 2363 1458 2399 in

792 2432 935 2457 crucem
957 2419 1154 2459 tolleretur.

983 2476 1094 2527 Cap.
1126 2475 1277 2513 CXXV.

850 2527 1064 2585 οἷλογήσας]
1098 2533 1204 2570 Cous.
1217 2536 1308 2571 nott.
1327 2533 1374 2570 ad
1390 2532 1454 2578 III,

794 2592 886 2630 121.
918 2590 975 2629 De
986 2590 1178 2628 Democede
1189 2590 1261 2626 vid.
1282 2590 1377 2626 infra
1391 2589 1455 2635 111,

794 2648 887 2687 129.
926 2647 985 2685 De
1012 2647 1177 2685 iunctura
1197 2646 1453 2697 particularum

791 2703 828 2739 in
850 2704 969 2741 verbis
1001 2701 1145 2749 ἄλλους
1171 2716 1221 2741 τε
1245 2724 1297 2731 -
1328 2702 1370 2741 ἐν
1402 2698 1455 2740 δὲ

790 2755 848 2810 δή
871 2775 894 2798 κ
907 2759 956 2798 αὶ
979 2761 1120 2798 monuit
1134 2760 1289 2797 Werfer.
1312 2759 1347 2794 in
1358 2757 1455 2794 Actt.

788 2815 890 2867 phill.
918 2816 1085 2855 Monacc.
1120 2816 1157 2863 1,
1187 2820 1212 2856 2
1242 2828 1327 2866 pag.
1358 2813 1453 2853 244.

788 2873 848 2910 Ad
870 2875 982 2912 verba
1004 2867 1305 2927 Κροτωνιήτην,
1326 2866 1453 2918 ἄνδρα

790 2926 930 2982 ἰητρόν
980 2944 1021 2969 τε
1068 2926 1186 2969 ἐόντα
1232 2925 1451 2973 wesseling.

1171 2983 1223 3024 15
