1863 3256
426 227 510 266 216

427 333 471 376 οἱ
507 331 798 378 ἐπανάστασιν
814 349 824 359 ·

813 226 1284 265 HERODOTI

892 333 1124 389 συλλαβών
1162 333 1208 378 δέ
1248 346 1404 391 σφεας,
1456 335 1580 392 ἔδησε
1618 336 1751 392 τὴνὲι

397 403 500 446 4ἐπὶ
517 402 710 463 θανάτῳ.
736 403 795 447 Ἡ
818 405 863 449 δὲ
892 405 1003 460 γυνὴ
1033 407 1115 447 τοῦ
1141 403 1437 461 Ἰνταφέρνεος
1458 405 1698 462 φοιτέουσα

427 473 497 517 ἐπὶ
525 473 601 526 τὰς
629 473 772 529 θύρας
811 478 891 517 τοῦ
922 473 1143 529 βασιλέος,
1184 478 1377 519 κλαίεσκε
1409 476 1462 519 ἂν
1495 477 1568 520 καὶ
1597 475 1698 520 ὀδυ-

427 545 624 599 ρέσκετο·
665 549 847 588 ποιεῦσα
879 544 924 587 δὲ
954 544 1035 587 αἰεὶ
1055 542 1196 588 τώυτό
1227 552 1380 599 τοῦτο,
1411 547 1489 591 τὸν
1506 551 1699 600 Δαρεῖον

398 616 572 660 5ἕπεισε
619 616 828 668 οἰκτεῖραί
869 630 956 670 μιν.

426 685 550 730 τάδε·

1024 615 1197 670 πέμψας
1239 617 1285 660 δὲ
1331 616 1534 673 ἄγγελον,
1585 617 1756 673 ἕλεγεΞό

611 681 700 737 „³521
730 682 887 739 γύναι,
928 683 1132 740 βασιλεύς
1166 701 1233 729 τοι
1261 692 1450 741 Δαρεῖος
1480 689 1597 731 διδοῖ
1623 688 1700 730 ἕνα

425 762 516 800 τῶν
546 754 787 810 δεδεμένων
816 757 997 812 οἰκηίων
1027 755 1272 812 ῥύσασθαι,
1313 757 1393 800 τόν
1432 758 1614 814 βούλεαι
1651 759 1698 801 ἐκ

400 825 661 869 6πάντων.“
715 824 774 868 Ἡ
798 826 868 877 δὲ,
908 826 1253 883 βουλευσαμένη,
1284 827 1547 882 ὑπεκρίνατο
1577 828 1699 873 τάδε·

427 899 520 947 „Ec
550 896 630 952 μὲν
659 895 713 951 δή
743 913 818 951 μοι
849 899 968 940 διδοῖ
993 895 1197 953 βασιλεύς
1226 897 1322 948 ἑνὸς
1343 898 1422 953 τὴν
1451 900 1607 957 ψυχὴν,
1639 902 1758 944 occ-30

396 967 586 1023 7ρέομαι
625 967 672 1011 ἐκ
703 965 882 1010 πάντων
919 967 998 1010 τὸν
1041 965 1304 1023 ἀδελφεόν.“

1363 970 1626 1026 Πυθόμενος
1655 974 1702 1015 δὲ

427 1042 616 1092 Δαρεῖος
644 1041 807 1089 ταῦτα,
848 1038 921 1080 καὶ
949 1036 1192 1093 θωυμάσας
1220 1037 1299 1081 τὸν
1325 1038 1481 1094 λόγον,
1529 1041 1700 1096 πέμψας

424 1107 610 1164 ἠγόρευε
626 1122 636 1132 ·

705 1103 791 1159 ,,”ᾩ
840 1109 994 1165 γύναι,
1048 1110 1201 1167 εἰρωτᾷ
1242 1120 1288 1152 σε
1329 1110 1554 1166 βασιλεὺς,
1605 1112 1705 1154 τίνα

425 1179 585 1234 ἔχουσα
612 1179 815 1237 γνώμην,
845 1180 925 1224 τόν
955 1180 1097 1236 ἄνδρα
1125 1197 1169 1225 τε
1199 1181 1273 1224 καὶ
1293 1179 1345 1224 τοὶ
1376 1182 1506 1224 τέκνα
1527 1181 1702 1237 ἐγκατα-

425 1254 642 1302 λιποῦσα,
672 1251 752 1295 τὸν
781 1252 998 1308 ἀδελφεόν
1027 1253 1141 1295 εἵλευ
1172 1254 1387 1306 περιεῖναί
1416 1268 1505 1295 τοι·
1551 1251 1600 1303 ὃς
1628 1252 1701 1296 καὶ
1713 1258 1757 1294 35

426 1319 771 1376 ἄλλοτριώτατός
807 1340 874 1366 τοι
903 1327 991 1366 τῶν
1021 1325 1211 1377 παίδων,
1250 1324 1321 1367 καὶ
1351 1318 1491 1379 ἧσσον
1531 1339 1700 1378 κεχαρι-

399 1390 585 1446 8σμένος
611 1398 690 1437 τοῦ
720 1392 881 1450 ἀνδρός
900 1396 1028 1439 ἐστι.“
1055 1393 1113 1436 ‘H
1128 1393 1165 1438 δ’
1196 1392 1394 1451 ἄμείβετο
1415 1395 1577 1438 τοῖσδε·
1618 1397 1701 1446 ,,ῼ

1645 1389 1660 1407 ’ἴ

425 1464 630 1518 βασιλεῦ,
660 1463 771 1522 α’νὴρ
800 1464 881 1522 μέν
908 1483 984 1523 μοι
1004 1465 1060 1510 ἂν
1080 1464 1209 1517 ἄλλος
1233 1464 1426 1521 γένοιτο,
1465 1466 1502 1508 εἰ
1533 1466 1702 1522 δαίμων

371 1612 632 1711 ἰτὸἒθανάτς)
673 1615 768 1656 conf.
807 1621 898 1655 nott.
928 1619 976 1656 ad
1004 1617 1033 1667 Ι,

427 1755 608 1795 κλαίεσκε
628 1750 679 1794 ἂν
697 1754 765 1795 καὶ
783 1752 1032 1809 ὀδυρέσκετο]

373 1806 424 1850 ἂν
461 1826 540 1849 cum
570 1813 774 1862 Sclnveigh.
802 1819 838 1851 et
867 1815 985 1852 Gaisf.
1015 1827 1036 1853 e

371 1867 585 1906 Florentino
646 1869 812 1919 binisque
860 1870 1036 1908 Parisinis

372 1925 502 1971 adieci,
524 1938 603 1962 cum
628 1925 737 1974 vulgo
758 1927 918 1964 abesset.
950 1927 1035 1965 Vid.

372 1980 437 2026 111,
463 1980 513 2021 51
549 1982 639 2031 ibiq.
667 1986 755 2019 nott.
780 1982 849 2029 ΙΙΙ,
886 1982 978 2024 148.
1006 1984 1036 2029 Ι,

376 2039 456 2078 196
486 2038 573 2087 ibiq.
609 2042 701 2074 nott.
730 2038 944 2076 Buttmann.
970 2040 1037 2077 Gr.

373 2094 458 2131 mai.
483 2093 497 2129 I
518 2107 603 2144 pag.
616 2095 699 2135 393
718 2095 764 2131 de
785 2095 985 2145 imperfecti
1000 2100 1039 2133 et

373 2151 492 2187 sonna
515 2156 551 2187 et
574 2163 641 2187 usu
672 2163 834 2188 monens.
894 2150 1039 2189 Tuetur

374 2219 521 2255 quoque
541 2206 704 2244 voculam
729 2202 780 2245 ἂν
800 2207 976 2246 Matthiae
1001 2209 1039 2245 in

375 2262 528 2299 Miscell.
551 2262 751 2312 philologg.
783 2261 882 2301 Add.
902 2277 939 2314 p.
957 2262 1039 2312 84.‚

376 2331 398 2355 a
419 2317 449 2355 C
456 2331 487 2356 r.
517 2318 695 2356 laudatus.

426 2395 477 2439 Ὦ,
487 2397 620 2453 γύναι]
635 2403 741 2440 Conf.
756 2408 845 2440 nott.
860 2405 906 2440 ad
919 2403 946 2449 Ι,
960 2406 1036 2445 111

377 2462 414 2495 et
435 2459 520 2494 add.
542 2459 728 2495 Mocbium
749 2462 796 2496 ad
820 2460 1038 2497 Anacreont.

377 2526 462 2565 pag.
486 2517 551 2556 27.
574 2516 641 2560 28,
671 2517 733 2564 qui
761 2515 853 2552 hanc
878 2516 1039 2566 compcl-

377 2571 552 2608 lationem
575 2571 765 2608 honestam
795 2584 875 2609 csse
902 2576 942 2609 et
972 2573 1041 2608 vir-

378 2627 473 2675 ginis
510 2632 545 2664 et
575 2628 694 2663 uxoris
725 2628 911 2664 admonet.
982 2628 1039 2664 Ad

379 2683 635 2732 superlativum
705 2679 1040 2734 α’λλοτριώτατος,

379 2751 488 2787 quem
508 2752 575 2789 pro
589 2741 836 2789 comparativo
854 2741 939 2790 poni
955 2741 1040 2786 vult,

381 2794 451 2832 Cr.
478 2796 631 2832 conserti
655 2796 754 2833 iubet
783 2796 1039 2844 W'yttcnbach.

380 2852 428 2889 ad
449 2851 546 2889 Plut.
560 2852 654 2889 Mor.
675 2852 706 2889 ΙΙ
724 2864 811 2903 pag.
833 2854 912 2893 689
934 2865 1037 2902 seqq.

1091 1615 1185 1658 945.
1222 1616 1284 1654 Tu
1304 1616 1378 1654 vid.
1401 1617 1511 1655 modo
1531 1616 1663 1656 Matth.
1688 1618 1757 1657 Gr.

1094 1674 1160 1710 Gr.
1185 1671 1220 1723 ἓ.
1240 1672 1334 1714 464.

1151 1725 1254 1781 ἀνήρ
1286 1727 1357 1780 μέν
1388 1744 1456 1780 μοι
1483 1725 1534 1768 (ἲν
1560 1726 1677 1776 ἄλλος
1697 1727 1759 1782 γε’-

1094 1785 1228 1836 νοιτο]
1270 1786 1365 1822 Cum
1396 1786 1559 1823 Floreat.
1589 1787 1759 1825 exhibeat

1094 1840 1164 1893 μέν
1178 1858 1238 1881 τοι
1254 1841 1335 1891 (pro
1357 1841 1428 1892 μέν
1446 1844 1533 1893 μοι)
1545 1847 1756 1892 utrumque,

1093 1903 1241 1936 auctore
1253 1898 1472 1947 Schweigh„
1482 1900 1605 1936 forsan
1618 1900 1668 1936 sic
1677 1900 1760 1936 iun-

1094 1955 1277 2004 gendum:
1306 1953 1377 2004 μέν
1402 1969 1462 1993 τοι
1483 1952 1534 1993 ἄν
1557 1970 1634 2005 μοι.
1674 1955 1758 2006 Ipsa

1093 2011 1277 2048 sententia
1298 2023 1378 2047 cum
1399 2011 1569 2062 Sophocl.
1582 2012 1757 2060 Antigon.

1094 2066 1176 2108 924
1199 2067 1250 2103 sic
1273 2068 1454 2114 convenit,
1484 2072 1524 2104 ut
1552 2067 1642 2105 alter
1668 2068 1760 2106 alte-

1095 2124 1169 2160 rins
1194 2122 1347 2172 vestigia
1376 2123 1508 2172 legisse
1536 2124 1758 2173 alteriusque

1095 2180 1208 2216 verba
1237 2181 1458 2229 expressisse
1486 2180 1602 2218 videri
1630 2185 1756 2230 queat.

1096 2236 1191 2272 Sunt
1212 2236 1274 2284 qui
1297 2236 1515 2285 Sophoclem
1542 2236 1758 2274 Herodotea

1096 2291 1260 2329 retulisse
1280 2291 1388 2328 velint
1402 2306 1411 2339 3
1443 2293 1669 2329 contrarium·
1680 2292 1759 2342 pla-

1097 2353 1155 2385 cet
1192 2347 1454 2394 Valckenario,
1504 2349 1566 2396 qui
1605 2348 1758 2386 similem

1097 2416 1244 2453 quoque
1275 2403 1426 2441 Luciani
1453 2405 1488 2440 in
1515 2404 1653 2441 Toxar.
1675 2418 1755 2455 cap.

1098 2462 1147 2501 61
1198 2462 1415 2497 sententiam
1461 2462 1559 2497 citat.
1637 2462 1757 2506 Quam

1099 2517 1134 2552 in
1166 2529 1240 2553 rem
1271 2517 1324 2552 ita
1350 2517 1473 2564 Heyse
1502 2517 1654 2560 Quaest.
1680 2518 1759 2555 He-

1097 2572 1202 2608 rodd.
1237 2585 1321 2621 pag.
1347 2575 1399 2612 67
1420 2578 1496 2609 not.
1547 2573 1623 2619 „At
1647 2586 1758 2623 aegre

1097 2628 1326 2665 Herodotum
1352 2642 1371 2665 e
1391 2629 1573 2679 Sophocle
1596 2630 1758 2669 hausisse

1097 2685 1182 2722 Tibi
1206 2686 1441 2733 persuaseris,
1471 2699 1565 2734 quae
1582 2694 1756 2736 tanquam

1098 2740 1287 2778 historicae
1316 2755 1494 2791 personae
1528 2743 1664 2780 (lictum
1699 2743 1758 2781 ille

1098 2797 1231 2841 rescrt;
1262 2810 1469 2845 quanquam
1484 2798 1655 2836 Clemens
1673 2798 1757 2837 Ale-

1099 2853 1224 2890 xandr.
1249 2855 1423 2891 Stromat.
1443 2855 1492 2892 U
1515 2855 1592 2893 init.
1614 2868 1651 2907 p.
1674 2855 1756 2897 625
