1863 3256
0 544 82 589 [05

417 140 1097 183 MELPOMENE.1V.

1317 147 1402 185 475

98 254 353 298 ἓέπίκοινον
400 255 446 298 δὲ
481 257 570 297 τῶν
609 255 834 307 γυναικῶν
869 249 949 305 τὴν
995 249 1110 305 μίξιν
1158 252 1401 303 ποιεῦνται,

126 327 198 368 ἵνα
228 327 482 381 κασίγνητοί
510 341 553 367 τε
583 322 780 380 ἀλλήλων
811 322 939 373 ἔωσι,
973 319 1048 363 καὶ
1077 318 1238 374 οἰκήϊοι
1259 318 1403 370 ἐόντες

129 395 310 450 πάντες,
340 396 445 452 μήτε
475 394 658 452 φθόνῳ,
693 391 794 450 μήτ’
824 393 942 448 ἔχθεϊ
969 389 1182 446 χρέωνται
1207 389 1250 440 ἐς
1273 388 1400 445 ἅλλή-
1414 397 1458 431 35

129 472 244 518 λους.
301 466 354 510 τὰ
393 466 435 511 δ’
479 466 586 510 ἄλλα
622 465 783 521 νόμαια
817 462 966 518 Θρήιξι
997 460 1400 517 προσκεχωρήκασι.

130 538 298 592 Νευροὶ
329 538 374 581 δὲ
396 535 572 591 νόμοισι
603 536 681 591 μὲν
711 535 920 590 χρέωνται
942 538 1226 576 Σκυθικοῖσι.
1271 535 1401 589 γενεῇ

130 609 176 653 δὲ
214 612 292 665 μιῇ
322 606 537 663 πρότερόν
578 619 713 663 σφεας
748 610 824 662 τῆς
850 606 1047 660 Δαρείου
1086 605 1402 662 στρατηλασίης

73 758 239 807 thyrsos,
269 770 312 796 ex
334 758 512 796 interioris
539 757 650 795 Asiae
669 757 736 795 ad-

73 828 192 864 eoque
213 814 341 852 Indiae
365 816 544 853 tractibus
571 815 640 851 huc
668 815 734 851 de-

73 871 167 908 latos
181 900 192 919 ‚
251 876 491 922 veteremque
539 871 736 909 Asiaticum

72 928 260 974 vestitum,
293 929 519 966 subtiliorem
537 928 632 965 illum
653 928 735 976 qui-

73 985 158 1022 dem
187 986 223 1021 in
236 984 471 1036 Europaeicis
491 986 641 1023 sedibus
655 984 736 1021 hinc

73 1042 275 1079 retinentes
295 1071 305 1089 ,
369 1055 498 1080 vereor
516 1071 526 1089 ‚
579 1045 617 1078 ut
653 1054 738 1090 pro-

75 1098 152 1135 bari
173 1099 298 1148 possit.
318 1119 370 1125 —-
392 1097 458 1137 καὶ
482 1094 738 1149 χρυσοφόροι,

74 1154 141 1194 i.e.
156 1168 284 1191 aurum
294 1159 487 1203 gestantes,
504 1157 623 1191 aureis
635 1167 740 1190 orna·

74 1213 200 1248 mentis
222 1212 394 1249 distincti.
419 1212 530 1256 Quod
541 1212 740 1248 documen-

74 1271 113 1304 to
127 1273 196 1314 est,
214 1272 348 1306 terram
361 1269 442 1306 illos
456 1267 652 1307 incoluisse
664 1265 741 1303 auri

75 1324 236 1371 divitem,
260 1324 378 1374 qualis
410 1324 596 1374 hodieque
624 1324 741 1361 fertur

75 1380 430 1430 esseTransylvania
450 1382 528 1419 auri
548 1381 688 1431 copiam
702 1380 740 1416 in

75 1437 259 1475 montibus
279 1439 474 1489 praebenS.
526 1437 613 1475 Vid.
634 1437 740 1486 Kop-

75 1507 161 1544 pen.
188 1493 210 1531 l.
229 1494 251 1531 l.
274 1508 309 1546 p.
336 1496 398 1536 13.
448 1495 610 1532 Heeren.
626 1494 740 1532 Ideen

77 1551 113 1597 l,
145 1553 165 1591 1
194 1564 279 1602 pag.
305 1551 373 1592 94.
417 1551 596 1589 Niebuhr.
619 1551 739 1588 Verm.

77 1607 222 1644 Schrift.
246 1608 263 1644 l
297 1620 383 1658 pag.
406 1609 487 1649 377
509 1608 589 1645 coll.
606 1607 741 1645 Ritter.

77 1663 252 1702 Vorhalle
269 1679 304 1716 p.
323 1666 419 1705 288.
459 1664 558 1702 Add.
579 1664 741 1714 Pompo-

77 1720 160 1757 nius
180 1720 279 1758 Mela
300 1721 348 1769 ll,
368 1724 390 1763 1
411 1719 449 1771 ὃ.
471 1721 546 1763 94:
605 1750 629 1768 ,‚
644 1720 742 1770 Aga-

78 1776 195 1825 thyrsi
216 1790 280 1814 ora
300 1783 474 1827 artusque
494 1778 670 1828 pingunt:
702 1781 742 1813 ut

78 1834 234 1883 quisque
253 1834 450 1872 maioribus
472 1839 658 1885 praestat,
692 1834 743 1870 ita

79 1891 196 1939 magis
217 1890 274 1928 vel
294 1892 434 1939 minus,
474 1896 657 1928 caeterum
680 1892 742 1927 iis-

80 1947 164 1984 dem
186 1960 313 1985 omnes
334 1950 434 1985 notis
454 1953 492 1986 et
509 1949 579 1995 sic,
619 1953 658 1985 ut
678 1948 743 1984 ab·

79 2003 129 2040 lui
156 2006 380 2053 nequeant.“
431 2005 506 2042 Ubi
534 2004 744 2042 consulatur

80 2060 233 2111 copiosa
254 2060 289 2098 T
292 2061 476 2099 zschuckii
497 2062 686 2098 adnotatio
706 2061 744 2097 in

81 2121 173 2154 nott.
197 2130 329 2168 exegg.
358 2118 440 2156 Vol.
460 2117 510 2155 111
538 2117 580 2155 P.
602 2119 635 2154 ΙΙ
655 2130 742 2169 pag.

82 2171 136 2215 49
158 2187 236 2223 seq.

140 2229 345 2270 ἐπίκοινον
360 2256 411 2261 -
426 2231 651 2283 ποιεῦνται]
668 2232 746 2269 He-

83 2288 237 2326 rodotea
264 2289 353 2326 haec
379 2289 477 2326 haud
507 2290 581 2326 scio
609 2302 656 2325 au
687 2302 744 2327 re·-

85 2345 243 2394 spexerit
268 2345 404 2383 Strabo
428 2346 496 2383 V11
531 2359 568 2397 p.
601 2348 682 2387 300
714 2359 743 2382 s.

85 2400 163 2440 461
193 2400 237 2438 A.
299 2402 410 2446 Quod
440 2415 650 2441 communes
681 2402 744 2439 ha-

86 2456 231 2494 buerint
260 2456 458 2508 Agathyrsi
492 2472 645 2507 uxores,
693 2460 746 2506 id,

86 2513 271 2551 Ritterum
287 2514 307 2551 l.
328 2515 351 2553 l.
374 2529 411 2566 p.
433 2518 516 2558 287
536 2530 613 2566 seq.
636 2516 665 2553 si
682 2528 746 2553 au-

89 2569 168 2606 dias
180 2598 190 2616 ,
221 2571 268 2607 ad
286 2570 480 2610 Asiaticam
499 2575 618 2623 gentis
637 2573 748 2622 origi-

89 2638 170 2663 nem
187 2627 410 2677 pertinebit,
436 2643 514 2667 cum
533 2631 571 2667 in
587 2629 675 2667 Asia
694 2631 750 2667 in-

90 2683 213 2720 teriori
225 2712 236 2730 ‚
266 2684 366 2721 unde
381 2686 547 2723 venerint
564 2686 752 2736 Agathyr-

89 2740 133 2786 si,
154 2739 335 2777 Buddhae
357 2747 556 2780 sectatores
577 2743 630 2780 ita
650 2756 752 2781 more

90 2801 242 2847 recepto
263 2797 384 2835 vivere
404 2797 555 2838 soleant.
601 2799 650 2837 At
670 2799 752 2850 plu-

793 769 851 794 res
895 757 1043 794 omnino
1092 756 1293 806 antiquitus
1347 756 1459 793 fuisse

793 817 947 862 gentes,
976 813 1076 864 apud
1095 826 1186 862 quas
1209 814 1277 850 iste
1292 825 1372 850 mos
1392 813 1459 849 ob-

793 871 924 917 tinuit,
963 871 1049 907 satis
1080 869 1294 918 intelligitur
1328 882 1370 907 ex
1401 869 1459 916 iis,

777 940 889 976 quae
913 928 960 964 ad
985 927 1128 964 Platon.
1150 927 1284 976 Remp.
1306 926 1352 973 V,
1374 928 1398 965 7
1420 939 1458 975 p.

794 984 877 1025 514
918 983 1044 1021 Astius
1086 983 1256 1032 collegit,
1308 983 1369 1019 ubi
1402 981 1461 1019 vel

796 1041 916 1089 gentis
947 1040 1156 1078 recentioris
1181 1041 1460 1089 Saporogorum

796 1097 983 1144 meminit,
1036 1097 1194 1134 eundem
1231 1108 1369 1133 morem
1402 1108 1461 1133 se-

797 1154 989 1190 ctantium.
1050 1152 1090 1189 ln
1111 1152 1337 1190 Platonicam
1368 1165 1463 1200 quo-

798 1222 870 1259 que
912 1210 1094 1246 civitatem
1134 1209 1226 1246 hanc
1271 1207 1462 1246 mulierum

798 1266 1102 1303 communitatem
1131 1265 1243 1302 suisse
1275 1269 1462 1315 receptam

796 1322 958 1372 indeque
987 1322 1087 1359 varie
1118 1321 1354 1358 diiudicatam
1387 1333 1463 1357 non

796 1380 916 1416 minus
934 1392 956 1416 a
976 1378 1158 1416 veteribus
1175 1389 1286 1427 quam
1300 1390 1322 1414 a
1336 1389 1463 1414 recen-

796 1436 972 1483 tioribus,
1017 1435 1107 1472 satis
1146 1439 1286 1472 notum.
1352 1432 1463 1471 Adde

796 1493 852 1530 his
864 1493 1005 1530 Herod.
1025 1492 1089 1539 111,
1112 1494 1186 1532 101
1205 1496 1240 1528 et
1251 1490 1462 1528 Tzschuck.

798 1550 847 1587 ad
866 1549 954 1587 Mel.
985 1548 1024 1594 1,
1057 1550 1107 1588 19
1139 1561 1227 1599 pag.
1258 1550 1339 1589 607
1362 1545 1464 1598 (Vol.

799 1606 849 1643 lll
874 1606 916 1643 P.
940 1604 974 1655 l)
994 1609 1085 1642 nott.
1109 1617 1239 1654 exegg.

857 1658 905 1701 τοῖ
929 1658 969 1701 δ’
993 1659 1092 1700 ἄλλα
1111 1683 1161 1688 -
1184 1653 1463 1712 προσκεχωρή-

799 1718 906 1770 κασι]
937 1721 960 1756 i.
980 1732 1010 1756 e.
1032 1718 1123 1768 quod
1143 1718 1192 1755 acl
1212 1717 1351 1767 reliqua
1372 1717 1464 1753 atti-

800 1780 859 1814 net
880 1778 1067 1822 instituta,
1107 1775 1158 1812 cul
1181 1774 1336 1811 Thraces
1361 1785 1462 1810 acce-

801 1834 914 1881 dunt,
954 1846 982 1870 s.
1010 1834 1048 1869 in
1086 1833 1229 1882 reliquis
1262 1833 1464 1881 receperunt

804 1890 982 1928 Thracum
1002 1891 1181 1927 instituta.
1206 1888 1356 1936 Conf.1‚
1373 1889 1465 1927 172.

1017 1980 1131 2031 Cap.
1172 1978 1251 2017 CV.

867 2058 1015 2112 Νευροὶ
1039 2056 1081 2098 δὲ
1104 2055 1261 2110 νόμοισι
1286 2054 1358 2109 μὲν
1382 2055 1467 2107 χρέ-

1459 250 1618 276 mulierum
1667 258 1739 277 usus

1459 290 1555 315 quare
1580 283 1660 323 apud
1686 292 1738 310 coe

1460 323 1640 342 conminuunt
1671 325 1738 344 cae-

1494 353 1559 375 tvm
1590 350 1705 377 similes

1493 381 1676 411 'furacibua

1459 530 1631 558 Nemorum
1665 532 1738 568 Scy-

1494 564 1564 590 thici
1585 573 1702 592 mores:

1460 597 1580 632 quando
1617 604 1648 625 et
1685 608 1738 626 cur

1460 631 1583 659 sedibus
1626 632 1738 660 relictis

803 2133 924 2157 ωνται
944 2113 1203 2165 Σκυθικοῖσι]
1234 2114 1370 2163 Attigit
1388 2114 1470 2151 He-

802 2176 957 2211 rodotea
977 2174 1145 2210 Eustath.
1166 2173 1212 2209 ad
1229 2171 1383 2221 Dionys.
1398 2171 1468 2207 Pe-

801 2233 890 2281 rieg.
917 2233 1013 2271 310.
1058 2230 1116 2267 De
1142 2228 1276 2266 Neuris
1313 2228 1468 2264 diximus

803 2289 853 2325 ad
876 2287 941 2335 lV,
965 2290 1027 2327 17.
1058 2286 1117 2324 De
1136 2299 1224 2323 voce
1247 2286 1364 2338 γενεῇ
1388 2297 1468 2321 mo-

801 2345 944 2382 nuimus
967 2344 1013 2382 ad
1038 2344 1084 2390 11,
1108 2341 1200 2384 142.
1250 2342 1360 2378 Hanc
1380 2353 1468 2378 vero

802 2401 980 2452 temporis
999 2400 1250 2438 definitionem
1265 2397 1466 2436 secundum

802 2459 988 2495 hominum
1016 2461 1157 2495 aetates
1175 2456 1275 2505 apud
1294 2454 1465 2492 Herodo-

803 2519 881 2553 tum
907 2527 1026 2564 aeque
1056 2518 1170 2563 atque
1188 2513 1392 2549 Homerum
1414 2510 1467 2546 la-

804 2573 875 2609 tius
887 2575 1015 2623 patere
1032 2584 1101 2608 nec
1118 2574 1257 2608 certum
1276 2567 1465 2618 quoddam

807 2629 1075 2678 definitumque
1102 2638 1281 2664 annorum
1310 2623 1467 2673 spatium

806 2686 969 2723 indicare
996 2697 1106 2735 posse
1133 2694 1251 2732 nuper
1277 2678 1468 2717 contendit

808 2742 888 2791 Ley
908 2743 946 2779 in
963 2742 1084 2791 script.
1103 2740 1150 2776 de
1168 2739 1327 2786 Aegypt.
1346 2735 1411 2772 sat.
1430 2738 1469 2771 et

811 2798 947 2836 condit.
968 2798 1037 2835 sub
1057 2797 1183 2846 imper.
1208 2793 1331 2831 Perss.
1351 2804 1387 2843 p.
1400 2793 1467 2831 71.
