1863 3256
443 220 1011 263 MELPOMENE.
1072 223 1133 261 IV.

119 333 450 388 7οέπολαχόντες.

150 406 254 456 τούς
291 405 464 456 Μινύας
503 403 575 447 ἐπ’
607 401 693 447 οἷσι
722 404 904 446 θέλουσι
937 400 1088 445 mirol·

1335 230 1418 271 525

518 332 904 387 Λακεδαιμονίοισι
961 331 1007 373 δὲ
1065 330 1163 374 ἕαδε
1216 333 1418 380 δέκεσθαι

1148 403 1334 456 μάλιστα
1373 407 1418 448 δὲ

148 476 271 532 ἐνῆγε
314 489 448 532 σφεας
487 475 593 520 ὥστε
624 474 788 519 ποιέειν
817 477 955 516 ταῦτα
987 477 1074 516 τῶν
1110 474 1474 528 ΤυνδαριδέωνῙό

148 546 175 602 ἡ
217 550 415 604 ναυτιλίη
455 549 502 591 ἐν
542 551 596 604 τῇ
636 546 789 601 Ἀργοῖ.

850 543 1074 600 δεξάμενοι
1116 544 1161 587 δὲ
1199 546 1302 596 τοὺς
1333 550 1418 589 Μι-

148 616 280 666 νύας,
317 622 396 673 γῆς
425 635 468 662 τε
497 619 757 675 μετέδοσαν,
798 616 871 660 καὶ
900 614 943 668 ἐς
974 616 1116 672 φυλὰς
1148 616 1415 660 διεδάσαντο.

92 824 150 863 Ad
180 827 294 863 verba
328 821 396 865 ἐπ’
425 821 505 867 οἶσι
531 829 626 866 conf.
659 833 751 866 nott.

93 883 142 919 ad
169 883 204 930 1,
241 883 330 923 141.

149 941 224 990 γῆς
253 955 292 978 τε
324 939 562 990 μετέδοσαν,
610 941 677 981 καὶ
714 941 754 988 ἒς

93 992 225 1044 φυλὰς
242 993 490 1049 διεδάσαντο]
531 999 645 1036 Aliam
669 1012 753 1035 cau-

92 1066 168 1089 sam
184 1082 194 1098 ‚
225 1067 287 1090 cur
308 1056 468 1091 advenas
495 1056 650 1092 civitatis
675 1057 752 1093 iure

92 1110 285 1155 donarint,
337 1112 498 1148 afferunt
537 1112 752 1149 Plutarchus

91 1178 133 1202 ac
154 1167 358 1216 Polyaenus
382 1168 402 1204 l.
425 1169 446 1205 l.
465 1197 474 1212 ‚
507 1169 565 1216 qui
590 1169 753 1217 Tyrrhe-

90 1235 217 1259 norum
240 1238 265 1259 s.
289 1224 527 1273 Pelasgorum
552 1226 669 1271 filios,
705 1226 752 1261 ab

91 1277 375 1317 Atheniensibus
442 1281 566 1331 pulsos
632 1282 752 1317 Imbro

90 1334 320 1385 Lemnoque,
339 1337 548 1374 Taenarum
568 1338 751 1387 appulisse

90 1393 241 1429 tradunt
280 1406 322 1429 ac
356 1394 546 1442 Spartanis
581 1395 617 1430 in
655 1394 750 1431 bello

90 1461 171 1485 cum
198 1449 344 1486 Helotis
371 1463 478 1500 opem
504 1450 628 1488 tulisse
649 1463 750 1488 eam-

90 1517 163 1554 que
191 1506 238 1542 ob
260 1518 404 1543 causam
427 1507 575 1544 civitate
604 1520 647 1544 ac
674 1521 752 1544 ma-

87 1562 258 1598 trimonio
295 1563 464 1612 dignatos
504 1577 595 1601 esse.
656 1565 750 1601 Cum

89 1630 177 1655 vero
203 1631 323 1667 neque
348 1620 395 1655 ad
424 1621 659 1669 magistratus
686 1634 753 1658 ne-

92 1687 164 1723 que
195 1675 231 1711 in
260 1681 426 1713 senatum
455 1677 750 1725 admitterentur,

90 1731 129 1767 in
161 1732 404 1781 suspicionem
431 1746 494 1770 eos
520 1734 664 1772 venisse
690 1747 750 1771 re—

89 1800 170 1824 rum
197 1801 371 1826 novarum
401 1790 561 1838 indeque
584 1804 752 1840 compre-

90 1843 225 1881 hensos
258 1858 280 1882 a
300 1845 604 1884 Lacedaemoniis
626 1849 751 1884 vincu-

88 1899 131 1937 lis
163 1906 275 1950 atque
304 1904 470 1939 custodi-:2
498 1908 663 1941 retentos
695 1905 751 1941 su·-

89 1957 172 1994 isse.
230 1958 313 2001 Qua
333 1960 379 1997 de
398 1972 437 1996 re
457 1960 586 1997 eadem
605 1962 655 1997 sic
676 1961 750 1998 Va-

89 2013 198 2051 lerius
210 2013 390 2052 Maximus
404 2016 425 2052 l.
438 2015 461 2054 l.
492 2017 624 2063 „Quos
637 2018 751 2067 Spar-

89 2074 175 2107 tana
212 2071 338 2107 civitas
372 2079 543 2122 respectu
568 2074 752 2122 Tyndari-

89 2127 217 2163 darum
229 2149 283 2154 —
295 2128 470 2165 deductos
488 2131 573 2167 inde
595 2132 635 2178 (e
650 2131 752 2179 Tay-

89 2182 195 2233 geto)
221 2183 361 2232 legibus
385 2187 657 2236 commodisque
675 2188 749 2224 suis

89 2241 303 2287 immiscuit3
343 2243 408 2279 sed
432 2242 502 2279 hoc
518 2246 658 2280 tantum
682 2244 749 2281 be-

88 2297 255 2334 neficium
276 2299 311 2335 in
335 2299 501 2335 iniuriam
523 2300 619 2337 bene
643 2301 751 2337 meri-

89 2357 152 2391 tae
188 2355 285 2391 urbis
323 2368 478 2404 regnum
519 2356 749 2404 affectantes,

88 2413 335 2457 verterunt3“
383 2425 479 2461 quae
501 2413 581 2462 ipsa
605 2427 649 2450 ex
669 2414 750 2450 He-

88 2466 249 2503 rodoteis
264 2481 433 2518 expressa
451 2469 649 2506 arbitratur
662 2470 750 2506 Val-

89 2523 324 2571 ckenaerins,
364 2526 417 2562 cui
449 2537 471 2562 a
496 2525 689 2563 Plutarcho
713 2530 750 2564 et

88 2578 274 2626 Polyaeno
297 2581 404 2618 allata
429 2583 522 2619 ratio
552 2584 670 2631 magis
696 2583 749 2619 vi-

88 2636 197 2672 detur
236 2637 442 2685 probabilis.
501 2639 593 2676 Cum
625 2644 749 2677 autem

88 2691 135 2727 illi
161 2704 226 2740 per
253 2693 365 2729 tribus
386 2694 572 2732 distributi
592 2709 671 2734 esse
689 2697 747 2733 di-

89 2754 238 2795 cantur,
267 2748 336 2785 hoc
357 2749 401 2786 C.
422 2751 467 2787 O.
486 2752 659 2789 Miillerus
674 2753 747 2790 Or-

88 2804 253 2842 chomen.
278 2818 362 2855 pag.
381 2807 462 2847 313
485 2819 587 2857 seqq.
606 2809 652 2846 de
672 2814 748 2846 ter-

87 2861 143 2898 nis
180 2862 258 2898 istis
297 2861 439 2899 Dorum
481 2863 746 2913 Spartanorum

810 828 974 866 tribubus
1015 828 1169 879 intelligi
1205 842 1316 881 posse
1357 834 1472 880 negat

810 899 888 922 cum
912 885 1043 922 nullum
1070 899 1228 935 unquam
1252 888 1398 925 omnino
1415 889 1471 924 in-

810 947 865 979 ter
902 943 1104 991 Spartanos
1154 949 1267 993 atque
1310 945 1471 981 advenas

810 1000 980 1035 connubii
1006 1000 1061 1034 ius
1082 1000 1200 1036 suerit.
1259 1000 1352 1038 Tres
1374 1002 1470 1038 enim

810 1055 888 1091 illas
911 1056 946 1091 in
967 1056 1102 1102 tribus,
1134 1057 1268 1105 quibus
1293 1058 1472 1106 antiquis-

810 1113 900 1148 simo
922 1112 1007 1148 inde
1029 1125 1071 1148 ex
1092 1125 1182 1149 aevo
1204 1113 1470 1162 Spartanorum

810 1169 973 1205 constitit
988 1169 1191 1216 respublica
1221 1171 1336 1217 (conf.
1360 1171 1472 1207 citata

810 1226 856 1261 ab
882 1226 925 1262 C.
948 1224 992 1260 F.
1019 1225 1220 1262 Hermann.
1253 1227 1289 1262 in
1319 1227 1470 1264 Handb.

810 1281 876 1317 der
904 1280 1035 1317 hellen.
1060 1282 1331 1318 Staatsalterth.
1353 1281 1388 1332 ξ.
1415 1286 1469 1324 20

807 1342 883 1374 not.
902 1339 968 1383 3),
999 1338 1178 1374 neminem
1199 1339 1312 1387 recipi
1332 1340 1471 1388 potuis-

809 1406 848 1430 se
876 1393 1107 1442 pronuntiat,
1148 1395 1217 1430 nisi
1249 1395 1311 1442 qui
1342 1408 1469 1432 revera

807 1449 942 1487 Dorica
962 1450 1073 1500 stirpe
1094 1462 1133 1487 se
1152 1451 1343 1488 oriundum
1363 1451 1472 1502 plane

807 1507 1022 1557 probasset,
1066 1506 1348 1557 Minyarumque
1385 1508 1470 1544 stir-

807 1576 892 1613 pem
928 1563 1101 1600 Doricam
1138 1564 1471 1614 cognationemque

809 1633 888 1657 cum
919 1619 1112 1669 Spartanis
1139 1620 1322 1666 Doribus,
1360 1634 1470 1670 quam

807 1676 1020 1713 Herodotus
1039 1677 1222 1726 proferat,
1254 1689 1334 1714 eam
1354 1678 1470 1715 multo

807 1737 894 1783 post
915 1733 1035 1769 fictam
1066 1733 1178 1769 fuisse
1201 1733 1315 1770 videri
1344 1734 1390 1771 ab
1414 1734 1467 1770 his

806 1790 917 1839 ipsis,
947 1793 988 1826 ut
1011 1789 1199 1838 probabile
1217 1790 1385 1827 videatur
1397 1790 1472 1826 Mi-

806 1858 959 1894 nyarum
978 1847 1148 1896 posteris.
1190 1846 1298 1890 Quae
1321 1860 1400 1884 cum
1418 1848 1469 1884 ita

807 1903 899 1949 sint,
946 1915 1013 1952 per
1046 1903 1304 1940 Perioecorum
1342 1903 1467 1953 potius

807 1960 922 1996 tribus
943 1964 1053 2008 atque
1071 1959 1257 1996 Laeonum
1275 1960 1468 2009 indigena-

807 2029 885 2053 rum
906 2015 1053 2065 Minyas
1081 2017 1292 2053 distributos
1312 2029 1393 2055 esse
1410 2029 1470 2054 ar-

806 2073 984 2121 bitratur,
1014 2073 1104 2119 nisi,
1135 2074 1173 2109 id
1194 2075 1294 2122 quod
1317 2074 1370 2110 vel
1391 2087 1470 2110 ma—

809 2130 865 2177 gis
885 2130 933 2166 ad
953 2142 1075 2166 verum
1098 2129 1147 2165 illi
1168 2131 1343 2168 accedere
1367 2131 1470 2168 vide-

807 2191 887 2233 tur,
926 2187 1031 2223 sedes
1062 2199 1209 2236 prorsus
1240 2188 1420 2223 seiunctas
1447 2199 1470 2223 a

807 2242 956 2291 reliquis
981 2242 1166 2280 Laconiae
1182 2243 1305 2280 incolis
1319 2244 1355 2280 in
1368 2243 1468 2281 Tae-

808 2300 887 2336 nari
918 2301 1170 2349 promontorio
1205 2304 1317 2349 atque
1350 2300 1469 2337 insula

809 2356 966 2403 cratiae,
986 2368 1059 2392 non
1069 2356 1174 2392 valde
1187 2362 1324 2394 remota
1338 2357 1468 2406 (quip-

807 2426 855 2463 pe
875 2425 969 2461 quae
986 2413 1065 2449 loca
1088 2412 1242 2462 Minyis,
1273 2426 1368 2462 quae
1388 2414 1468 2450 sue-

807 2469 853 2505 rit
871 2482 962 2517 gens
979 2469 1085 2506 rebus
1111 2470 1298 2507 navalibus
1328 2470 1467 2515 dedita,

806 2527 961 2563 maxime
1011 2526 1226 2564 convenisse
1277 2531 1469 2564 consenta-

806 2581 956 2633 neum),
998 2586 1112 2631 atque
1146 2583 1255 2619 etiam
1284 2583 1321 2619 in
1354 2585 1468 2631 Amy-

806 2639 907 2677 claea
944 2640 1083 2678 ditione
1124 2639 1221 2677 inter
1259 2639 1324 2675 hos
1367 2641 1466 2687 ipsos

805 2696 973 2733 Achaeos
994 2697 1209 2741 Pedoecos,
1251 2708 1403 2744 quorum
1429 2694 1465 2729 in

804 2754 918 2790 tribus
948 2753 1084 2789 suerint
1113 2752 1269 2800 recepti,
1313 2761 1466 2799 accepe-

804 2810 887 2846 rint.
937 2809 1080 2852 Quibus
1113 2820 1185 2856 quo
1217 2807 1334 2842 minus
1364 2818 1466 2842 acce-

805 2867 913 2913 dam,
953 2865 1101 2902 obstant
1140 2864 1220 2913 ipsa
1248 2863 1368 2900 Patris
1395 2861 1465 2898 Hi-
