1946 3272
461 217 545 257 120
855 213 1326 253 HERODOTI

462 322 566 366 ἑπτοὶ
596 322 689 366 ἔτεα
718 323 790 366 καὶ
816 327 954 378 μῆνας
987 324 1134 375 πέντε,
1175 322 1340 366 ἄπαιδα
1370 321 1416 366 δὲ
1445 321 1494 365 τὸ
1524 318 1731 375 παράπαν

434 390 593 436 3έόντα
624 394 797 446 ἔρσενος
826 394 898 436 καὶ
927 394 1086 449 θήλεος
1114 393 1263 449 γόνου.
1324 392 1529 447 Περσέων
1557 391 1602 434 δὲ
1620 396 1733 435 τοῖσι

461 467 675 518 παρεοῦσι
714 462 889 518 ἀπιστίη
925 465 1062 519 πολλὴ
1099 463 1362 518 ὑπεκέχυτο,
1407 462 1512 513 τούς
1549 460 1734 517 Μάγους

463 535 573 591 ἔχειν
615 534 667 577 τὰ
706 534 968 589 πρήγματα·
1029 533 1123 576 ἀλλ’
1166 533 1395 589 ἠπιστέατο
1443 534 1511 577 ἐπὶ
1552 535 1788 589 διαβολῇ45

465 607 598 648 εἰπεῖν
625 603 887 660 Καμβύσεα,
917 602 969 646 τὰ
1002 601 1091 646 εἷπε
1119 604 1217 658 περὶ
1245 609 1325 648 τοῦ
1348 604 1565 660 Σμέρδιος
1592 602 1734 646 θανά-

435 681 573 725 [nov.
611 676 684 717 ἵνα
715 676 758 716 οἱ
796 674 1083 729 ἐκπολεμωθῇ
1118 678 1207 717 πᾶν
1235 675 1282 719 τὸ
1317 674 1549 730 Περσικόν.
1609 670 1733 718 οὗτοι

464 744 544 798 μέν
573 760 657 786 νυν
684 743 914 800 ἠπιστέατο
935 744 1129 800 Σμέρδιν
1152 744 1230 788 τόν
1249 744 1405 798 Κύρου
1435 745 1614 801 βασιλέα
1642 744 1734 788 ἁνε-

466 818 651 858 στεῶτα·
711 816 863 865 δεινῶς
894 831 979 870 γαρ
1011 816 1085 858 καὶ
1114 814 1138 858 ὁ
1173 815 1437 871 Πρηξάσπης
1473 816 1650 869 ἔξαριος
1678 811 1735 871 ἦν

466 902 525 940 μη
555 900 635 939 μεν
674 882 926 928 ἀποκτεῖναι
954 885 1290 941 Σμέρδιν·ού
1326 885 1411 941 γάρ
1440 902 1496 942 ην
1527 887 1571 929 οῖ
1598 885 1735 942 ἀσφα-

410 1104 544 1140 gnasse
564 1091 696 1137 tradit3
718 1090 785 1127 nisi
805 1091 871 1127 hos
890 1092 926 1128 in
947 1104 1073 1129 nume-

410 1161 470 1185 ros
502 1148 673 1185 mendum
700 1148 895 1196 irrepserit.
965 1148 1072 1184 Unus

411 1204 583 1241 Clemens
604 1203 869 1240 Alexandrinus
896 1204 1073 1241 Stromat.

410 1261 425 1297 l
446 1273 482 1310 p.
502 1259 582 1300 395
606 1260 717 1297 decem
736 1261 840 1310 ponit
860 1272 995 1307 annos;
1015 1273 1073 1298 re-

411 1316 498 1365 liqui
531 1317 724 1366 scriptores
756 1316 988 1354 Herodotum
1016 1330 1075 1354 se-

411 1376 595 1422 quuntur,
625 1374 744 1410 minus
765 1372 815 1409 illi
843 1373 990 1421 quidem
1015 1386 1076 1410 ac-

413 1433 537 1466 curate
566 1432 640 1465 octo
670 1441 786 1466 annos
812 1429 987 1479 Cambysi
1011 1430 1075 1465 tri-

412 1485 581 1522 buentes.
641 1483 693 1522 At
717 1486 797 1522 meir
822 1485 968 1549 quidem
991 1498 1076 1523 sen-

385 1568 388 1572 ·
413 1542 529 1578 tentia
541 1541 770 1578 Herodotum
782 1541 838 1577 hic
857 1542 958 1591 sequi
970 1554 1077 1592 prae-

413 1601 497 1634 stat.
535 1598 643 1637 Conf,
676 1597 724 1634 ad
753 1597 916 1634 Ctesiam
952 1598 1075 1635 laudd.

413 1665 499 1704 pag
518 1655 594 1693 131
618 1654 742 1703 ibique
763 1654 816 1690 Os
821 1654 956 1691 iandr.
948 1666 1079 1704 mpro-

413 1714 606 1758 grammat.
627 1710 661 1746 11
691 1710 738 1747 de
767 1710 890 1746 Ctesia
919 1710 1076 1758 (Stuttg.

417 1765 546 1813 1821)
574 1763 611 1815 ἓ.
638 1766 692 1807 25
723 1778 807 1816 pag.
834 1766 884 1806 15
910 1766 999 1804 haec
1025 1767 1078 1802 ita

415 1821 606 1859 conciliare
637 1823 868 1868 studentem,
901 1826 939 1859 ut
970 1822 1077 1871 quin-

415 1877 531 1915 decim
545 1878 647 1915 annis
666 1882 752 1916 ante
764 1879 795 1915 C
797 1879 851 1927 yri
868 1879 1004 1915 obitum
1018 1891 1076 1916 re-

415 1934 477 1982 gio
498 1935 660 1983 quodam
685 1934 825 1972 honore
849 1939 910 1971 aut
930 1935 1078 1984 provin-

417 1990 496 2026 ciae
514 1989 661 2027 alicuius
678 1991 907 2040 praefectura
917 1991 1078 2040 Camby-

417 2058 494 2082 sem
515 2050 680 2083 ornatum
699 2047 811 2083 fuisse
830 2051 958 2082 sumat.
1002 2046 1077 2083 lta-

417 2114 491 2150 que
508 2101 627 2138 malim
647 2103 781 2140 referre
803 2102 993 2150 Cambysis
1012 2103 1079 2139 ob-

417 2157 508 2194 itum
528 2158 576 2194 ad
596 2157 889 2208 Olymp.LXlV,
907 2158 932 2197 4
951 2171 980 2195 s.
997 2158 1075 2198 521

418 2226 453 2250 a.
474 2213 560 2250 Chr.
581 2227 616 2251 n.
648 2215 730 2251 Vid.
751 2214 910 2251 Clinton.
936 2215 1037 2251 Fast.
1058 2227 1080 2251 a

418 2269 589 2317 Kriigero
610 2283 789 2308 converss.
810 2283 895 2320 pag.
913 2270 974 2311 14.
986 2270 1079 2308 Lar-

419 2325 515 2361 cher.
533 2326 601 2371 (T.
613 2327 678 2362 VH
697 2340 733 2376 p.
746 2329 846 2375 630)
867 2340 1000 2363 annum
1014 2341 1082 2377 po-

418 2381 475 2417 nit
494 2381 575 2420 522
597 2395 628 2418 a.
650 2382 734 2418 Chr.
754 2395 789 2419 n.
831 2384 907 2420 Sed
926 2383 993 2420 hoc
1015 2384 1082 2420 mi-

419 2449 498 2473 rum
520 2441 597 2482 est,
627 2439 726 2487 apud
747 2438 939 2488 scriptores
959 2440 1079 2477 orien-

420 2491 513 2529 tales
535 2493 709 2542 ipsosque
731 2494 862 2531 Persas
882 2495 968 2530 nihil
988 2495 1081 2533 rela-

420 2552 497 2585 tum
512 2549 663 2585 inveniri
684 2563 750 2586 nec
763 2551 808 2587 de
822 2551 1004 2599 Cambyse
1018 2564 1084 2588 nee

421 2605 468 2641 de
492 2605 635 2641 Smerdi
663 2605 787 2653 Mago.
848 2606 1083 2656 Quapropter

421 2659 604 2697 Malcolm.
633 2659 758 2710 (Hist.
792 2662 891 2698 Pers.
917 2663 926 2697 l
961 2675 996 2711 p.
1029 2662 1082 2703 46

422 2717 578 2753 version.
602 2717 800 2764 vernacul.)
832 2731 983 2765 regnum
1010 2720 1084 2756 τοῦ

423 2771 604 2823 Lohrasp,
634 2774 734 2822 quod
755 2786 820 2823 per
844 2774 947 2809 CXX
967 2787 1082 2811 annos

425 2829 640 2877 extendunt,
657 2834 693 2867 et
704 2830 894 2878 Cambysis
912 2835 947 2867 et
959 2830 1083 2868 Smer-

1131 1091 1186 1128 dis
1204 1104 1354 1141 regnum
1372 1091 1477 1129 simul
1496 1091 1795 1143 comprehendis-

1131 1161 1170 1186 se
1191 1150 1387 1186 existimat.

1187 1237 1255 1276 ι’να
1284 1236 1325 1276 οἵ
1352 1236 1618 1291 ἐκπολεμωθῇ
1640 1238 1724 1275 πᾶν
1746 1233 1791 1275 τό

1133 1289 1349 1345 Περσικόν]
1380 1295 1402 1330 i.
1425 1307 1456 1331 e.
1478 1297 1518 1330 ut
1543 1296 1593 1330 sic
1621 1305 1716 1329 omne
1736 1292 1794 1328 illi

1130 1364 1249 1388 Ίῑυηιειι
1263 1350 1443 1387 Persecum
1462 1350 1568 1387 -ενειῖιΙ
1554 1354 1664 1386 oretur
1684 1350 1793 1385 hosti-

1132 1408 1173 1444 le.
1207 1422 1245 1446 οι
1266 1408 1314 1444 ad
1344 1407 1513 1444 Smerdin
1541 1410 1696 1458 spectat.
1734 1405 1794 1442 De

1130 1464 1243 1501 verbo
1291 1461 1536 1513 ἐκπολεμοῦν
1575 1461 1792 1510 wesseling.

1133 1521 1226 1557 conf.
1246 1521 1294 1565 V,
1308 1521 1373 1561 73.
1406 1519 1602 1569 loseph.B.
1622 1519 1698 1555 Iud.
1713 1518 1794 1564 Vll,

1137 1578 1187 1615 10
1210 1574 1298 1626 §2
1330 1576 1496 1612 Ammon.
1528 1574 1589 1626 [cf.
1617 1575 1796 1612 Animad-

1132 1645 1244 1670 verss.
1256 1631 1429 1669 Valcken.
1448 1644 1528 1681 cap.
1546 1633 1596 1671 18
1617 1643 1702 1680 pag.
1713 1630 1796 1679 72]‚

1132 1688 1290 1725 Moerid.
1312 1686 1412 1737 [pag.
1433 1689 1514 1727 309
1532 1688 1589 1725 ed.
1607 1686 1735 1735 l’iers.]
1758 1691 1797 1724 et

1133 1745 1265 1782 Thom.
1298 1743 1447 1793 Magist.
1476 1742 1526 1794 [p.
1556 1742 1668 1793 703}
1697 1740 1796 1780 Add.

1133 1801 1274 1839 Herod.
1297 1799 1360 1848 IV,
1386 1802 1478 1840 120.

1193 1896 1218 1940 οἷ
1230 1916 1253 1940 ν
1266 1915 1282 1940 ε
1293 1913 1343 1940 στ
1353 1915 1368 1940 ε
1379 1902 1411 1939 ὤ
1421 1915 1440 1939 τ
1450 1899 1490 1950 α]
1522 1900 1661 1938 Contra
1680 1899 1795 1937 libro-

1134 1971 1212 1995 rum
1262 1962 1487 1995 vetustorum
1548 1956 1798 1994 auctoritatem

1135 2013 1309 2051 Valcken.
1332 2014 1389 2050 hic
1411 2013 1517 2050 scribi
1533 2013 1610 2049 vult
1631 2011 1683 2051 ἐν
1697 2025 1796 2051 εστε-

1138 2072 1217 2109 ὦτα
1239 2075 1275 2107 et
1293 2070 1328 2107 h.
1349 2069 1370 2106 l.
1391 2074 1428 2107 et
1446 2069 1639 2115 111‚67,ut
1658 2068 1686 2115 I,
1705 2071 1798 2110 120.

1137 2127 1221 2170 Qua
1262 2130 1385 2163 tamen
1427 2125 1686 2163 emendatione
1722 2138 1796 2162 non

1137 2195 1251 2232 opus;
1269 2183 1441 2231 frequens
1460 2183 1554 2219 enim
1575 2175 1796 2228 ἀνιστάναι,

1136 2239 1199 2276 ubi
1218 2239 1265 2276 de
1284 2238 1481 2276 rebellione
1502 2251 1621 2276 sermo
1644 2242 1710 2276 est.
1740 2238 1797 2274 Cf.

1137 2295 1202 2343 111,
1226 2297 1291 2336 62.

1195 2382 1357 2433 ἔξαρνος
1390 2377 1444 2434 ἦν
1475 2380 1538 2434 μή
1577 2381 1667 2433 μὲν
1701 2377 1798 2422 (ἶπο-

1137 2438 1302 2489 melma]
1335 2436 1419 2489 μὲν,
1449 2440 1547 2477 cuius
1565 2439 1643 2476 loco
1663 2439 1736 2476 duo
1758 2440 1798 2476 li-

1138 2496 1194 2532 bri
1217 2510 1307 2546 μιν,
1339 2496 1466 2532 lonum
1498 2508 1540 2532 ex
1561 2509 1628 2532 usu
1654 2497 1801 2545 ponitur

1139 2564 1205 2602 pro
1229 2547 1321 2601 μήν,
1353 2552 1508 2588 docente
1537 2553 1691 2601 Gregor.
1719 2553 1799 2589 Co-

1139 2608 1245 2644 rinth.
1280 2608 1328 2644 de
1357 2607 1442 2644 dial.
1473 2607 1546 2644 lon.
1571 2607 1609 2659 §.
1631 2611 1708 2655 62,
1738 2609 1799 2645 ubi

1138 2663 1209 2699 vid.
1230 2663 1350 2699 Koen.
1370 2663 1509 2712 p.471.
1542 2665 1798 2702 Cons.Herod.

1139 2719 1186 2765 ll,
1216 2720 1305 2757 118.
1332 2719 1396 2765 ΙΙΙ,
1423 2719 1488 2759 74.
1512 2721 1577 2759 99.
1610 2721 1668 2759 De
1687 2722 1801 2771 parti-

1140 2775 1214 2811 cula
1237 2771 1290 2825 μή
1313 2777 1407 2811 cous.
1430 2774 1562 2813 Matth.
1587 2777 1653 2816 Gr.
1675 2778 1740 2815 Gr.
1762 2775 1799 2828 ξ.

1141 2831 1234 2880 534,
1265 2837 1339 2868 not.
1363 2830 1400 2869 4.
