1863 3256
431 132 1120 176 MELPOMENE.1V.
1329 139 1412 177 333

136 252 224 291 τῶν
247 247 601 304 καταλεχθέντων
631 245 703 288 καὶ
734 244 880 288 ἄλλων
908 245 1086 285 πολλῶν
1118 244 1414 298 συμβαλλομέ-
1472 247 1557 319 &222
1576 256 1746 315 ¹¹‘'‚¹¹ae¹''⁰·

134 336 226 362 νων
258 320 307 363 τό
341 320 552 375 σφέτερον
583 316 729 371 ὕδωρ,
766 317 931 371 γίνεται
961 315 984 358 ὁ
1004 315 1176 368 Ἴστρος
1202 318 1413 368 ποταμῶν
1470 322 1520 372 ξἠῗ
1514 334 1555 373 ,ω’
1579 291 1688 374 ¹⁸33ch
1671 324 1698 348 Ψ
1693 315 1749 374 ’ζὶξ

107 391 351 445 Ε’μὲγιστος.
411 391 502 434 ἐπεὶ
532 390 654 443 ὕδωρ
686 404 733 444 γε
761 389 811 431 ’ἑν
841 385 954 441 πρός
982 389 1032 430 ἓν
1063 384 1353 442 συμβαλλειν,
1389 384 1411 429 ὁ
1471 381 1731 472 ῑοᾜῑῇῃζῃ,
1718 399 1746 441 m'

1615 453 1732 474 aestate

135 465 296 511 Νεῖλος
325 459 486 515 πλήθεϊ
515 458 799 515 αποκρατέει·
843 459 886 510 ἐς
912 457 994 513 γὰρ
1027 456 1080 513 δὴ
1110 460 1273 500 τοῦτον
1304 454 1500 505 οὔτε35
1489 447 1604 513 „¹¹¹g‘g,

133 531 349 587 ποταμός,
400 530 501 572 οὔτε
540 530 679 587 κρήνη
718 530 902 583 ουδεμία
939 529 1198 576 ἐσδιδοῦσα,
1239 527 1284 578 ἐς
1313 531 1415 582 πλῆ-
1475 532 1560 573 304

104 602 221 653 3θός
251 603 296 645 οἱ
325 599 631 656 συμβάλλεται.
682 603 776 651 ἰ’σος
816 600 861 644 δὲ
902 602 984 644 αἰεὶ
1021 601 1109 657 ῥέει
1138 600 1186 644 ἔν
1215 617 1259 644 τε
1288 599 1413 654 θέρεϊ

136 674 209 716 καὶ
231 675 404 728 χειμῶνι
426 671 448 715 ὁ
469 672 664 726 Ἴστρος,
698 672 808 716 κατὰ
841 671 1013 716 τοιόνδε
1044 690 1106 725 τι,
1138 670 1197 723 ὥς
1223 672 1317 728 ἐμοὶ
1338 674 1410 715 δο-

103 743 234 787 <luiz-ez.
293 748 374 787 τοῦ
403 744 482 799 μὲν
510 748 744 800 χειμῶνος,
776 743 864 787 ἐστὶ
889 742 992 796 ὅσος
1022 743 1103 799 πέρ
1132 744 1243 791 ἐστι,
1279 743 1410 802 ὀλίγῳ
1423 747 1468 784 4ο

129 831 174 858 τε
205 814 345 871 μέζων
373 820 449 872 τῆς
477 816 647 859 ἑωυτοῦ
678 815 841 872 φύσιος
870 818 1058 871 γίνεται·
1113 816 1237 859 ὕεται
1268 815 1351 872 γὰρ
1382 815 1409 872 ἡ

128 890 186 942 γῆ
224 886 333 943 αὕτη
372 891 453 931 τοῦ
491 892 704 944 χειμῶνος
735 887 921 942 πάμπαν
952 885 1109 942 ὀλίγῳ,
1160 891 1325 944 νιφετῷ
1364 886 1410 930 δὲ

101 957 277 1001 5πάντα
306 957 495 1014 χρέεται·
535 964 616 1004 τοῦ
647 961 693 1004 δὲ
723 960 878 1014 θέρεος
907 956 933 1014 ἦ
963 956 1071 1014 χιών
1100 956 1127 1015 ἡ
1159 959 1205 1002 ἐν
1236 963 1298 1017 τῷ
1327 975 1408 1015 χει-

130 1033 245 1085 μῶνι
269 1034 489 1083 πεσοῦσα,
519 1031 657 1075 ἐοῦσα
686 1029 967 1087 ἀμφιλαφὴς,
998 1030 1214 1086 τηκομένη
1247 1029 1407 1074 πάντο-

129 1106 211 1144 θεν
249 1101 418 1146 ἐσδιδοῖ
460 1103 503 1154 ἐς
541 1105 620 1146 τὸν
649 1103 847 1157 Ἴστρον·
909 1100 1020 1157 αὕτη
1060 1117 1103 1144 τε
1145 1101 1198 1157 δὴ
1238 1101 1265 1158 ἡ
1303 1101 1465 1158 χιών45

130 1172 366 1217 ἐσδιδοῦσα
395 1172 438 1224 ἐς
468 1172 627 1226 αὐτὸν,
667 1172 968 1230 συμπληθύει,
1008 1172 1083 1216 καὶ
1113 1170 1276 1230 ὄμβροι
1304 1179 1408 1217 πολ-

2 1639 6 1678 1—
0 793 11 1630 ffl.——-„———-—-..,.W
0 597 10 787 -.-<-ι-ν-,-

73 1313 192 1351 alluit.
203 1316 229 1334 ‘⁴'
258 1315 315 1351 Ita
335 1313 540 1363 Schweigh.
571 1312 654 1351 Nec
673 1312 740 1350 ali-

71 1375 127 1408 ter
150 1373 227 1409 fere
247 1371 403 1409 Rennel.
436 1383 522 1421 pag.
543 1369 624 1411 401
639 1399 650 1417 ,
684 1370 739 1407 his

71 1429 190 1465 verbis
209 1429 271 1477 qui
292 1429 443 1465 indicari
461 1432 581 1478 putat,
604 1427 738 1465 Istrum

72 1485 110 1522 in
136 1485 294 1522 confinia
311 1485 485 1535 Scythiae
506 1485 654 1523 intrare.

311 1542 424 1593 Cap.
455 1540 497 1578 L.

132 1595 216 1636 ἐπεὶ
249 1593 359 1650 ὕδωρ
391 1619 446 1626 —
487 1592 740 1648 ἀποκρατέει]

75 1655 214 1692 Sensus
229 1660 303 1692 est:
334 1667 418 1692 nam
437 1656 470 1691 si
486 1654 596 1691 solius
608 1653 740 1702 (Ist'rz')

70 1724 136 1762 per
155 1725 190 1748 se
207 1724 338 1761 aquam
359 1724 436 1749 cum
447 1710 531 1749 Nili
550 1725 647 1762 aqna
659 1725 740 1748 con-

5 1784 6 1787 *
66 1767 193 1818 feras,
233 1768 337 1819 copz'd
366 1769 467 1806 illum
497 1773 642 1819 superat
668 1767 741 1806 Νι-

74 1825 142 1862 lus.
194 1825 253 1863 De
288 1826 471 1863 locutione
493 1826 540 1865 ἓν
563 1823 664 1877 πρὸς
693 1825 739 1864 ἓν

73 1877 335 1932 συμβάλλειν,
370 1884 417 1920 de
434 1896 507 1931 qua
527 1883 617 1920 citat
630 1882 740 1920 Wes-

74 1939 207 1987 seling.
241 1938 376 1977 Athen.
406 1939 494 1976 XIV
522 1953 559 1990 p.
593 1939 676 1981 652
693 1939 738 1976 F.

72 1995 153 2032 coll.
176 1995 383 2044 Thucydid.
407 1996 453 2043 ll,
477 1998 553 2044 97,
585 1996 642 2033 Tu
664 1996 739 2033 vid.

75 2051 212 2090 Matth.
234 2053 298 2089 Gr.
318 2053 384 2090 Gr.
406 2051 442 2104 ὃ.
457 2051 538 2094 545
561 2067 598 2104 p.
619 2054 739 2093 1069.

75 2108 201 2156 „Alibi
233 2110 364 2146 dicitur
395 2110 540 2147 brevius
569 2110 616 2149 ἓν
646 2104 741 2148 ἄνθ’

76 2161 191 2213 ἑνός,
232 2170 272 2203 ut
304 2166 451 2204 Platoni
473 2166 531 2205 De
564 2180 640 2217 rep.
663 2166 738 2217 lp.

75 2224 155 2264 331
180 2236 216 2273 p.
239 2226 285 2263 11
306 2223 426 2261 Bekk.
440 2253 452 2269 ,
480 2223 541 2261 ubi
563 2225 636 2261 vid.
657 2222 739 2260 Ast.

75 2292 112 2329 p.
133 2281 214 2321 339
247 2284 285 2317 et
314 2282 409 2317 conf.
435 2280 653 2318 Stallbaum.
692 2280 740 2318 ad

77 2335 215 2373 Phileb.
249 2334 287 2387 ἓ.
314 2339 389 2377 161
429 2350 466 2387 p
496 2340 590 2378 216.
604 2338 628 2357 “
671 2336 739 2375 Cr.

77 2390 140 2428 Tu
162 2393 246 2430 add.
265 2393 484 2443 Bernhardy
501 2394 551 2431 ad
571 2393 738 2431 Eustath.

78 2447 126 2484 ad
144 2447 296 2499 Dionys.
310 2450 454 2500 Perieg.
475 2463 562 2501 pag
577 2451 671 2492 853.
683 2472 740 2479 —

81 2498 314 2569 ἀποκρατέει
350 2508 447 2557 (pro
491 2505 738 2559 ἐπικρατέει)

77 2561 205 2610 scripsi
236 2574 316 2599 cum
352 2568 503 2602 recentt.
541 2565 625 2602 edd.
657 2578 737 2602 cum

79 2612 158 2655 οἷπό
175 2618 275 2655 verbi
304 2619 475 2670 simplicis
501 2621 572 2658 vim
599 2634 738 2670 augere

77 2674 246 2711 videatur
259 2702 269 2720 ,
306 2679 346 2712 ut
367 2677 403 2712 in
430 2681 489 2714 tot
507 2677 584 2715 aliis
605 2678 738 2716 verbis.

79 2731 136 2768 Cf.
150 2730 212 2776 lv,
233 2730 299 2771 75.
311 2751 368 2759 —--
385 2732 438 2769 Ut
458 2738 566 2772 antea
583 2729 739 2773 τούτων

77 2800 144 2836 pro
164 2785 359 2834 τουτέων,
390 2789 442 2826 sie
464 2802 548 2827 mox
570 2787 738 2842 ου’δεμία

798 1326 868 1364 pro
901 1307 1069 1363 ου’δεμίη
1096 1326 1175 1350 cum
1205 1313 1396 1350 Gaisford.
1428 1319 1467 1352 et

798 1369 933 1407 Matth.
954 1370 1199 1421 rescripsi.—
1219 1370 1344 1408 Verba
1358 1383 1464 1420 seqq.

798 1425 838 1473 ἐς
864 1424 940 1478 γοῖρ
977 1424 1028 1477 δή
1060 1429 1205 1466 τοῦτον
1234 1442 1269 1466 κ.
1297 1442 1328 1465 τ.
1351 1431 1384 1465 λ.
1408 1441 1467 1465 re-

798 1484 908 1534 spicit
935 1484 1104 1522 Eustath.
1134 1485 1182 1522 ad
1204 1483 1360 1535 Dionys.
1393 1484 1466 1523 Pe-

797 1541 886 1589 rieg.
911 1543 1007 1582 226.

856 1593 968 1635 ὕεται
985 1594 1058 1649 γαρ
1082 1594 1111 1648 ἦ
1130 1595 1208 1649 γῆ]
1251 1597 1371 1635 Infra:
1401 1593 1468 1637 ὕει

798 1669 873 1706 γαρ
899 1651 948 1705 δη
967 1651 1011 1694 τὸ
1035 1652 1178 1719 θέρος.
1203 1654 1263 1692 Tu
1276 1655 1321 1691 cf.
1338 1654 1384 1702 ΙΙ,
1401 1657 1465 1696 10.

854 1713 1007 1765 νιφετῶ
1038 1709 1080 1750 δὲ
1121 1727 1253 1750 παντα
1287 1711 1464 1762 χρέεται]

797 1768 871 1805 Pro
903 1764 1033 1807 πάντα
1064 1768 1250 1805 Sancrosti
1287 1768 1380 1807 liber
1413 1784 1461 1807 τα

795 1840 947 1874 παπ-ας
977 1825 1193 1863 haudmale.
1213 1823 1364 1878 χρὲεται
1381 1839 1461 1863 cum

796 1882 1000 1932 Schweigh.
1023 1886 1061 1919 et
1085 1882 1203 1920 Gaisf.
1228 1883 1374 1932 reposui
1396 1895 1463 1933 pro

797 1941 960 1989 χρᾶται,
1007 1939 1110 1989 quod
1138 1938 1273 1977 Matth.
1304 1940 1464 1976 retinuit.

798 1996 856 2033 Cf.
879 1996 908 2044 Ι,
932 1998 997 2038 58.
1037 1996 1102 2042 ΙΙΙ,
1127 1998 1181 2037 78
1203 2001 1274 2034 etc.
1325 1997 1464 2034 Sensus

796 2052 867 2090 loci
889 2058 965 2091 est:
995 2055 1059 2090 πίει·
1079 2065 1158 2090 vero
1175 2055 1292 2090 omnia
1310 2054 1464 2098 obtinet,-

797 2110 860 2146 ubi
887 2112 934 2147 ad
964 2114 1183 2147 structuram
1213 2109 1333 2161 suppl.
1362 2106 1464 2161 αὕτη

798 2164 828 2217 ἦ
848 2169 901 2218 γῆ
933 2164 971 2218 (i.
994 2181 1026 2205 e.
1059 2170 1260 2204 constanter
1287 2169 1368 2204 nive
1391 2169 1465 2204 uti-

798 2227 860 2260 tur
880 2227 977 2261 terra
993 2223 1119 2273 haec),
1150 2224 1292 2262 collatis
1309 2224 1398 2262 locis
1416 2224 1465 2261 si-

798 2280 961 2329 milibus,
1004 2294 1097 2330 quos
1126 2281 1315 2330 congessit
1348 2281 1466 2319 Hem-

799 2338 951 2375 sterhus.
977 2338 1026 2374 ad
1046 2337 1257 2376 Callimach.
1288 2338 1324 2374 in
1352 2337 1464 2376 Dian.

800 2396 866 2436 69.
910 2394 1045 2444 Neque
1077 2395 1173 2432 enim
1197 2395 1291 2441 huc,
1322 2396 1465 2446 opinor,

796 2451 957 2502 pertinet
976 2451 1152 2500 Hesychii
1180 2452 1325 2502 glossa:
1372 2454 1465 2504 χρᾶ-

796 2519 881 2547 ται·
928 2504 1161 2559 μολύνεται,
1203 2514 1244 2546 ut
1274 2509 1342 2545 loci
1373 2509 1464 2546 haec

797 2565 845 2602 sit
875 2566 1082 2603 sententia:
1124 2567 1204 2602 nive
1234 2567 1348 2603 omnia
1379 2566 1463 2615 infi-

795 2623 940 2659 ciuntur
959 2626 992 2660 et
1012 2622 1166 2660 sordent.
1179 2643 1236 2649 —-
1254 2621 1316 2659 Ad
1334 2633 1460 2659 vocem

795 2676 1039 2730 ἀμφιλαφής
1063 2680 1099 2716 in
1122 2692 1227 2728 seqq.
1249 2679 1344 2716 conf.
1366 2681 1460 2714 nott.

796 2737 845 2774 ad
865 2736 931 2782 111,
955 2736 1047 2777 114.
1076 2735 1138 2783 lv,
1159 2737 1225 2776 28.

851 2789 995 2844 ὄμβροι
1027 2792 1170 2831 πολλοί
1204 2805 1245 2829 τε
1281 2788 1351 2828 καὶ
1387 2784 1459 2828 λά-
