1863 3256
479 222 1152 262 MELPOMENE.1V.

189 337 300 390 φῇσι
329 333 508 391 φλέβας·

186 403 449 459 κροτάφοισι
460 422 468 431 ·

1360 234 1444 273 613

568 333 826 389 μετεξέτεροι
859 333 905 376 δὲ
934 331 1108 385 αὐτῶν,
1148 332 1223 384 τὰς
1253 335 1299 377 ἐν
1330 343 1442 382 τοῖσι

527 407 655 449 τοῦδε
698 406 861 456 εἵνεκα,

913 400 973 454 ὦς
1013 403 1071 459 μή
1111 414 1246 459 σφεας
1284 404 1327 455 ές
1364 408 1495 450 τὸν45

185 475 326 518 πάντα
365 476 529 531 χρόνον
566 475 809 530 καταρρέον
846 474 1013 531 φλέγμα
1049 474 1096 517 ἐκ
1132 479 1208 531 τῆς
1248 480 1440 531 κεφαλῆς

152 548 377 602 3δηλῆται.
416 547 490 590 καὶ
527 547 599 590 διά
640 545 769 590 τοῦτό
811 556 946 599 σφεας
982 543 1156 601 λέγουσι
1185 543 1295 589 εἶναι
1323 545 1443 602 ὑγιη-

185 617 406 671 ροτάτους.
445 617 526 659 εἰσὶ
555 617 637 672 γάρ
662 616 720 668 ὠς
735 616 929 673 ἀληθέως
949 618 993 659 οἱ
1012 617 1170 672 Λίβυες
1192 614 1442 671 ἀνθρώπων

173 687 352 730 πάντων
390 685 690 742 ὑγιηρότατοι,
727 690 816 730 τῶν
844 686 963 742 ἡμεῖς
992 688 1136 742 ἴδμεν·

1195 689 1232 731 εἰ
1261 687 1340 743 μὲν
1369 687 1443 738 διὰ

180 761 333 808 τοῦτο,
365 755 448 800 οὐκ
477 757 555 813 ἔχω
585 755 794 811 ἀτρεκέως
824 754 959 810 εἶπαι,
993 756 1272 813 ὑγιηρότατοι
1301 757 1343 802 δ’
1377 753 1497 802 (31150

152 828 278 871 4εῑσί.
320 827 378 883 ἢν
415 827 461 871 δὲ
493 829 671 870 καίουσι
700 827 753 871 τά
779 829 932 871 παιδία
961 828 1157 883 σπασμὸς
1187 828 1441 886 ἐπιγένηται,

180 897 402 953 ἐξεύρηταί
456 905 536 952 σφι
593 897 717 948 ἄκος·

786 897 955 954 τράγου
1002 894 1142 953 οὖρον
1191 902 1441 951 σπείσαντες
1498 912 1580 955 364

180 967 366 1025 ῥύονταί
405 979 529 1024 σφεα.
588 969 696 1025 λέγω
737 969 783 1013 δὲ
818 969 871 1013 τοὶ
904 969 1081 1026 λέγουσι
1111 969 1236 1014 αὐτοὶ
1267 972 1437 1027 Λίβυες.
1481 1010 1495 1022 .,

125 1113 283 1151 conferri
321 1111 397 1148 vult
424 1110 610 1161 Ludolph.
644 1110 783 1149 Histor.

121 1169 294 1219 Aethiop.
324 1168 396 1213 Ill,
429 1170 453 1207 6
483 1180 537 1204 nr.
568 1167 635 1209 42.
681 1167 780 1207 Add,

122 1226 341 1276 Hippocrat.
360 1224 419 1261 De
447 1236 520 1260 aer.
542 1236 600 1272 aq.
629 1228 665 1261 et
693 1223 816 1261 loma»

122 1279 160 1332 ἓ.
184 1284 263 1323 100
297 1281 344 1318 de
375 1279 519 1328 Scythis
551 1279 780 1327 scribentem,

123 1338 185 1387 qui
227 1337 374 1374 omnino
423 1335 582 1372 crebrius
630 1339 781 1372 utantur

120 1393 323 1431 ustionibus
374 1392 413 1428 in
463 1391 570 1427 variis
613 1391 775 1440 corporis

118 1449 283 1501 partibus
311 1449 360 1485 ad
399 1447 560 1497 corporis
589 1447 776 1484 valetudi-

118 1519 203 1544 nem
221 1517 264 1542 ae
273 1506 426 1542 formam
442 1504 615 1541 tuendam
627 1503 776 1540 firman-

118 1563 301 1611 damque,
338 1561 400 1597 ubi
422 1560 560 1596 Coraes
585 1572 670 1610 pag.
693 1561 773 1600 303

116 1619 234 1656 nostri
251 1618 318 1655 loci
336 1616 458 1653 haud'
450 1628 649 1663 lmmemor‚
669 1615 774 1652 simul

116 1675 238 1724 gentis
287 1673 539 1710 Ostiaccorum
584 1672 772 1718 admonet,

115 1731 179 1781 qui
200 1729 404 1767 huiusmodi
431 1729 594 1765 ustiones
621 1728 772 1765 adhibe-

115 1791 199 1834 ant,
226 1790 321 1824 teste
341 1785 476 1831 Pallas,
500 1785 548 1821 ad
568 1785 686 1822 varios
706 1785 773 1821 do-

114 1843 234 1888 iores,
275 1843 424 1880 morbos
461 1840 771 1878 inflammatorios.

115 1920 172 1929 -—-
200 1898 290 1936 Mox
319 1911 386 1949 pro
418 1896 461 1936 ἐν
496 1901 599 1936 τοῖσι
631 1892 770 1948 κροτά-

117 1967 231 2006 φοισι
252 1956 323 1991 duo
344 1954 424 1991 libri
444 1952 487 1992 ἐν
509 1956 622 2008 τῇσι
641 1968 769 2004 zoom,-

115 2013 216 2061 quod
233 2012 303 2047 nisi
320 2011 546 2047 librariorum
565 2023 585 2047 e
602 2010 770 2047 socordia

114 2069 230 2114 fluxit,
252 2067 463 2113 videndum,
483 2080 531 2104 ne
546 2066 653 2104 lones
669 2066 769 2103 haud

114 2136 231 2175 pauca
249 2124 417 2170 nomina,
454 2135 547 2171 quae
566 2123 675 2171 vulgo
691 2134 769 2159 ma-

113 2180 237 2217 sculini
258 2183 341 2216 suut
367 2180 533 2227 generis,
570 2179 769 2216 foeminino

112 2237 347 2273 adhibuerint
371 2248 517 2283 genere.
566 2234 676 2272 Conf.
703 2234 768 2281 lV,

116 2295 207 2333 183.
235 2290 328 2333 184.
372 2290 526 2342 φλέγμα
545 2295 602 2328 est
620 2292 766 2341 pituita.

112 2347 211 2386 Nos:
243 2347 417 2395 Schleim,
448 2346 557 2396 Saft,
587 2347 693 2396 quale
712 2347 768 2383 ni-

112 2405 242 2442 mirum
263 2417 285 2442 e
311 2405 408 2441 male
437 2404 577 2441 affectis
605 2404 767 2452 corporis

112 2460 274 2510 partibus
292 2473 461 2498 emanare
480 2459 583 2497 solet.
612 2458 766 2496 Latino-

112 2529 192 2553 rum
226 2515 295 2554 huc
325 2520 500 2553 revocant
525 2515 698 2564 Flegma,
736 2527 765 2551 s.

114 2571 308 2619 Plllegma,
354 2572 401 2609 de
437 2585 510 2622 quo
543 2573 698 2609 Gesner.
728 2572 765 2608 in

113 2627 227 2665 Thes.
248 2626 292 2664 L.
310 2625 356 2663 L.
381 2627 469 2665 citat
497 2627 567 2665 Th.
594 2628 764 2665 Priscian.

114 2684 162 2720 ‹le
183 2683 302 2720 Diaet.
330 2695 409 2731 cap.
433 2686 496 2724 10.
554 2684 613 2721 Ad
640 2697 765 2721 vocem

114 2736 212 2784 ἄκος
247 2738 434 2774 'remedium
466 2740 559 2776 conf.
595 2739 764 2789 Aeschyl.

112 2795 241 2843 Agam.
266 2793 374 2834 1140
394 2793 577 2831 Prometh.
595 2794 669 2840 43,
704 2796 764 2833 ubi

113 2851 184 2889 vid.
202 2849 409 2887 Blomfield.
430 2849 467 2886 in
489 2849 688 2891 Glossario.

613 2920 633 2943 A»

894 1107 1195 1165 ὑγιηροτάτους]
1228 1111 1287 1149 Cf.
1313 1124 1422 1161 supra
1448 1111 1494 1159 ΙΙ,

839 1172 916 1216 77,
956 1170 1018 1206 ubi
1046 1174 1133 1219 post
1160 1169 1296 1216 Libyes
1317 1167 1492 1218 Aegyptii

838 1226 1006 1262 dicuntur
1029 1226 1185 1262 omnium
1206 1223 1490 1275 ὑγιηρέστατοι.

836 1281 996 1318 Alteram
1021 1281 1228 1331 superlativi
1245 1282 1398 1317 formam
1422 1280 1492 1317 hoe

837 1350 881 1374 ex
898 1336 978 1373 loco
995 1336 1142 1374 allatam
1158 1338 1266 1374 video
1278 1336 1315 1372 in
1326 1336 1490 1373 Anecdd.

832 1393 951 1431 Bekk.
978 1404 1063 1442 pag.
1086 1392 1177 1433 115.
1232 1392 1324 1429 lnde
1342 1388 1490 1443 ὑγιηρή

831 1462 898 1514 pro
919 1445 1088 1499 ὑγιηρης
1105 1461 1127 1485 a
1146 1449 1264 1486 Corae
1284 1447 1490 1485 restitutum

831 1506 870 1542 in
903 1504 1117 1555 Hippocrat.
1152 1504 1210 1543 De
1246 1517 1321 1541 aer.
1357 1516 1416 1553 aq.
1452 1507 1489 1541 et

830 1561 916 1598 loce.
938 1559 976 1611 ἓ.
997 1560 1051 1601 53
1076 1574 1113 1611 p.
1139 1562 1230 1600 137.
1253 1561 1346 1601 386.
1377 1560 1487 1597 Conf.

831 1616 962 1655 Matth.
993 1617 1057 1653 Gr.
1086 1617 1151 1652 Gr.
1183 1614 1331 1666 §.128
1356 1619 1431 1652 not.
1457 1618 1483 1655 3

827 1686 913 1725 pag.
962 1671 1056 1713 252.
1125 1671 1288 1710 Tertiam
1328 1672 1483 1709 formam

827 1728 1049 1780 ὑγιέστερος
1079 1728 1227 1765 adducit
1250 1727 1427 1765 Valcken.
1460 1740 1482 1765 e

827 1786 1001 1823 Strabon.
1021 1784 1070 1822 VI
1099 1798 1137 1835 p.
1166 1785 1247 1824 269
1278 1796 1306 1820 s.
1331 1782 1416 1823 414
1437 1781 1481 1820 A.

827 1842 948 1880 Schol.
979 1842 1018 1879 in
1036 1839 1222 1891 Aristoph.
1241 1839 1340 1889 qu.
1361 1840 1480 1880 1089.

882 1919 1138 1992 ὑγιηρότατοι
1159 1919 1198 1963 δ’
1220 1917 1292 1974 ὠν]
1321 1922 1382 1960 De
1395 1935 1481 1973 par-

825 1982 939 2021 ticulis
985 1976 1025 2021 δ’
1065 1983 1123 2020 ὠν
1169 1981 1263 2018 conf.
1298 1983 1392 2016 nott.
1431 1979 1481 2015 ad

824 2039 889 2086 111,
909 2041 974 2080 80.
998 2058 1053 2065 —
1084 2038 1126 2075 In
1146 2049 1249 2086 seqq.
1273 2040 1360 2086 post
1385 2030 1480 2086 τρά-

825 2110 898 2148 γου
921 2095 1103 2132 omisimus
1127 2106 1208 2130 cum
1236 2096 1386 2129 recentt.
1406 2103 1478 2127 vo-

825 2152 941 2190 culam
964 2147 1061 2202 γάρ,
1095 2162 1162 2187 nec
1180 2161 1301 2186 moror
1318 2160 1381 2197 as)
1385 2147 1477 2184 nde

824 2212 909 2253 ton3
939 2208 986 2245 de
1003 2220 1076 2256 quo
1095 2206 1198 2256 plura
1215 2204 1335 2242 attulit
1345 2206 1478 2240 Struve

821 2263 966 2314 Sp(c.I
987 2276 1022 2313 p.
1045 2265 1121 2309 22,
1159 2266 1197 2298 ut
1218 2260 1288 2308 IV,
1319 2261 1384 2299 23.
1409 2261 1476 2299 63.

825 2322 917 2360 172.
962 2314 1085 2369 οὖρον
1125 2316 1289 2365 intelligo
1324 2317 1476 2361 urinam,

823 2380 862 2412 ut
884 2376 940 2422 11,
976 2377 1076 2421 1113
1118 2374 1236 2423 ipsum
1265 2371 1475 2417 remedium,

822 2432 923 2480 quod
944 2431 1084 2481 profert
1102 2429 1315 2467 Herodotus
1329 2457 1340 2476 ‚
1370 2440 1478 2476 egre-

821 2488 920 2536 gium
951 2487 1049 2524 ducit
1073 2485 1303 2530 Lareherus,
1338 2485 1476 2534 quippe

823 2543 922 2593 quod
944 2544 991 2580 ob
1010 2542 1258 2579 volatilitatem
1282 2541 1336 2577 sui
1366 2538 1473 2576 alkali

822 2600 951 2638 eadem
994 2599 1128 2637 efficiat
1174 2603 1286 2646 atque
1326 2595 1474 2645 spiritus

822 2669 934 2693 cornu
961 2656 1115 2701 cervini,
1163 2666 1236 2702 quo
1257 2664 1323 2688 nos
1344 2651 1396 2686 uti
1413 2661 1474 2684 so-

821 2712 968 2750 leamus.
986 2733 1041 2739 ——
1069 2711 1142 2747 Pro
1162 2721 1285 2756 σφεας
1310 2718 1389 2742 cum
1416 2716 1474 2741 re-

821 2772 930 2807 centt.
950 2768 1034 2804 edd.
1058 2765 1201 2803 exhibui
1218 2774 1332 2810 σφεα.

879 2847 975 2901 λέγω
1007 2845 1049 2886 δὲ
1080 2843 1126 2884 tc}
1164 2842 1320 2896 λέγουσι
1359 2837 1472 2882 αὑτοὶ
