1946 3272
611 221 647 260 T
677 222 716 260 H
745 222 776 260 A
806 221 839 259 L
870 221 885 259 1
915 221 959 260 A.
1020 221 1082 259 111.
1432 229 1485 268 51

1547 335 1715 364 Samiorum
1727 358 1735 371 ,
1772 337 1821 364 iti—

1546 378 1621 398 nere
1632 375 1746 406 septem
1758 370 1820 398 die-

214 338 359 394 ἕχουσι
385 333 465 389 μὲν
493 331 686 388 Σάμιοι,
723 334 801 388 τῆς
830 330 1120 387 Αἰσχριωνίης
1150 334 1292 386 φυλῆς
1321 331 1490 388 λεγόμε-

154 512 238 551 pag.
262 496 315 538 50
344 507 448 543 seqq.
488 493 648 544 Langles
674 495 712 531 in
742 494 820 545 Ap-

153 554 263 606 pend.
291 551 323 588 11
350 551 398 587 ad
420 552 570 600 voyage
599 553 646 588 de
673 551 820 589 Horne-

152 622 274 650 mann.
294 607 340 644 T.
362 607 393 644 ΙΙ
414 621 448 658 p.
475 606 556 647 343
574 620 679 657 seqq.
720 607 818 645 Nam

152 666 250 716 apud
270 665 410 712 Coptas
436 665 634 702 etiamnum
666 665 819 713 antiqua

151 734 220 760 vox
235 717 461 767 sive'vamg
479 722 545 758 suit
560 723 636 758 sive
648 718 817 767 Αὕασις,

149 779 286 816 residet
332 779 369 814 in
418 779 542 814 formis
590 778 732 815 Onalesz·
782 782 819 815 et

152 835 297 882 ΟιιαΙιε,
340 847 493 883 quorum
524 834 594 872 hoc
625 848 704 872 cum
724 833 819 870 Ara·-

149 892 236 929 bum
256 904 346 929 voce
370 890 470 938 Wah,
500 891 574 940 qua
592 904 687 929 nunc
705 891 818 940 vulgo

150 950 268 986 Oases
302 948 577 997 significantur,
625 949 818 986 convenire

149 1005 289 1042 volunt.
350 1005 389 1041 ln
423 1005 554 1054 quibus
588 1005 760 1042 domicilii
789 1017 818 1041 s.

150 1062 221 1100 loci
246 1061 403 1098 habitati
430 1062 555 1099 subest
580 1063 695 1099 notio.
732 1061 817 1098 Vid.

150 1118 283 1156 Ritter.
307 1119 511 1155 Erdkunde
541 1119 558 1154 Ι
584 1132 670 1169 pag.
696 1117 815 1158 1004.

149 1175 320 1213 Minutoli
356 1176 470 1213 Reise
514 1188 546 1211 Ζ.
583 1176 619 1211 d.
659 1174 815 1224 Tempel

151 1233 218 1269 des
244 1232 356 1282 Jupp.
377 1230 496 1268 Amm.
531 1243 614 1281 pag.
639 1233 692 1272 86
724 1232 812 1280 ibiq.

149 1288 273 1326 laudd.
318 1293 355 1325 et
399 1288 562 1338 inprimis
600 1288 721 1325 Ideler
758 1289 813 1325 in:

147 1345 405 1393 Fundgruben
434 1345 498 1382 des
522 1345 671 1382 Orients
705 1344 754 1381 lV
775 1358 813 1395 p.

150 1403 244 1441 397.
304 1402 416 1445 Quod
453 1414 540 1439 vero
569 1415 677 1439 unam
707 1402 818 1439 modo

149 1457 288 1496 Noster
308 1462 414 1495 vocat
431 1458 565 1504 Oasin,
597 1458 731 1495 Strabo
753 1458 776 1495 l.
794 1457 816 1494 l.

149 1519 231 1562 tres,
261 1514 490 1552 Ptolemaeus
513 1515 596 1562 (IV,
615 1516 640 1556 5
666 1516 817 1566 p.260)

149 1571 262 1619 duas,
299 1584 388 1621 quas
415 1572 563 1609 easdem
596 1585 692 1609 nunc
726 1585 817 1621 quo-

149 1641 222 1679 que
243 1629 494 1676 constituunt,
532 1641 712 1679 perquam
740 1642 818 1666 ere-

151 1684 263 1722 dibile
284 1685 346 1730 fit,
377 1698 471 1734 quae
492 1699 588 1722 nunc
606 1698 742 1734 magno
761 1687 817 1722 in-

149 1741 301 1779 tervallo
319 1747 538 1792 separantur
556 1743 674 1780 Oases
695 1743 817 1789 binae,

150 1810 212 1836 eas
236 1798 318 1834 olim
340 1811 447 1835 unam
476 1799 589 1836 fuisse
610 1798 818 1849 eandemque

148 1855 268 1892 Oasin
293 1856 518 1893 continuam.
548 1856 712 1899 Quarum
725 1868 819 1905 quae

147 1911 264 1949 maior
292 1916 367 1958 est,
407 1913 454 1949 ad
484 1912 672 1950 meridiem
700 1913 817 1961 magis

147 1980 322 2006 conversa
347 1969 464 2017 (nunc
491 1973 625 2006 vocant
646 1968 699 2005 El
726 1968 815 2006 Walz

147 2024 179 2061 el
198 2024 345 2062 Keblielz
365 2026 441 2062 sive
468 2026 577 2062 etiam
606 2025 817 2076 simpliciter

148 2080 202 2118 El
237 2081 380 2131 Walz),
430 2083 502 2119 sita
539 2083 759 2120 intermedia
794 2095 817 2119 a

148 2137 289 2176 Thebis
317 2139 550 2176 Ammonium
584 2140 818 2190 proficiscen-

149 2195 269 2242 tibus,
307 2208 389 2234 eam
422 2196 469 2233 ab
502 2196 698 2233 Herodoto
724 2196 758 2233 h.
792 2195 815 2232 l.

148 2251 323 2300 indicari,
371 2253 428 2289 vix
464 2253 637 2299 dubium3
676 2254 712 2290 in
744 2265 818 2302 qua

149 2308 213 2357 qui
247 2322 344 2346 nunc
381 2309 588 2359 appellatur
627 2309 726 2347 locus
763 2309 817 2346 Εἰ

150 2364 323 2414 Karghe',
380 2379 461 2403 eum
489 2379 556 2416 pro
591 2367 685 2403 Oasi
722 2367 817 2414 urbe,

150 2434 259 2471 quam
291 2421 429 2459 Noster
458 2423 566 2470 dicit,
608 2424 816 2460 habendum

151 2491 231 2516 esse
253 2479 319 2516 viri
341 2479 440 2516 docti
462 2483 639 2517 statuunt.
692 2480 818 2530 Repe-

151 2535 292 2573 riuntur
312 2537 348 2573 in
366 2536 439 2573 ista
457 2538 578 2584 terra,
608 2550 727 2587 nuper
750 2538 817 2576 de-

151 2603 246 2628 mum
288 2593 440 2630 duorum
486 2596 816 2643 peregrinatorum,

152 2647 320 2686 Caillaud
342 2654 378 2687 et
396 2649 663 2698 Edmonstone,
694 2652 816 2687 studio

153 2705 351 2753 perquisita
368 2710 404 2744 et
419 2708 577 2756 cognita,
599 2721 815 2745 monumen-

152 2763 269 2796 torum
295 2763 525 2811 antiquorum
547 2766 692 2810 rudera,
723 2769 816 2802 tem-

153 2815 293 2866 plorum
310 2821 486 2867 vestigia,
528 2822 640 2859 aedes
663 2822 814 2860 Graecis

153 2872 446 2924 inscriptionibus
467 2882 605 2917 ornata.
658 2878 720 2916 Tu
742 2879 816 2916 vid.

877 493 1166 532 He‹=ren.1deen
1184 493 1229 538 Π,
1253 494 1271 531 1
1288 506 1325 542 p.
1347 493 1430 532 218
1443 506 1547 543 seqq.

879 551 996 588 ideler
1015 550 1036 587 Ι.
1058 549 1080 586 l.
1108 549 1159 586 lv
1208 562 1295 599 pag.
1322 547 1418 588 412.
1451 548 1547 588 417.

876 607 1031 646 Rennel.
1052 606 1074 643 1.
1087 606 1108 642 Ι.
1128 620 1163 656 p.
1176 608 1268 645 630.
1282 605 1548 643 Schlichthorst

875 664 899 702 l.
922 664 945 701 l.
965 678 1000 715 p.
1020 665 1072 703 98
1085 676 1161 711 seq.
1182 663 1315 700 Ritter.
1336 662 1356 699 l.
1377 663 1399 699 l.
1423 662 1438 699 l
1459 676 1544 713 pag.

876 722 971 761 965.
994 722 1075 760 96&
1095 732 1201 768 seqq.
1230 718 1336 760 1004
1365 732 1471 768 seqq.

933 773 1082 827 Σάμιοι
1098 778 1170 826 τῆς
1187 775 1454 825 Αἰσχριωνίης
1471 790 1547 825 φυ-

875 832 962 885 λῆς]
1011 833 1133 877 Quum
1159 833 1257 883 apud
1276 833 1484 881 Etymolog.
1509 846 1546 882 p.

879 894 981 937 160,
1021 892 1077 929 22
1116 890 1224 927 binae
1261 893 1402 926 tantum
1444 890 1546 927 Sami

876 952 1124 985 memorentur
1158 947 1274 983 tribus
1311 946 1465 997 Σχησία
1503 950 1542 983 et

873 999 1152 1050 Ἀστυπαλαία,
1183 1003 1374 1040 Berkelius
1392 1004 1439 1040 ad
1458 1004 1546 1040 Ste-

874 1061 986 1112 phan.
1012 1061 1169 1108 Byzant.
1190 1072 1219 1096 s.
1244 1073 1276 1095 v.
1299 1056 1458 1107 Αὕασις
1486 1059 1544 1096 hic

874 1131 941 1169 pro
978 1117 1250 1167 Αἰσχριωνίης
1301 1118 1429 1166 reponi
1470 1116 1546 1152 vult

874 1174 1062 1225 Σχησίης.
1132 1173 1217 1216 Quo
1263 1173 1412 1210 minime
1451 1185 1545 1223 opus

872 1244 954 1269 esse
993 1234 1213 1268 monuerunt
1253 1230 1393 1266 dudum
1430 1229 1545 1266 inter-

870 1292 995 1339 pretes
1010 1287 1228 1325 Herodotei.
1248 1285 1298 1322 Et
1315 1286 1422 1323 affert
1436 1286 1544 1323 wes-

876 1345 1005 1394 seling.
1060 1343 1239 1381 Nicandr.
1294 1341 1542 1393 Alexipharm.

879 1402 956 1442 151
982 1414 1063 1438 cum
1080 1400 1235 1437 Scholiis
1257 1405 1293 1437 et
1315 1400 1455 1437 Herod.
1479 1399 1545 1446 lli,

876 1460 940 1498 39.
977 1457 1152 1494 Panofka
1182 1458 1229 1494 de
1251 1457 1455 1493 Samiorum
1481 1456 1546 1493 tri-

874 1515 991 1552 bubus
1012 1515 1108 1561 (Res
1128 1514 1266 1550 Samm.
1288 1527 1325 1564 p.
1351 1515 1400 1553 81
1419 1514 1544 1562 seqq.)

874 1573 1066 1622 disputans
1084 1600 1096 1619 ,
1125 1570 1242 1607 tribus
1273 1571 1466 1621 partibus,
1506 1570 1544 1606 in

873 1642 965 1678 quas
989 1628 1091 1665 Sami
1117 1628 1298 1664 civitatem
1330 1627 1543 1677 Polycrates

874 1685 1040 1723 diviserit
1060 1682 1124 1737 (cf.
1142 1684 1283 1721 Herod.
1305 1684 1365 1731 ΙΙΙ,
1381 1686 1468 1733 39),
1487 1697 1546 1721 re-

874 1742 1070 1793 spondisse
1090 1741 1206 1778 videri
1225 1741 1366 1777 monuit
1391 1741 1456 1778 has
1476 1740 1544 1777 tri-

874 1800 944 1837 bus
965 1803 1063 1844 tres,
1102 1811 1255 1847 quarum
1278 1798 1385 1835 binae
1405 1810 1546 1835 memo-

875 1860 1003 1893 rantur
1022 1855 1068 1892 ab
1087 1854 1323 1903 Etymologo,
1347 1855 1454 1891 tertia
1465 1854 1546 1891 He-

875 1912 999 1949 rodoti
1021 1912 1068 1948 sit
1090 1911 1357 1962 Αἰσχριωνία,
1398 1911 1444 1948 ab
1467 1912 1543 1947 Ae-

876 1969 1044 2006 schrione
1063 1968 1187 2013 heroe,
1219 1969 1267 2005 ad
1289 1981 1397 2017 quem
1418 1972 1544 2004 aucto-

873 2039 950 2063 rem
969 2026 1088 2062 tribus
1105 2026 1309 2072 referatur,
1340 2025 1391 2061 sic
1413 2023 1542 2075 appel-

872 2082 960 2120 lata.
1011 2083 1052 2118 Si
1082 2095 1170 2119 vero
1211 2094 1291 2118 cum
1322 2082 1397 2118 viro
1431 2083 1542 2118 docto

873 2138 1014 2187 (ideler
1042 2138 1064 2175 l.
1093 2138 1115 2175 l.
1137 2151 1223 2188 pag.
1245 2136 1348 2184 418)
1372 2150 1542 2187 quaeras,

874 2210 946 2245 quo
970 2200 1079 2246 pacto
1094 2196 1207 2231 Samii
1227 2195 1286 2232 isti
1306 2195 1342 2231 in
1355 2195 1449 2231 hane
1462 2195 1541 2231 Oa-

873 2254 930 2290 sin
960 2252 1198 2297 devenerint,
1245 2264 1331 2288 num
1363 2265 1384 2288 a
1417 2251 1541 2288 Persis

873 2309 956 2347 illuc
977 2309 1134 2346 traducti
1163 2307 1222 2345 illo
1247 2321 1289 2345 ex
1309 2321 1431 2355 more,
1466 2320 1541 2357 quo

874 2372 1006 2416 gentes
1042 2366 1161 2402 victae
1197 2367 1286 2403 alias
1322 2378 1473 2416 prorsus
1504 2365 1541 2401 in

873 2424 1046 2472 regiones
1082 2422 1180 2459 haud
1219 2435 1301 2458 raro
1339 2423 1541 2459 transfere-

875 2481 1027 2527 bantur,
1059 2492 1104 2516 an
1125 2479 1245 2529 potius
1266 2479 1335 2528 ipsi
1355 2478 1436 2515 illuc
1455 2491 1543 2528 pro-

874 2537 958 2575 fecti
990 2536 1176 2573 mercandi
1210 2548 1318 2572 causa
1358 2537 1541 2584 sedesque

874 2594 945 2631 illic
971 2594 1148 2642 figentes:
1186 2592 1307 2629 malim
1328 2593 1399 2629 hoc
1420 2594 1540 2643 ipsum

875 2655 1060 2697 statuere,
1101 2650 1316 2699 praesertim
1352 2662 1431 2686 cum
1471 2649 1541 2684 Sa-

873 2708 1026 2745 miorum
1049 2719 1104 2744 res
1125 2705 1263 2743 navalis
1284 2711 1320 2743 et
1338 2709 1541 2743 mercatura

873 2765 945 2802 iam
978 2763 1127 2813 Olymp.
1166 2763 1344 2799 XXXVH
1385 2762 1540 2798 maxime

874 2823 1042 2867 floreret,
1073 2824 1111 2857 ut
1127 2819 1183 2856 vel
1206 2819 1417 2856 Tartessum
1437 2817 1539 2854 veni-

874 2883 971 2915 rent.
1019 2877 1102 2922 Quo
1143 2876 1273 2913 eodem
1304 2877 1417 2912 ferme
1447 2878 1539 2910 tem-

1204 2930 1259 2971 4.
