1863 3256
78 639 217 667 ludorum
232 647 321 674 prae-

81 682 151 708 ceps
162 673 236 708 fuga
257 677 323 708 pot-t

81 715 187 734 aurum
234 708 323 733 coue-

79 747 177 768 ctum:
216 741 323 767 cameli

80 783 179 802 mares
206 775 324 802 feminis

81 809 324 842 cursuimparcs:
353 818 375 828 ω

80 850 186 869 aurum
220 842 324 870 fossile

80 876 160 916 apud
175 876 264 904 ladon
274 883 322 902 ra-

81 918 157 939 llus·

380 182 463 224 192

774 180 1241 220 HERODOTI

376 291 490 335 καίει
518 289 622 341 τούς
659 306 703 333 τε
746 290 905 342 ἄλλους
943 289 1208 345 ἀνθρώπους
1237 289 1309 333 καὶ
1338 287 1442 340 τούς
1465 288 1645 342 Ἰνδούς.

351 361 726 417 ὅάποκλιναμένης
767 362 812 405 δὲ
855 366 930 416 τῆς
968 363 1255 417 μεσαμβρίης,
1298 362 1462 415 γίνεταί
1498 374 1578 417 σφι
1620 360 1644 406 ὁ

376 433 497 489 ἥλιος
525 432 716 486 κατάπερ
746 437 857 475 τοῖσι
886 432 1054 476 ἄλλοισι
1084 432 1107 475 ὁ
1138 431 1339 482 ἑωθινός·
1377 431 1451 474 καὶ
1480 431 1528 474 τὸ
1558 430 1644 476 ἀπὸ

376 503 537 547 τούτου
578 502 712 545 ἐπιών
743 503 810 546 ἐπὶ
840 507 1006 557 μᾶλλον
1036 502 1185 557 ψύχει,
1232 501 1274 552 ἐς
1306 500 1331 544 ὃ
1359 502 1425 545 ἐπὶ
1457 505 1647 560 δυσμῇσι

217 573 316 619 105
376 574 481 619 ἐών,
534 573 606 616 καὶ
643 573 692 617 τό
736 573 874 626 κάρτα
913 573 1050 630 ψύχει.

379 644 458 688 τόν
486 647 631 699 χῶρον
661 645 704 686 οἱ
739 642 870 687 Ἰνδοὶ
910 645 1074 701 ἔχοντες
1102 642 1315 693 θυλάκια,
1357 644 1646 699 ἐμπλήσαντες
1661 651 1703 686 15

1119 572 1270 615 Ἐπεὰν
1312 572 1356 616 δὲ
1401 572 1562 617 ἔλθωσι
1605 573 1649 625 ἐς

380 720 517 759 ταῦτα
547 720 622 771 τῆς
644 715 849 770 ψάμμου,
891 715 970 773 τὴν
999 717 1201 770 ταχίστην
1233 712 1464 758 ἐλαύνουσι
1494 714 1645 758 ὀπίσω.

355 786 542 830 θαύτίκα
571 785 653 840 γάρ
685 788 728 828 οἱ
758 785 998 843 μύρμηκες,
1031 785 1143 843 ὀδμῇ
1174 784 1251 840 (ὦς
1282 784 1333 841 δὴ
1364 784 1529 841 λέγεται
1558 785 1645 830 ὑπὸ

382 857 607 911 Περσέων)
644 856 880 913 μαθόντες,
925 856 1154 900 διώκουσι·
1205 855 1315 900 εἶναι
1353 858 1399 901 δὲ
1434 857 1648 913 ταχύτητα

381 928 529 973 οὐδενὶ
558 927 685 983 ἑτέρῳ
714 926 893 984 ὁμοῖον,
926 926 1040 970 οὕτω
1077 926 1211 979 ὥστε,
1246 930 1283 971 εἰ
1312 928 1369 983 μὴ
1398 927 1647 985 προλαμβά-

379 1015 473 1045 νειν
509 1002 585 1055 τῆς
626 996 736 1042 ὁδοῦ
773 998 876 1050 τούς
911 997 1078 1050 Ἰνδοὺς
1120 997 1167 1041 ἐν
1206 993 1241 1056 ᾧ
1278 997 1382 1050 τούς
1419 998 1703 1056 μύρμηκαςὲο

324 1180 429 1217 Cass.
447 1179 583 1217 LXVII
603 1192 688 1230 pag.
713 1180 804 1221 507.
843 1179 985 1223 Quibus

288 1261 291 1266 -
321 1237 380 1275 Tu
410 1237 494 1273 add.
524 1236 675 1274 Roulez.
707 1237 919 1273 Observatt.
948 1237 984 1272 in

320 1293 501 1332 Themist.
524 1305 617 1342 pag.
644 1293 698 1334 35
729 1304 831 1342 seqq.
872 1292 981 1342 Apud

321 1350 425 1387 Ctes.
448 1349 525 1386 lnd.
551 1347 586 1399 ἓ.
607 1351 631 1389 9
655 1354 772 1387 exstat
795 1346 859 1387 ἐπὶ
880 1347 984 1386 ἔλατ-

322 1421 404 1445 τον.
423 1427 479 1433 -
498 1405 570 1442 Pro
591 1402 714 1444 ἐπιών
727 1406 924 1443 Schaefero
936 1404 983 1440 ad

323 1462 510 1500 Lambert.
550 1462 637 1498 Bos.
657 1462 724 1498 Ell.
755 1462 820 1500 Gr.
846 1474 882 1510 p.
901 1460 983 1501 557

324 1519 460 1570 placuit
493 1512 636 1557 άπιών.
666 1542 717 1547 —-
754 1518 794 1554 ln
824 1516 986 1554 clausula

326 1576 595 1621 adscribamus,
655 1587 751 1624 quae
799 1573 988 1610 annotavit

323 1631 494 1668 Bredow.
528 1630 550 1667 l.
581 1631 603 1667 l.
644 1644 731 1680 pag.
762 1630 847 1667 Vlll
885 1628 986 1680 (coll.

323 1700 409 1737 pag.
431 1687 528 1733 XlV‚
552 1691 589 1724 et
608 1687 739 1724 Ukert.
763 1687 900 1735 Geogr.
922 1686 987 1722 der

326 1743 390 1780 Gr.
415 1757 447 1780 u.
474 1744 519 1781 R.
546 1743 574 1791 l,
592 1747 618 1784 2
650 1757 736 1794 pag.
767 1746 832 1784 26.
867 1743 984 1789 100):

329 1813 471 1849 „quum
498 1799 563 1844 sol,
593 1812 638 1837 ex
667 1800 839 1850 opinione
866 1799 988 1835 Hero-

330 1857 422 1905 doti,
440 1857 607 1893 omnibus
623 1857 727 1893 terris
749 1869 820 1892 uno
840 1855 987 1892 eodem-

328 1926 401 1963 que
436 1917 603 1961 tempore
635 1913 748 1949 oritur
778 1917 815 1949 et
844 1911 985 1957 occidit,

326 1981 512 2018 quumque
523 1969 618 2005 [ndis
633 1969 668 2005 in
682 1968 853 2006 extremis
864 1968 985 2004 orien-

327 2027 372 2062 tis
406 2025 536 2061 sinibus
573 2025 766 2061 matutinus
807 2024 982 2073 capitibus

323 2082 512 2118 imminens
536 2086 604 2128 est,
634 2082 785 2117 maxime
803 2093 886 2117 vero
905 2079 983 2116 lon-

323 2138 480 2186 ginquus
502 2138 561 2175 die
594 2142 890 2187 vesperascente,
918 2148 983 2172 ne-

324 2206 426 2231 cesse
471 2198 553 2240 est,
600 2194 811 2231 Herodotus
852 2196 981 2228 terram

324 2250 473 2300 planam
496 2263 576 2287 csse
601 2251 668 2287 sibi
694 2250 851 2296 finxerit,
881 2260 987 2298 super

328 2306 399 2354 quai
437 2304 549 2342 solem
583 2306 756 2351 transire;
805 2317 988 2354 quumque

328 2366 507 2398 extremos
527 2362 673 2398 orientis
689 2362 777 2398 sinos
790 2361 988 2398 matutinus

329 2416 384 2453 sol
411 2417 521 2453 inulto
554 2418 666 2466 magis
708 2431 812 2454 urere
846 2417 988 2462 dicitur,

329 2485 438 2522 quam
456 2478 592 2510 ceteras
614 2480 729 2510 terras
747 2474 988 2517 meridianus3

328 2541 477 2566 necesse
499 2534 576 2574 est,
608 2534 647 2565 ut
669 2530 797 2565 cadum
818 2541 988 2564 concava-

329 2589 402 2621 tum
423 2593 505 2622 'esse
533 2586 719 2626 creditum,
734 2587 793 2631 sit,
815 2586 989 2631 margini-

330 2642 393 2678 bus
422 2641 577 2690 undique
608 2644 722 2677 terrae
757 2642 988 2677 v'n‹slin‹1t1's.“

333 2698 418 2741 Quo
451 2698 549 2747 prius
580 2702 769 2734 monuerat
806 2697 986 2733 Mauuert.

334 2755 472 2802 Geogr.
492 2754 528 2791 d.
555 2753 620 2790 Gr.
639 2767 673 2790 u.
694 2754 739 2791 R.
765 2753 806 2799 V,
834 2757 849 2792 1
873 2765 906 2801 p.
926 2754 988 2791 13.

335 2809 387 2850 14
409 2810 497 2848 haec
524 2822 568 2847 ex
589 2822 647 2858 ea,
677 2822 785 2860 quam
807 2809 988 2846 Homerus

1042 1178 1109 1216 sibi
1128 1179 1283 1227 finxerit,
1314 1183 1433 1217 terrae
1454 1178 1570 1216 forma
1588 1177 1702 1228 expli-

1041 1236 1160 1273 canda
1180 1249 1279 1282 esse,
1309 1237 1382 1285 qua
1403 1248 1510 1273 mane
1540 1235 1594 1272 sol
1614 1236 1702 1286 ipsis

1041 1292 1237 1329 cervicibus
1278 1292 1449 1329 Indorum
1491 1292 1702 1341 impendeat

1041 1347 1199 1398 indeque
1226 1361 1289 1386 eos
1320 1349 1475 1386 maxime
1498 1352 1597 1393 urat3
1627 1361 1701 1398 quo

1040 1405 1156 1452 magis
1185 1410 1304 1442 autem
1328 1405 1552 1454 procedente
1575 1405 1633 1442 die
1653 1405 1703 1442 ad

1042 1473 1229 1510 vesperam
1259 1473 1376 1509 usque
1403 1465 1543 1510 vergat,
1575 1461 1706 1497 ludos-

1043 1529 1116 1565 que
1137 1517 1241 1566 quasi
1270 1517 1464 1566 relinquat,
1496 1517 1623 1554 minori
1646 1530 1705 1553 ca-

1042 1572 1117 1611 lore
1138 1578 1300 1623 premat;
1330 1575 1417 1622 quin
1439 1574 1594 1611 maxime
1624 1587 1706 1611 cum

1041 1634 1202 1666 remotus
1233 1631 1301 1675 sit,
1332 1630 1616 1678 refrigerationis
1642 1630 1707 1666 ali-

1043 1686 1131 1734 quid
1164 1687 1348 1735 praebeat.
1417 1685 1599 1724 Rennelio
1630 1685 1653 1722 l.
1683 1685 1706 1722 l.

1042 1756 1128 1792 pag.
1142 1744 1222 1783 383
1252 1742 1289 1778 in
1310 1741 1438 1778 talibus
1462 1743 1559 1779 omni
1579 1755 1706 1792 super-

1043 1799 1191 1835 stitione
1217 1811 1290 1835 non
1311 1811 1459 1847 prorsus
1480 1798 1571 1836 liber
1595 1799 1706 1836 fuisse

1042 1855 1186 1892 videtur
1205 1854 1438 1900 Herodotus,
1468 1855 1503 1891 in
1528 1856 1573 1891 iis
1599 1855 1705 1891 nimi-

1042 1924 1118 1947 rum
1138 1911 1363 1960 potissimum
1385 1910 1520 1959 lapsus,
1541 1923 1636 1959 quae
1657 1911 1705 1948 ad

1041 1972 1159 2004 terrae
1178 1967 1352 2012 formam,
1385 1966 1544 2016 solisque
1562 1979 1705 2004 cursum

1040 2024 1274 2072 eiusdemque
1312 2023 1384 2059 vim
1423 2023 1459 2060 in
1497 2028 1596 2061 terra
1624 2023 1705 2074 ipsa

1039 2080 1262 2130 pertineant.

1261 2170 1370 2220 Cap.
1406 2169 1484 2206 CV.

1102 2248 1253 2298 ἔχοντες
1284 2243 1482 2295 θυλάκια]
1529 2240 1705 2283 θυλάκια

1045 2308 1138 2341 teste
1156 2304 1312 2352 Etyrnol.
1333 2318 1368 2354 p.
1388 2305 1468 2344 457
1491 2307 1545 2338 est
1565 2295 1705 2350 δερμά-

1045 2375 1154 2398 τινον
1177 2360 1340 2398 σακκίον
1368 2357 1542 2405 (saccus).
1595 2357 1704 2394 conf.

1047 2416 1120 2462 ΙΙΙ,
1153 2417 1218 2456 46.
1250 2438 1304 2442 —
1345 2415 1384 2451 lu
1426 2427 1532 2462 seqq.
1572 2413 1703 2451 retinui

1047 2470 1210 2521 ὁμοῖον,
1240 2472 1288 2508 ad
1320 2471 1418 2520 quod
1443 2470 1632 2507 commode
1661 2481 1705 2506 ex

1047 2528 1342 2564 antecedentibus
1370 2526 1530 2576 suppleri
1571 2526 1706 2576 poterit

1046 2580 1116 2622 τὸν
1135 2579 1335 2632 μύρμηκα,
1367 2596 1395 2618 S.
1418 2585 1534 2621 τοῦτο
1560 2578 1606 2621 τό
1629 2585 1705 2631 θη-

1047 2639 1145 2688 ρίον.
1167 2660 1222 2666 --—
1252 2640 1311 2675 Ad
1331 2639 1441 2676 verba
1467 2638 1502 2676 εἰ
1532 2634 1587 2688 μή
1607 2651 1705 2687 προ-

1046 2690 1262 2744 λαμβάνειν
1280 2697 1374 2732 cons.
1400 2695 1528 2731 Matth.
1550 2695 1615 2731 Gr.
1636 2694 1702 2730 Gr.

1047 2749 1084 2801 ᾗ.
1107 2753 1198 2791 538.
1217 2773 1273 2779 -
1295 2752 1354 2788 Ad
1374 2752 1524 2788 sormam
1544 2747 1704 2800 θηλέων

1046 2808 1140 2844 cons.
1165 2820 1259 2858 quae
1279 2809 1327 2846 ad
1344 2808 1407 2856 ΙΙΙ,
1431 2809 1485 2848 85
1504 2807 1703 2845 citavimus.

1711 777 1794 820 250
