1863 3256
500 206 583 248 282

894 215 1358 258 HERODOTl

496 315 546 360 ἐκ
583 323 664 362 τοῦ
703 319 901 376 οὐρανοῦ
938 324 1160 382 φερόμενα
1188 327 1349 383 χρύσεα
1380 330 1624 386 ποιήματα,
1664 335 1765 389 dipo-

493 387 602 442 τρόν
631 405 674 433 τε
703 394 777 436 καὶ
800 394 932 450 ζυγὸν
961 397 1034 439 καὶ
1064 396 1250 454 σάγαριν
1278 402 1350 444 καὶ
1380 400 1568 459 φιάλην,
1597 407 1763 450 πεσέειν

434 595 553 642 sama,
592 597 664 644 qua
695 596 815 644 gentis
858 597 961 635 initia
990 613 1096 650 repe-

432 656 554 687 tantur
596 653 642 687 ab
683 652 810 700 Ogleus
827 675 844 679 -
864 652 986 703 Clean,
1033 657 1095 706 qui

433 707 629 743 Abrahami
652 708 813 757 aequalis
835 722 986 759 regnum
1007 726 1094 750 con-

433 763 593 807 diderit,
637 777 762 801 vocem
801 769 932 815 omia,
980 770 1092 806 tribus

431 818 529 855 hisce
560 819 714 857 filiorum
745 821 910 870 Targitai
937 825 1092 861 nomini-

430 874 495 910 bus
515 888 741 913 communem
765 890 885 926 neque
910 881 1087 918 diversam

427 930 474 966 ab
488 930 554 967 hac
577 932 656 982 ipsa
670 946 760 970 voce
772 934 911 982 Ogleus,
925 949 951 973 s.
969 937 1089 974 Ghus—

426 986 549 1033 Clam,
587 988 767 1038 explicare
799 993 923 1030 studet
944 993 1012 1030 Ios.
1039 995 1086 1032 de

421 1042 610 1082 Hammer.
631 1045 652 1082 l.
676 1046 696 1082 l.
720 1059 806 1096 pag.
827 1048 865 1088 4.
904 1048 959 1086 Ac
978 1051 1084 1088 deni-

420 1112 493 1148 que
518 1101 714 1139 Reichard.
740 1103 762 1139 l.
785 1103 805 1140 l.
838 1104 964 1143 horum
992 1120 1085 1156 quo-

417 1168 491 1205 que
520 1159 705 1195 nominum
740 1161 898 1209 vestigia
924 1164 960 1199 in
983 1163 1083 1201 loco-

416 1225 492 1249 rum
525 1216 758 1262 quorundam
797 1219 983 1257 urbiumve
1011 1233 1079 1270 ap-

413 1268 669 1319 pellationibus
691 1273 903 1322 indaganda
930 1282 1076 1314 censet:

413 1338 487 1375 quo
516 1333 712 1377 appareat,
752 1329 816 1366 has
843 1331 939 1381 ipsas
969 1333 1076 1370 urbes

411 1383 462 1419 ad
501 1382 670 1431 Targitai
722 1385 951 1437 filiorumque
999 1390 1076 1427 eius

415 1439 600 1488 pertinere
620 1445 780 1478 aetatem
792 1471 802 1485 ,
833 1444 885 1481 ita
903 1450 943 1481 ut
961 1447 1077 1484 omnis

410 1494 545 1532 Russia
568 1497 783 1547 Europaea,
823 1501 949 1538 addita
966 1502 1075 1539 Polo-

376 1576 379 1579 -
410 1551 492 1597 nia,
530 1554 649 1603 prisco
675 1555 874 1593 admodum
891 1570 982 1595 aevo
1012 1560 1075 1596 uni

410 1608 559 1644 domino
581 1611 744 1659 paruerit
764 1612 955 1662 Targitao.
977 1615 1074 1652 Hinc

410 1665 458 1701 ad
479 1661 703 1713 Λειπόξαϊν
722 1669 834 1705 refert
855 1671 992 1720 oppida
1004 1672 1073 1708 Li-

404 1725 542 1770 powetz
573 1723 609 1758 in
639 1724 817 1771 gubernio
847 1726 972 1774 Kiew,
1003 1728 1072 1765 Li—

402 1790 501 1826 powo
529 1783 564 1815 et
584 1778 805 1829 Lv‘pocltvnslc
835 1783 869 1819 in
892 1784 1069 1832 gubernio

406 1833 516 1881 Orel,
567 1835 773 1886 Lv'powskoe
812 1839 848 1875 in
891 1841 1068 1888 gubernio

403 1889 624 1939 Smolensk‚
664 1893 850 1943 Lvymiaka
869 1896 905 1933 in
933 1898 1067 1945 guber-

402 1947 465 1983 nio
486 1947 674 1996 Cherson,
709 1950 793 1990 alia.
843 1951 903 1989 Ad
923 1948 1064 2005 Ἀρπό-

402 2002 493 2049 ξαϊν
526 2010 691 2054 spectare
719 2008 889 2057 opinatur
916 2010 1064 2059 Aparkcz

401 2059 438 2095 in
459 2060 635 2108 gubernio
653 2062 761 2110 Tula,
790 2065 838 2100 ad
858 2063 1063 2114 Κολάξαϊν

398 2117 537 2166 oppida
581 2118 755 2156 Kolomna
804 2121 840 2157 in
882 2124 1060 2171 gubernio

397 2172 572 2221 Moscua,
628 2175 745 2212 Kolno
793 2178 829 2213 in
880 2180 1058 2228 gubernio

396 2227 544 2276 Minsk‚
590 2231 772 2282 Kologrz'w
803 2234 839 2270 in
878 2237 1056 2284 gubernio

399 2284 607 2333 Kostroma,
637 2289 706 2325 alia
726 2290 760 2326 in
785 2294 1054 2342 septentriona-

391 2339 484 2376 libus
524 2343 681 2382 Russiae
728 2347 936 2394 regionibus
973 2351 1052 2387 sita.

391 2396 499 2439 Quae
522 2398 599 2435 aliis
619 2401 852 2440 diiudicanda
872 2405 1050 2454 relinquo.

390 2452 512 2490 Unum
555 2456 721 2494 adiiciam
757 2457 888 2496 Valerii
930 2462 1049 2498 Flacci

389 2507 506 2547 locum
532 2510 593 2557 VI,
616 2513 683 2558 48,
712 2514 774 2550 ubi
797 2516 959 2553 ciusdem
984 2517 1049 2554 Co-

388 2565 484 2602 taxis
507 2569 726 2606 mentionem
750 2571 845 2607 iniici
859 2572 927 2608 iam
942 2573 1048 2611 Wes-

387 2621 558 2671 selingius
580 2632 784 2662 monuerat.
817 2626 926 2677 Apud
938 2630 1048 2666 Pom-

385 2679 533 2728 ponium
548 2679 681 2718 Melam
704 2682 732 2729 l,
754 2684 803 2722 19
827 2684 919 2721 inter
938 2684 1047 2723 Ponti

388 2735 527 2773 accolas
542 2744 867 2776 commemorantur
881 2740 1050 2779 Coraxici

388 2795 424 2828 et
458 2792 653 2831 introrsum
686 2797 802 2844 magis
840 2796 1044 2836 habitantes

389 2847 544 2893 Coraoez'5
559 2850 605 2888 de
615 2851 746 2900 quibus
757 2852 828 2890 vid.
841 2852 1041 2893 'l'zschuck

1155 604 1190 640 in
1217 610 1308 642 nott.
1338 620 1470 656 excgg.
1503 609 1605 655 (Vol.
1637 610 1688 646 lll
1714 610 1755 648 P.
1783 611 1814 661 l)

1152 672 1238 710 pag.
1262 664 1356 703 621.
1379 664 1475 704 625.

1207 742 1378 797 ἄροτρόν
1392 763 1428 786 τε
1450 748 1517 787 καὶ
1535 747 1652 801 ζυγὸν
1666 750 1727 789 καὶ
1743 748 1810 790 σά-

1148 815 1263 852 γαριν
1286 802 1353 841 καὶ
1382 801 1547 856 φιάλην]
1589 807 1721 845 Exstat
1743 820 1809 845 au-

1148 861 1249 895 ctore
1273 859 1342 895 Ios.
1362 861 1408 898 de
1428 862 1610 899 Hammer.
1634 864 1656 900 l.
1680 863 1702 901 l.
1720 877 1806 914 pag.

1147 912 1172 952 5
1195 912 1395 952 'furcarum
1417 918 1527 965 fama,
1550 919 1689 968 Ogleus,
1714 934 1807 969 gen-

1143 969 1191 1004 tis
1222 970 1400 1019 originem
1427 979 1538 1023 atque
1564 977 1803 1024 conditorem,

1143 1038 1205 1062 sex
1230 1026 1321 1063 filios
1346 1040 1431 1066 suos
1453 1031 1617 1069 emisisse
1639 1032 1687 1069 ad
1709 1034 1804 1083 peri-

1142 1080 1337 1121 clitandam
1376 1086 1581 1134 fortunam;
1620 1089 1681 1137 qui
1721 1102 1801 1127 cum

1139 1149 1260 1175 arcum
1283 1147 1433 1190 tresque
1453 1145 1604 1192 sagittas
1628 1158 1671 1182 ex
1691 1159 1800 1196 pere-

1139 1195 1346 1243 grinatione
1376 1199 1444 1248 ipsi
1474 1200 1702 1249 retulissent,
1733 1215 1800 1253 pa-

1137 1255 1231 1288 trem
1269 1265 1390 1291 arcum
1437 1256 1551 1293 tribus
1598 1259 1797 1297 maioribus

1136 1312 1225 1345 natu
1247 1308 1326 1346 filiis
1350 1311 1518 1359 dedisse,
1549 1315 1703 1363 sagittas
1733 1316 1798 1352 tri-

1137 1363 1202 1400 bus
1223 1366 1432 1405 minoribus.
1491 1369 1568 1406 Iam
1605 1384 1709 1408 arcus
1734 1385 1795 1409 sa-

1135 1421 1382 1472 gittarumque
1403 1424 1483 1461 loco
1503 1427 1601 1476 apud
1622 1427 1794 1466 Herodo-

1134 1482 1208 1514 tum
1236 1481 1508 1518 commemorari
1536 1484 1587 1520 ait
1606 1483 1793 1524 Hammer.

1132 1532 1153 1569 l.
1171 1533 1192 1569 l.
1214 1548 1299 1584 pag.
1319 1538 1420 1584 564,
1465 1551 1615 1576 munera
1643 1541 1790 1580 coelitus

1133 1589 1285 1640 delapsa
1305 1595 1435 1640 aratri,
1465 1595 1562 1644 iugi,
1594 1599 1728 1635 securis
1748 1611 1790 1636 ac

1130 1645 1289 1695 phialae;
1312 1649 1422 1699 idque
1442 1652 1556 1701 ipsum
1577 1653 1673 1691 idem
1691 1668 1790 1692 com-

1128 1708 1235 1752 parat
1255 1718 1333 1742 cum
1361 1707 1431 1744 alia
1455 1707 1655 1747 'furcarum
1677 1711 1787 1759 fama,

1128 1771 1223 1807 quae
1250 1765 1372 1799 tamen
1402 1763 1448 1800 ab
1466 1764 1689 1804 Herodoteis
1708 1767 1786 1805 lon—

1126 1815 1207 1863 gius
1230 1817 1363 1857 distare
1382 1820 1559 1858 videatur.
1589 1823 1785 1863 Reichard.

1125 1871 1146 1908 l.
1171 1873 1192 1909 l.
1215 1886 1300 1922 pag.
1325 1878 1374 1915 12
1398 1881 1473 1914 not.
1498 1881 1657 1927 quaerit,
1696 1893 1783 1919 num

1123 1928 1169 1965 (le
1191 1930 1374 1969 aerolithis
1399 1933 1456 1970 hic
1477 1935 1713 1983 cogitandum
1736 1938 1782 1975 sit

1121 1997 1167 2020 an
1199 1988 1319 2035 potius
1355 1989 1402 2025 de
1436 1990 1599 2028 auriferis
1622 1992 1780 2032 Russiae

1120 2041 1304 2080 orientalis
1325 2045 1556 2094 regionibus,
1596 2061 1685 2099 opes
1713 2063 1779 2088 ne-

1119 2099 1306 2144 cessarias,
1338 2102 1470 2150 quibus
1489 2102 1548 2140 ille
1567 2105 1696 2143 fratres
1717 2120 1777 2144 su-

1117 2167 1247 2204 perare
1279 2159 1460 2206 potuerit,
1507 2162 1776 2211 suppeditanti-

1117 2210 1196 2247 bus.
1231 2212 1401 2263 Namque
1420 2216 1455 2252 in
1468 2218 1572 2264 regni
1597 2218 1773 2257 divisione

1114 2267 1206 2304 inter
1250 2269 1381 2308 fratres
1430 2273 1595 2309 instituta
1632 2274 1771 2321 Colaxi,

1112 2324 1258 2361 minimo
1289 2332 1398 2373 natu,
1440 2340 1519 2365 eam
1549 2342 1638 2366 sane
1675 2331 1772 2368 obti-

1109 2380 1208 2427 gisse
1227 2387 1390 2431 partem,
1431 2383 1467 2420 in
1490 2386 1562 2433 qua
1583 2387 1769 2436 reperian-

1107 2441 1166 2472 tur
1187 2438 1264 2473 auri
1284 2439 1442 2477 fodinae.

1163 2517 1348 2572 ἄροτρον]
1393 2523 1433 2559 In
1460 2525 1633 2573 symbolis
1664 2534 1765 2565 vete-

1106 2588 1182 2612 rum
1206 2577 1471 2616 Germanorum
1491 2586 1650 2620 aratrum
1668 2596 1763 2633 quo-

1107 2644 1180 2680 que
1204 2639 1441 2680 memoratur,
1462 2649 1534 2685 quo
1554 2644 1687 2676 terram
1705 2653 1764 2679 re-

1106 2701 1192 2725 cens
1224 2691 1436 2739 acquisitam
1473 2694 1616 2732 adeant.
1653 2697 1761 2734 Conf.

1105 2744 1255 2782 Grimm.
1278 2746 1462 2786 Deutsche
1474 2749 1759 2791 Rechtsalterth.

1105 2801 1118 2836 1
1135 2814 1218 2851 pag.
1239 2805 1332 2851 186,
1355 2805 1416 2841 ubi
1437 2819 1586 2844 aureum
1607 2808 1759 2847 Hem-ici

1101 2857 1203 2895 ducis
1222 2864 1378 2898 aratrum
1391 2865 1579 2915 componit
1598 2878 1679 2903 cum
1691 2866 1759 2904 hoc
