1946 3272
433 235 515 273 100
848 228 1308 269 HERODOTI

433 356 532 395 ριον
564 339 755 395 νόμισμα
784 339 979 389 κόψαντα
1009 338 1173 382 πολλὸν
1213 338 1449 392 μολίβδου,
1491 351 1698 390 καταχρυ-

433 409 633 454 σώσαντα
665 411 822 470 δοῦναί
851 421 950 463 σφι·
990 408 1093 458 τούς
1125 408 1169 450 δὲ
1200 407 1478 462 δεξαμένους,
1513 406 1627 448 οὕτω
1649 404 1700 459 δὴ

427 480 792 525 ἀπαλλάσσεσθαι.

858 477 1030 533 Ταύτην
1069 478 1245 533 πρώτην
1285 480 1518 533 στρατηίην
1548 478 1591 527 ἐς
1620 474 1756 531 τὴν35

431 552 574 606 Ἀσίην
604 548 943 603 Λακεδαιμόνιοι
972 547 1158 601 Δωριέες
1189 546 1459 602 ἐποιήσαντο.

379 729 450 752 uno
469 715 615 750 abesset
634 713 780 755 codice,
825 712 861 748 in
880 710 1038 759 reliquos

378 772 522 808 codices
534 775 670 806 temere
682 769 868 818 irrepsisse
889 768 1041 803 arbitra-

378 834 477 865 retur
506 826 711 874 Schueigh.
742 838 762 861 e
790 824 947 869 scholio,
978 835 1041 872 per

379 883 480 933 quod
496 883 576 930 quis
590 881 672 917 olim
691 882 906 917 locutionem
926 875 1043 930 λόγος

382 937 750 991 ὥρμηταιρηήὶοῆτρ
761 937 926 973 voluerit
943 935 1044 972 ldem

379 1000 567 1045 comparat
588 994 745 1039 V11,89‚
764 993 823 1029 ubi
845 997 902 1030 est
923 989 1042 1041 φάτις

381 1049 559 1102 ὥρμηται
574 1049 679 1099 furna
701 1051 813 1095 exiit,
855 1049 1045 1092 emanavit,

375 1108 505 1159 fertur.
563 1106 746 1154 Equidem
774 1106 839 1141 hac
872 1104 1044 1141 orationis

383 1164 619 1208 abundantia,
642 1163 779 1212 quippe
797 1175 892 1210 quae
908 1163 954 1198 ab
968 1162 1046 1198 He-

383 1221 503 1258 rodoti
526 1219 650 1256 indole
671 1231 743 1255 non
763 1218 878 1255 aliena
891 1225 1047 1264 est,no11

383 1277 564 1315 offendor.
598 1297 649 1302 —-
680 1275 738 1312 De
767 1288 855 1311 voce
882 1270 1047 1326 μάταιος

385 1334 480 1372 conf.
501 1336 591 1369 nott.
610 1332 658 1369 ad
684 1332 728 1377 ΙΙ,
753 1333 841 1372 118.

443 1384 619 1439 νόμισμα
652 1382 858 1437 κόψαντα]
901 1388 983 1423 Hoc
1018 1386 1047 1422 si

384 1459 508 1484 verum
529 1451 606 1491 est,
646 1445 803 1481 omnium
830 1449 931 1481 certe
956 1444 1051 1479 anti-

387 1503 599 1552 quissimum
647 1506 818 1538 monetae
855 1503 1049 1548 corruptae

386 1558 615 1608 exemplum,
649 1570 694 1595 ex
713 1557 859 1607 Oiymp.
881 1556 996 1601 Lxu,
1023 1557 1048 1596 3

387 1628 415 1652 s.
434 1616 515 1656 530
538 1627 570 1651 a.
590 1611 676 1650 Chr.
689 1626 724 1650 n.
742 1613 797 1649 vel
819 1613 953 1658 LXlll,
976 1614 1002 1652 4
1022 1624 1049 1647 s.

388 1671 472 1712 525
491 1684 524 1708 a.
544 1671 629 1707 Chr.
642 1683 676 1706 n.
697 1670 788 1716 (vid.
807 1674 899 1706 nott.
919 1669 967 1705 ad
989 1668 1051 1713 lll,

389 1729 476 1776 48).
520 1726 571 1764 Ac
588 1726 732 1762 Solonis
752 1727 898 1774 quidem
931 1729 1053 1761 aetate

389 1787 559 1821 monetae
579 1782 845 1832 corruptionem
877 1782 965 1818 satis
992 1793 1053 1817 co-

391 1840 532 1889 gnitam
560 1838 776 1888 legibusque
810 1839 970 1875 severius
998 1837 1053 1873 in-

391 1896 584 1933 terdictam
620 1896 731 1932 suisse
764 1908 784 1931 e
811 1893 1051 1931 Demosthen.

388 1953 429 1989 fit
447 1952 675 1988 manifestum
694 1951 834 1987 advers.
853 1950 1050 1987 Timocrat.

389 2009 427 2044 in
448 2008 512 2044 fin.
533 2021 618 2056 pag.
634 2009 727 2047 765.
741 2008 823 2046 766
840 2007 901 2043 ed.
913 2006 1052 2051 Reisk„

397 2076 471 2113 quo
500 2062 580 2099 loco
615 2064 707 2099 bene
735 2062 869 2108 utitur,
902 2066 1054 2098 notante

399 2119 480 2164 Cr„
509 2119 647 2155 Eckhel
667 2119 713 2155 l).
727 2118 950 2167 NProlegg.
973 2131 1051 2166 cap.

394 2175 498 2222 xlx,
519 2188 554 2225 p.
573 2175 691 2211 CXlll
712 2174 792 2211 Vol.
814 2174 850 2220 l,
889 2175 949 2210 ubi
972 2174 1054 2210 vide

395 2231 508 2282 plura.
567 2231 641 2268 lam
678 2230 825 2267 Solonis
862 2229 1055 2279 legislatio,

393 2289 466 2336 qua
496 2287 619 2323 mortis
652 2301 771 2336 poena
798 2287 834 2323 in
864 2300 1055 2324 numorum

395 2347 650 2392 corruptorum
690 2345 822 2380 crimen
860 2344 1057 2380 constituta

396 2402 494 2445 erat,
534 2399 658 2435 incidit
690 2400 725 2435 in
755 2413 888 2436 anuum
915 2399 995 2439 594
1024 2413 1056 2435 a.

397 2455 484 2491 Chr.
508 2467 542 2490 n.
568 2456 697 2497 (Cous.
729 2461 820 2491 nott.
852 2456 899 2491 ad
922 2455 947 2501 l,
970 2457 1057 2501 30.)

399 2509 483 2548 Nec
526 2515 647 2547 tamen
702 2512 876 2547 eiusmodi
923 2524 1060 2560 poenas

401 2567 564 2616 quamvis
587 2579 750 2613 severas,
782 2568 980 2616 quidquam
996 2580 1058 2602 va-

399 2622 529 2670 luisse,
575 2623 670 2659 idem
707 2624 879 2660 admonet
911 2623 1061 2659 Eckhel.

401 2678 523 2728 Atque
563 2679 743 2716 Herodoti
778 2692 925 2727 quoque
961 2679 1059 2715 locus

401 2735 626 2782 (observavit
657 2734 819 2771 Boeckh.
855 2736 888 2770 iu
919 2736 1059 2772 Oecon.

403 2790 533 2829 Athen.
555 2791 566 2827 l
586 2805 621 2841 p.
641 2793 708 2837 23,
738 2791 837 2827 cuius
858 2791 974 2827 locum
994 2792 1059 2827 ud-

401 2847 598 2899 scripserat
629 2845 719 2896 Cr.)
751 2851 809 2884 est
825 2848 1060 2895 documento,

1096 724 1204 760 quam
1225 711 1300 748 auri
1322 723 1439 759 egena
1458 711 1608 759 aurique
1625 723 1761 760 prope-

1097 768 1246 805 modum
1270 768 1381 804 inscia
1396 772 1471 803 tum
1488 767 1663 816 temporis
1682 769 1761 804 sue—

1098 825 1146 860 rit
1172 824 1346 869 Graecia,
1387 824 1415 859 si
1448 823 1658 871 Polycrates
1693 823 1762 859 hoc

1100 883 1210 917 modo
1230 880 1422 929 Spartanis
1447 881 1634 928 imponere
1657 883 1764 928 potu—

1102 938 1211 981 isset,
1243 941 1306 972 aut
1328 937 1357 972 si
1386 937 1531 972 omniuo
1559 934 1763 971 istiusmodi

1101 992 1224 1029 sabula
1246 993 1330 1028 oriri
1352 1004 1394 1028 ac
1419 992 1544 1041 spargi
1566 992 1762 1041 potuisset,

1100 1049 1309 1099 praesertim
1335 1061 1414 1084 cum
1438 1048 1574 1084 dudum
1597 1047 1633 1082 iu
1644 1047 1764 1095 Lydia

1102 1106 1200 1142 aurei
1230 1106 1450 1141 cuderentur
1469 1104 1588 1149 numi,
1619 1103 1665 1140 de
1685 1103 1767 1152 qui-

1102 1163 1168 1199 bus
1192 1163 1236 1197 cs.
1258 1166 1348 1197 nott.
1370 1161 1417 1197 ad
1441 1161 1466 1205 l,
1484 1162 1550 1200 94.
1582 1160 1767 1196 Admonet

1102 1220 1198 1256 idem
1219 1217 1380 1254 Boeckh.
1407 1216 1427 1252 l.
1450 1217 1472 1252 l.
1495 1216 1525 1252 ll
1556 1228 1640 1266 pag.
1671 1217 1765 1261 138,

1103 1275 1164 1311 ubi
1182 1275 1227 1311 de
1239 1275 1317 1310 rudi
1333 1275 1598 1322 Spartanorum
1620 1276 1767 1308 moneta

1103 1333 1221 1369 ferrea
1240 1330 1406 1376 disserit,
1450 1329 1690 1377 antiquissimi
1714 1329 1768 1363 in-

1103 1388 1268 1431 terdicti,
1312 1399 1385 1434 quo
1416 1386 1548 1422 nemini
1580 1386 1766 1434 Spartano

1104 1449 1250 1494 praeter
1267 1444 1420 1480 ferream
1442 1446 1626 1478 monetam
1647 1441 1767 1477 auris.

1105 1500 1249 1548 argenti
1295 1498 1384 1547 quid
1425 1498 1616 1548 possidere
1657 1497 1767 1533 licuit.

1106 1557 1214 1601 Quod
1246 1557 1363 1605 ipsum
1397 1554 1494 1590 omni
1535 1555 1610 1591 sere
1645 1558 1768 1590 aetate

1107 1612 1312 1660 neglectum
1359 1611 1470 1647 fuisse
1516 1610 1593 1647 iure
1643 1612 1769 1646 monet

1107 1668 1268 1706 Boeckh.
1309 1667 1406 1704 Nam
1423 1668 1486 1716 qui
1506 1667 1652 1703 omnino
1671 1664 1772 1716 (mo-

1110 1726 1157 1761 do
1192 1737 1278 1761 vera
1308 1725 1402 1769 sint,
1445 1736 1539 1772 quae
1562 1721 1700 1760 Noster
1728 1733 1772 1758 ex

1109 1783 1206 1818 sama
1247 1780 1409 1827 resert,)
1467 1780 1643 1829 Spartani
1683 1790 1772 1815 auro

1110 1851 1149 1875 se
1169 1836 1350 1886 corrumpi
1370 1837 1469 1886 passi
1486 1839 1623 1881 essent,
1646 1835 1675 1871 si
1695 1834 1771 1870 auri

1110 1893 1197 1930 nihil
1227 1894 1424 1941 quidquam
1453 1891 1643 1942 possidere
1665 1894 1773 1941 potu-

1108 1951 1223 1987 issent
1242 1948 1262 1984 ’ἒ

1166 2000 1314 2043 πολλόν
1337 2001 1546 2054 μολίβδου]
1578 2003 1771 2053 μολίβδου

1109 2062 1258 2111 scripsi,
1297 2066 1338 2096 ut
1361 2059 1396 2105 l,
1432 2061 1532 2105 186,
1571 2061 1633 2097 ubi
1662 2060 1773 2098 etiam

1110 2117 1340 2154 Gaissordius
1368 2117 1419 2153 sic
1445 2116 1626 2162 exhibuit,
1657 2117 1718 2166 qui
1738 2115 1773 2152 h.

1111 2175 1134 2211 l.
1157 2174 1258 2211 dedit
1278 2168 1491 2223 μολύβδου.
1535 2173 1647 2216 Quod
1668 2173 1772 2210 dedi-

1113 2244 1191 2268 mus
1231 2231 1363 2280 probat
1400 2229 1528 2279 Poppo
1557 2230 1604 2265 ad
1630 2229 1776 2278 Thucy-

1115 2288 1189 2324 did·
1213 2286 1248 2332 l,
1275 2288 1327 2327 93
1356 2299 1391 2335 p.
1422 2288 1500 2326 198
1524 2285 1585 2323 cd.
1609 2286 1774 2330 Gcrvin„

1115 2349 1151 2381 et
1164 2344 1301 2379 dudum
1322 2347 1431 2379 antea
1444 2341 1583 2378 Sallier.
1597 2342 1646 2378 ad
1658 2342 1772 2379 Moer.

1115 2414 1150 2450 p.
1175 2402 1268 2440 256.
1309 2398 1366 2434 Tu
1383 2399 1452 2434 vid.
1475 2398 1581 2434 etiam
1611 2398 1773 2434 Pierson.

1115 2457 1162 2493 ad
1194 2456 1345 2492 Moerid.
1378 2455 1398 2491 Ι.
1426 2454 1447 2490 l.
1477 2453 1694 2502 U'esstding.
1728 2453 1776 2489 ad

1117 2512 1268 2548 Diodor.
1290 2511 1335 2556 ll,
1361 2513 1424 2555 10,
1449 2510 1585 2547 Duker.
1607 2515 1642 2547 et
1662 2509 1776 2547 Goel-

1116 2567 1178 2604 ler.
1199 2567 1245 2603 ad
1264 2567 1471 2614 Thucydid.
1496 2565 1517 2601 l.
1538 2565 1559 2601 Ι.

1181 2618 1337 2668 Ταύτην
1358 2618 1520 2671 πρώτην
1547 2620 1775 2672 στρατηΐην]

1117 2679 1188 2716 Pro
1220 2674 1383 2730 πρώτην
1413 2679 1533 2728 plures
1558 2677 1635 2714 libri
1677 2675 1776 2729 τήνς

1117 2735 1220 2772 mule.
1283 2734 1352 2771 Est
1382 2736 1475 2771 euim
1507 2747 1655 2772 sensus:
1694 2747 1777 2772 nam

1116 2792 1208 2827 hanc
1250 2793 1399 2840 primum
1443 2791 1696 2840 esptwle'tionem
1738 2793 1777 2828 in

1115 2848 1236 2885 Asiam
1262 2849 1449 2898 suscepisse
1471 2848 1660 2895 (licuntur,
1698 2860 1778 2886 cum
