1946 3272
619 258 1086 300 THALIA.1H.

1400 270 1483 311 115

212 371 260 416 ἐν
287 371 378 428 νόῳ
415 372 521 426 ἔχων
549 369 627 426 τὴν
665 369 870 426 ταχίστ.]ν
907 369 951 421 ἐς
980 373 1140 417 Σοῦσα
1168 371 1482 425 στρατεύεσθαι

183 444 282 487 Sesti
311 443 387 486 τὸν
415 440 589 496 Μάγον.
648 441 724 484 καί
763 441 808 484 οἱ
845 437 1183 495 ἀναθρώσκοντι
1212 442 1280 486 ἐπὶ
1309 442 1387 486 τὸν
1417 445 1483 487 ἴπ-

209 529 315 562 πον,
352 514 432 555 τοῦ
465 513 654 555 κουλεοῦ
693 514 774 554 τοῦ
812 512 958 565 ξίφεος
995 511 1019 556 ὁ
1049 511 1190 570 μύκης
1219 511 1536 558 daonium-75

180 580 439 640 4γυμνωθὲν
477 581 523 626 δὲ
559 581 609 625 τό
645 583 770 638 ξίφος
799 584 918 626 παίει
946 582 1027 626 ‘cdv
1055 582 1210 639 μηρόν.
1269 602 1481 642 τρωματι-

208 654 327 705 σθεὶς
363 652 410 697 δὲ
447 653 557 697 κατὰ
596 658 728 699 τοῦτο
765 658 819 710 τῇ
858 653 991 706 αὐτὸς
1028 654 1247 710 πρότερον
1279 656 1360 701 τόν
1388 661 1480 701 τῶν

202 807 276 845 τοῦ
309 807 480 844 κουλεοῦ
513 808 586 845 τοῦ
615 805 752 856 ξίφεος
786 803 811 845 ὁ

146 857 277 914 μύκης
307 857 546 912 vineatam]
593 863 629 900 T
634 863 809 900 ransseri-

146 920 217 970 psit
229 919 330 965 haec,
342 924 516 957 monente
530 918 718 966 Valcken.‚
733 919 808 956 Zo-

145 988 251 1013 naras
275 975 417 1013 Annall.
440 976 489 1013 lv
525 989 559 1027 p.
586 979 664 1017 127
685 976 729 1013 D.
751 997 807 1004 —-

146 1028 322 1078 Κουλεός
340 1033 463 1070 Ionica
482 1033 598 1070 form-<⁴1
617 1033 808 1070 exhibetur

143 1101 210 1138 pro
248 1085 386 1136 κολεός
423 1091 645 1138 (vagina);
693 1102 806 1139 quam

143 1145 260 1195 ipsam
277 1149 352 1183 tres
367 1146 447 1183 libri
467 1146 499 1183 h.
518 1146 537 1183 l.
560 1146 728 1184 afferunt.
766 1145 807 1182 ln

142 1214 233 1239 voce
260 1198 389 1253 μύκης
409 1203 623 1252 explicanda
646 1203 716 1240 iam
745 1215 808 1240 ve-

143 1262 240 1295 teres
266 1259 303 1295 in
333 1260 495 1296 diversas
520 1264 643 1309 partes
674 1259 807 1296 abiisse

141 1318 344 1352 monstrant
374 1328 468 1364 quae
501 1314 672 1364 leguntur
707 1316 806 1365 apud

141 1370 310 1409 Eustath.
340 1372 388 1408 ad
416 1371 517 1409 Iliad.
542 1372 573 1408 ll
601 1385 637 1423 p.
661 1374 757 1418 290,
779 1374 806 1411 2

143 1440 172 1464 s.
194 1429 296 1474 219,
320 1430 383 1468 27.
414 1427 625 1477 Etymolog.
651 1443 687 1479 p.
711 1427 806 1469 594.

142 1483 261 1521 Schol.
290 1485 338 1521 ad
361 1484 537 1522 Nicandri
558 1485 804 1536 Alexipharm.

144 1542 234 1580 103.
264 1540 426 1578 Bekkeri
446 1543 610 1579 Anecdd.
630 1555 666 1592 p.
686 1544 804 1582 1399·

141 1596 220 1634 coll.
231 1597 374 1635 Berkel.
388 1598 435 1635 ad
453 1598 632 1649 Stephan.
649 1599 804 1647 Byzant.

141 1665 170 1690 s.
197 1666 231 1691 v.
263 1656 472 1705 Μυκῆναι.
531 1654 667 1705 Neque
695 1656 804 1702 enim,

140 1711 240 1759 quod
263 1711 480 1759 quibusdam
509 1710 657 1761 placuit,
689 1710 713 1751 ὁ
733 1707 806 1761 μύ-

140 1781 214 1817 κης
235 1766 270 1803 h.
290 1766 310 1804 l.
331 1767 511 1816 significat
529 1781 653 1805 ansam
669 1769 802 1817 gladii,

141 1835 168 1860 s.
202 1824 448 1869 manubrium,
488 1837 732 1874 quamquam,
763 1830 804 1862 ut

139 1879 282 1917 monuit
301 1879 591 1918 Winckelmann.
603 1882 701 1932 Opp.
715 1882 760 1919 T.
772 1883 804 1918 V

137 1949 175 1986 p.
193 1937 261 1982 87,
275 1937 428 1986 vaginae
448 1941 608 1975 extrema
627 1943 665 1976 et
684 1937 802 1988 capuli

139 2005 277 2030 summa
302 2007 387 2043 pars
418 1994 454 2030 in
482 1995 640 2044 antiquis
670 1994 800 2043 gladiis

139 2049 245 2086 simili
277 2050 546 2101 propemodum
579 2052 645 2089 fuit
672 2053 799 2088 forma.

138 2105 207 2143 Est
228 2107 352 2156 potius
383 2104 406 2146 ό
433 2102 583 2158 μύκης,
614 2113 654 2145 ut
677 2107 800 2145 Schol.

138 2163 188 2200 ad
206 2161 381 2201 Nicandr.
401 2163 422 2200 l.
441 2163 462 2200 l.
484 2165 649 2214 exponit,
669 2162 713 2204 τό
733 2179 801 2203 κα-

138 2221 318 2258 τακλεῖον
348 2216 424 2271 τήν
454 2216 612 2271 θήκην,
664 2221 801 2258 lamina

139 2279 326 2313 extremam
335 2279 426 2314 ensis
436 2279 607 2326 vaginam
619 2278 800 2325 claudens,

140 2345 167 2369 S.
195 2332 256 2370 der
277 2333 405 2370 Declcel
428 2347 485 2371 am
508 2334 617 2371 Eride
640 2336 702 2372 cler
727 2335 800 2372 De-

138 2390 367 2437 gensclteicle,
398 2390 464 2427 das
494 2391 670 2429 Ortband.
719 2392 801 2430 Nec

139 2445 241 2483 aliter
265 2446 375 2484 Italus
398 2453 434 2485 et
457 2447 664 2486 Germanus
690 2449 801 2486 inter·

138 2514 231 2551 pres,
271 2502 369 2541 Nam
388 2505 503 2553 fungo
523 2506 676 2543 cadente
689 2506 800 2542 Cam-

139 2557 236 2605 bysis
267 2559 408 2609 gladius
428 2561 561 2610 vagina
589 2563 657 2599 fuit
682 2563 800 2599 nuda-

141 2617 197 2649 tus
225 2615 395 2666 illumque
424 2618 532 2655 ferire
560 2619 693 2667 potuit.
737 2618 799 2655 Tu

140 2670 234 2707 conf.
262 2678 408 2722 praeter
429 2674 583 2712 Wessel.
612 2681 648 2712 et
674 2674 798 2711 Valck.

142 2725 190 2761 ad
222 2725 257 2763 h.
285 2727 306 2764 l.
338 2729 510 2768 Creuzer.
543 2731 591 2767 ad
621 2731 799 2768 Hecataei

141 2780 306 2829 fragmm.
326 2797 359 2834 p.
372 2788 425 2825 77
445 2799 521 2836 seq.
539 2787 664 2836 ibique
680 2787 798 2824 Schol.

141 2837 270 2875 Venet.
289 2840 336 2876 ad
356 2841 457 2879 Iliad.
472 2843 554 2890 XV,
577 2845 670 2884 302.
704 2843 799 2881 Pau-

141 2905 218 2930 san.
248 2895 294 2943 II,
324 2898 375 2937 16
396 2895 435 2947 §-
455 2900 492 2940 3.
532 2900 635 2938 Idem
660 2900 798 2938 Pausa-

865 805 957 852 nias,
975 805 1192 844 observante
1212 807 1402 855 Valcken„
1425 808 1454 856 I,
1478 810 1532 849 28

865 863 913 899 ad
952 862 1135 900 Herodoti
1185 863 1303 902 locum
1349 866 1532 916 respexit3

863 919 1009 968 alioque
1026 919 1104 957 loco
1128 920 1225 968 Vlll,
1242 924 1290 962 11
1315 917 1351 971 ξ
1362 925 1401 968 6,
1426 923 1533 960 Han-

864 975 976 1013 nibali
999 976 1108 1024 idem,
1132 978 1233 1027 quod
1247 979 1434 1029 Cambysi,
1448 992 1531 1018 eve-

862 1032 961 1070 nisse
984 1033 1107 1070 tradit.

921 1088 1054 1140 ξίφος]
1086 1090 1198 1133 Quod
1216 1089 1378 1139 Mongez
1402 1091 1528 1139 (Mem.

864 1145 912 1182 de
930 1145 1068 1184 l’lnstit.
1091 1146 1140 1182 lv
1167 1159 1252 1197 pag.
1275 1149 1339 1187 60.
1361 1150 1413 1189 62
1432 1148 1530 1199 seq.)

863 1201 1037 1251 distingui
1055 1201 1133 1239 vult
1152 1203 1188 1239 in
1207 1203 1401 1240 Persarum
1420 1206 1528 1242 armis

863 1258 1039 1306 gladium,
1063 1259 1213 1309 proprio
1236 1272 1346 1296 sensu
1366 1261 1530 1311 appella-

863 1321 940 1351 tum
967 1313 1010 1354 τὸ
1032 1316 1161 1364 ξίφος,
1192 1322 1228 1353 et
1260 1329 1383 1354 ensem
1411 1318 1527 1355 mino-

864 1384 961 1418 rem,
989 1372 1066 1410 sive
1085 1373 1304 1422 pugionem,
1336 1375 1529 1422 acinacem,

862 1432 904 1464 ut
914 1427 1049 1466 Persae
1066 1429 1259 1476 vocabant,
1279 1431 1450 1479 equidem
1462 1432 1529 1470 de-

862 1485 984 1522 sidero
998 1486 1217 1523 testimonia.
1236 1485 1334 1523 Nam
1352 1487 1421 1525 hoc
1435 1501 1529 1538 quo-

862 1554 934 1590 que
952 1541 1031 1579 loco
1064 1541 1216 1592 intelligi
1245 1547 1370 1593 putem
1402 1557 1527 1583 ensem

861 1598 960 1634 illurn
994 1598 1195 1645 minorem,
1235 1612 1344 1648 quem
1377 1600 1527 1649 Persae,

861 1660 956 1693 teste
977 1655 1172 1693 Herodoto
1194 1656 1274 1702 Vll,
1298 1659 1347 1698 61
1378 1664 1527 1707 gestare

862 1711 1030 1749 solebant
1042 1713 1088 1749 ad
1102 1713 1269 1750 dextrum
1280 1713 1398 1751 femur
1414 1728 1434 1752 e
1449 1716 1528 1752 cin-

862 1767 948 1817 gulo
980 1781 1196 1818 suspensum
1234 1769 1310 1808 sive
1347 1773 1526 1809 acinacem

862 1825 983 1874 (quod
1005 1826 1174 1875 pugionis
1196 1838 1312 1874 genus
1333 1828 1446 1865 fuisse
1472 1829 1526 1865 vi-

861 1882 1001 1929 detur),
1031 1895 1105 1931 quo
1137 1883 1217 1932 ipso
1249 1884 1368 1920 ornati
1394 1884 1526 1923 hodie·

861 1951 933 1987 que
949 1945 1162 1988 comparent
1176 1938 1308 1977 Persae
1327 1941 1364 1976 in
1383 1942 1524 1978 ruderi-

860 1995 929 2031 bus
951 1994 1249 2045 Persepolitanis.
1309 1996 1406 2034 Tum
1432 2010 1526 2047 quo-

857 2064 930 2100 que
952 2050 1089 2088 facilius
1110 2051 1263 2102 intelligi
1283 2053 1430 2103 poterit,
1448 2056 1524 2103 qui,

856 2108 1043 2158 pugioni5‚
1066 2121 1093 2145 s.
1114 2109 1282 2156 acinacis,
1305 2109 1439 2147 lamina
1458 2112 1525 2149 de·

858 2164 973 2214 lapsa,
986 2165 1178 2213 cambysis
1197 2167 1314 2203 femur
1335 2167 1432 2204 feriri
1453 2180 1523 2218 po-

857 2222 978 2258 tuerit.
1048 2221 1250 2272 Cambyses
1286 2223 1382 2260 enim
1420 2223 1524 2273 (sunt

857 2278 971 2314 verba
993 2276 1171 2316 Ammian.
1206 2278 1367 2316 Marcell.
1387 2280 1522 2326 XXiIl,

859 2336 904 2382 6)
915 2338 1074 2380 „suwnet
1091 2335 1265 2385 pugione,
1287 2348 1396 2384 quem
1415 2342 1523 2387 apta-

856 2396 935 2428 tum
952 2392 1078 2428 femori
1091 2392 1220 2429 dextro
1242 2394 1426 2440 gestabat,
1437 2393 1522 2430 sub-

856 2448 907 2484 ita
928 2447 961 2484 vi
980 2448 1105 2486 ruinae
1126 2448 1287 2495 nudato,
1308 2448 1521 2487 vulneratus

855 2517 974 2554 paene
996 2504 1176 2542 lethaliter
1193 2505 1369 2543 interiit.“
1405 2507 1522 2544 Vete-

855 2574 936 2598 rum
957 2562 1168 2598 testimonia
1191 2562 1238 2599 de
1257 2563 1411 2600 Acinace
1435 2576 1522 2613 sup·

855 2617 1037 2668 peditabit
1063 2618 1228 2656 Brisson.
1254 2620 1302 2657 de
1320 2632 1396 2667 reg.
1419 2619 1520 2657 Pers.

855 2675 1008 2725 princip.
1031 2674 1092 2721 111,
1114 2678 1139 2715 7
1162 2688 1238 2723 seq.
1270 2677 1402 2725 p-632
1415 2689 1491 2724 seq.

914 2728 1013 2769 κατὰ
1032 2733 1148 2770 τοῦτο
1169 2730 1235 2785 τῇ]
1266 2732 1327 2768 Sic
1345 2733 1438 2769 infra
1458 2731 1519 2776 ΙΙΙ,

857 2789 931 2828 86;
961 2785 1061 2826 και-οὶ
1081 2790 1211 2832 τοῦτο,
1230 2788 1325 2827 ἵνα.
1358 2788 1420 2834 ΙΙΙ,
1443 2786 1519 2827 125

857 2844 917 2881 fin.
941 2843 981 2891 ἐς
1003 2847 1136 2891 τοῦτο,
1168 2847 1238 2895 τῆ.
1280 2844 1418 2881 Similia
1440 2843 1521 2893 plu-

855 2901 948 2938 rima
964 2914 1010 2940 ex
1029 2886 1224 2940 Herodoto
1240 2901 1394 2971 praebet
1414 2899 1520 2936 Stru-

1241 2959 1267 2997 8
