1863 3256
474 130 1043 176 MELPOMENE.
1103 131 1165 169 [V.

1375 135 1458 174 337

187 249 234 294 δὲ
268 247 396 293 αὐτοὶ
424 246 580 290 Ἠλεῖοι
619 244 665 288 ἐκ
701 240 894 298 κατάρης
933 255 1008 284 τευ
1047 238 1102 283 οὐ
1138 239 1341 295 γίνεσθαί
1380 252 1459 297 σφι

185 319 411 377 ἡμιόνους.
469 314 563 359 ἀλλ’
603 312 736 357 ἐπεὰν
782 313 944 369 προσίῃ
990 311 1017 368 ἡ
1066 310 1162 368 ὤρη
1201 313 1461 356 κυΐσκεσθαι

187 391 264 443 τοὶς
285 393 471 440 ἵππους,
501 384 784 439 ἐξελαύνουσι
814 384 858 435 ἐς
886 383 992 435 τούς
1020 381 1354 440 πλησιοχώρους
1385 381 1461 426 αὐ-

186 461 287 513 τοῖς·
335 461 409 504 καὶ
439 457 584 502 ἔπειτα
615 469 695 513 σφι
720 456 768 500 ἐν
799 460 854 512 τῇ
891 459 981 498 τῶν
1008 456 1141 507 πέλας
1169 455 1325 499 ἐπιεῖσι
1354 453 1462 506 τούς
1474 459 1518 495 4ο

186 531 344 583 ὄνους,
377 531 420 581 ἐς
451 524 507 572 οὗ
539 528 594 571 ἂν
624 531 757 584 σχῶσι
786 528 832 570 αἱ
861 528 986 570 ι’πποι
1019 526 1068 570 ἐν
1096 527 1271 582 γαστρί·
1315 525 1462 570 ἔπειτα

64 600 127 644 31
191 603 238 646 δὲ
267 601 408 646 ὀπίσω
439 599 747 643 ἀπελαύνουσι.

806 598 917 652 Περὶ
948 598 994 642 δὲ
1024 602 1112 642 τῶν
1141 601 1337 653 πτερῶν,
1373 601 1462 641 τῶν
1520 602 1581 629 P0¹¹

1519 610 1660 696 ορρῐεῑὲέ

183 672 362 717 Σκύθαι
384 675 562 726 λέγουσι
592 669 824 714 α’νάπλεων
853 666 967 712 εἶναι
993 669 1072 714 τὸν
1096 669 1230 726 ἠέρα,
1269 670 1343 714 καὶ
1363 668 1461 713 τού-
1519 671 1560 705 7·]
1583 678 1617 697 ⁸¹¹

182 759 272 787 των
310 744 452 787 εἵνεκα
491 740 574 786 οὐκ
612 739 684 786 οἷά
723 757 768 784 τε
805 738 919 784 εἶναι
959 740 1060 785 οὔτε
1091 744 1201 786 ἰδεῖν
1230 740 1280 785 τὸ
1308 739 1462 796 πρόσω

182 819 258 871 τῆς
285 813 493 872 ἠπείρου,
525 813 626 857 οὔτε
657 812 884 865 διεξιέναι,
915 812 1043 870 τήνδε
1073 813 1154 870 ἔχω
1183 814 1284 867 περὶ
1314 812 1463 858 αὐτῶν
1475 820 1518 854 45

154 885 268 942 Ξτὴν
295 884 490 942 γνώμην.
552 884 604 928 τὰ
635 884 884 940 κατύπερθε
913 884 1072 941 ταύτης
1100 889 1176 941 τῆς
1204 884 1348 943 χώρης
1379 886 1464 930 αἰεὶ

185 959 386 1013 νίφεται,
433 957 636 1000 ἐλάσσονι
670 958 715 1001 δὲ
752 960 832 1001 τοῦ
869 956 1025 1012 θέρεος
1067 955 1096 1013 ἢ
1124 959 1206 1000 τοῦ
1239 961 1464 1013 χειμῶνος,

158 1026 339 1082 δῶσπερ
385 1028 458 1071 καὶ
499 1027 631 1080 οἰκός.
689 1027 774 1085 ἤδη
819 1022 881 1072 ὦν
928 1027 1049 1078 ὅστις
1099 1025 1290 1084 ἀγχόθεν
1337 1029 1465 1085 χιόνα

189 1098 332 1155 ἁδρὴν
360 1100 612 1143 πίπτουσαν
643 1097 754 1153 εἶδε,
797 1097 890 1144 οἶδε
918 1098 968 1143 τὸ
999 1098 1122 1155 λέγω.
1181 1098 1295 1143 ἔοικε
1322 1100 1407 1157 γάρ
1439 1099 1465 1157 ἡ

192 1251 235 1292 ἐκ
276 1248 454 1302 κατάρης
495 1249 582 1301 τευ]
634 1265 724 1298 τευ,
764 1251 802 1287 in

132 1310 354 1360 quibusdam
379 1308 480 1345 libris
500 1308 595 1345 male
617 1309 803 1355 omissum,

133 1379 216 1404 cum
257 1365 336 1403 aliis
378 1365 514 1402 retinet
550 1365 717 1402 Eustath.
755 1366 804 1402 ad

132 1423 290 1472 Dionys.
323 1421 469 1470 Perieg.
506 1435 560 1459 VS.
592 1421 686 1464 409.
744 1422 804 1460 De

111 1476 214 1531 ‘ipsa
249 1492 289 1517 re
327 1478 483 1515 laudant
510 1478 669 1516 Pausan.
689 1479 743 1525 V,
764 1481 802 1520 .5.

134 1530 182 1584 V,
208 1539 247 1578 9.
280 1535 466 1572 Plutarch.
487 1535 520 1572 ll
542 1549 629 1586 pag.
651 1538 732 1576 303
759 1536 805 1573 Β.

136 1593 219 1641 (ubi
252 1592 514 1642 VVytteubach.
555 1592 591 1628 in
627 1592 805 1630 Animad-

136 1662 251 1688 verss.
282 1661 371 1700 pag.
394 1648 448 1689 74
489 1648 694 1686 Herodotei
735 1649 805 1686 loci

137 1706 238 1744 haud
270 1706 462 1743 immemor
500 1705 585 1756 suit)
628 1706 802 1755 Antigon.

139 1763 287 1813 Caryst.
311 1762 452 1799 Histor.
474 1763 555 1799 mir.
582 1765 645 1803 13.
683 1764 806 1813 Atque

138 1820 186 1858 ob
215 1819 326 1856 hasce
356 1831 437 1855 aras
469 1832 594 1856 cursus
626 1820 805 1857 mulorum

138 1875 425 1925 certaminaque,
447 1875 484 1912 in
503 1875 596 1913 ludis
617 1876 808 1927 Olympia-

140 1933 192 1971 cis
213 1931 271 1970 Ol.
289 1931 430 1969 LXXll
451 1932 683 1980 introducta,
723 1946 808 1970 mox

141 1990 324 2038 abrogata
351 2001 431 2027 esse
458 1990 627 2027 videntur
645 1990 807 2028 Larche-

140 2059 195 2084 ro.
224 2067 280 2074 -
309 2046 351 2082 In
381 2047 554 2116 proxime
577 2059 680 2097 seqq.
713 2048 808 2085 inta-

142 2107 239 2141 ctum
270 2101 421 2152 reliqui.
463 2100 584 2142 ἐπεὰν
605 2105 752 2159 προσίη
779 2102 808 2156 η’

145 2155 264 2211 (5972,-
313 2172 472 2209 quocum
509 2161 604 2198 conf.
642 2162 696 2209 ll,
740 2160 807 2201 41.

142 2216 244 2254 Male
271 2215 332 2253 alii
364 2219 511 2271 προσῇ.
561 2217 621 2254 Ad
652 2219 807 2255 formam

144 2273 384 2313 κυΐσκεσθαι
422 2275 517 2311 conf.
560 2275 720 2313 Fischer.
760 2276 809 2312 ad

145 2330 295 2368 Weller.
316 2329 381 2379 111,
398 2343 430 2368 a.
457 2344 493 2381 p.
518 2334 592 2372 121
621 2337 659 2369 et
682 2333 731 2369 ad
757 2332 811 2368 lo-

148 2387 331 2424 cutionem
361 2389 483 2438 σχιόσι
514 2410 566 2416 -
598 2387 640 2428 ἐν
672 2388 810 2441 γαστρί

148 2442 213 2490 llI,
231 2444 298 2484 32.
346 2443 406 2481 Ad
428 2446 540 2482 verba
561 2441 684 2485 ὀπίσω
709 2442 809 2484 οἷπε-

150 2494 346 2539 λαύνουσι
364 2501 438 2539 vid.
462 2507 556 2540 nott.
585 2503 633 2540 ad
655 2503 717 2551 111,
744 2505 809 2543 16.

340 2589 372 2627 C
384 2603 452 2642 ap.
482 2592 618 2629 XXXI.

212 2666 314 2719 Περὶ
339 2666 381 2706 δὲ
404 2672 485 2708 τῶν
510 2671 681 2722 πτερῶν]
728 2672 813 2716 Quo

153 2737 262 2762 sensu
287 2724 430 2774 plumas
457 2727 617 2766 dixerint
642 2729 814 2778 Scythae,

152 2782 222 2818 iam
245 2793 356 2832 supra
373 2783 422 2819 ad
434 2782 499 2830 1V,
514 2786 539 2824 7
557 2784 813 2831 indicavimus,

211 2838 422 2876 Hssnono'r.
463 2840 509 2877 ΙΙ.

859 1251 928 1289 hoc
946 1250 1025 1288 loco
1053 1264 1074 1289 e
1091 1250 1328 1301 lVesselingii
1349 1251 1523 1290 observa-

859 1309 961 1346 tione
1001 1312 1174 1346 notamus
1212 1309 1319 1346 simili
1365 1309 1526 1358 imagine

860 1369 1023 1403 utentem
1065 1365 1297 1403 Psalmistam
1338 1365 1525 1412 CXLVll,

864 1424 916 1464 16
936 1426 974 1461 et
991 1422 1193 1459 Arnobium
1222 1422 1255 1459 11
1284 1435 1320 1473 p.
1345 1423 1424 1464 105
1452 1421 1526 1474 [cp.

863 1479 916 1520 58
938 1493 975 1530 p.
995 1480 1048 1520 91
1072 1479 1215 1529 Orell.].
1245 1479 1358 1517 Unde
1387 1479 1527 1516 Plinius

861 1535 910 1573 H.
947 1536 994 1573 N.
1027 1535 1077 1573 IV
1103 1536 1235 1586 (12),
1265 1538 1342 1577 26:
1403 1536 1527 1585 „Mox

861 1592 1019 1642 Riphaei
1038 1598 1182 1630 montes
1203 1598 1241 1631 et
1262 1593 1411 1630 assiduo
1434 1593 1526 1630 nivis

861 1662 947 1686 casu
1014 1650 1207 1700 pinnarum
1277 1649 1527 1696 similitudine,

864 1705 1094 1756 pterophoros
1142 1705 1327 1757 appellata
1374 1706 1526 1756 regi0.“

862 1763 972 1813 Apud
1000 1763 1119 1800 Leon.
1149 1764 1308 1800 African.
1348 1763 1384 1800 in
1414 1763 1527 1801 Afric.

862 1819 1063 1870 Descriptt.
1097 1819 1129 1856 lI
1152 1820 1213 1857 fol.
1238 1821 1314 1867 56,
1355 1824 1530 1857 monente

862 1875 1049 1914 Larchero
1061 1905 1072 1922 ,
1106 1881 1414 1915 commemoratur
1428 1877 1529 1914 locus

863 1934 1012 1971 nomine
1033 1932 1167 1970 Burris
1201 1935 1243 1981 (i.
1263 1947 1294 1972 e.
1320 1933 1452 1984 plumis
1474 1938 1530 1971 te-

865 1988 952 2041 cti),
995 2004 1075 2037 „eo
1099 1991 1199 2040 quod
1220 1993 1433 2040 frequentes
1454 1990 1525 2028 illic

864 2047 1063 2084 admodum
1098 2049 1233 2085 cadant
1263 2049 1391 2093 nives,
1432 2060 1525 2097 quas

864 2104 1006 2154 plumas
1026 2104 1107 2153 quis
1126 2107 1248 2155 potius
1274 2117 1384 2155 quam
1407 2104 1527 2142 nivem

865 2161 1083 2199 iudicaret.“

924 2220 1005 2256 τῶν
1027 2213 1193 2256 Σκύθαι
1213 2215 1387 2269 λέγουσι]
1430 2216 1531 2254 Arti-

867 2274 982 2312 culum
1016 2274 1058 2313 οἱ
1081 2279 1169 2312 ante
1194 2270 1356 2314 Σκύθαι
1376 2274 1531 2324 requirit

867 2331 1072 2380 Schweigh.
1122 2330 1227 2369 Libri
1255 2344 1330 2368 non
1355 2331 1534 2368 addicunt

867 2389 1004 2439 scripti.
1035 2388 1093 2425 Cf.
1110 2387 1174 2435 lV,
1191 2390 1256 2428 32.
1275 2410 1333 2416 —
1364 2388 1404 2425 ln
1426 2400 1531 2437 seqq.

867 2457 935 2496 pro
957 2440 1031 2484 ούκ
1051 2439 1117 2484 οἷά
1138 2459 1179 2483 τε
1197 2441 1301 2484 εἶναι
1320 2446 1358 2482 in
1378 2445 1532 2482 Floren⁴

871 2502 948 2538 tino
971 2503 1053 2540 cod.
1079 2503 1262 2540 invenitur
1279 2497 1353 2540 ούκ
1374 2497 1470 2540 οἶοί
1494 2514 1534 2539 τε

874 2554 988 2597 εἶναι.
1047 2559 1103 2595 Tu
1148 2560 1244 2596 conf.
1274 2559 1348 2605 IV,
1385 2562 1423 2598 7.
1468 2558 1533 2597 53.

871 2615 963 2653 Mox
998 2616 1098 2654 edidi
1134 2629 1216 2653 cum
1255 2619 1409 2652 recentt.
1450 2613 1534 2651 edd.

873 2668 980 2718 οἰκός
1001 2685 1067 2723 pro
1089 2667 1190 2718 εἰκός
1210 2673 1373 2720 itemque
1399 2670 1436 2706 in
1463 2670 1535 2706 fine

871 2729 999 2779 capitis
1030 2725 1198 2778 ἀοίκητα
1230 2741 1298 2776 pro
1331 2722 1532 2776 α’νοίκητα.

871 2785 929 2822 Cf.
952 2785 999 2832 ΙΙ,
1020 2785 1087 2826 84.
1125 2785 1170 2831 V,
1158 2787 1312 2879 ,10-20

1676 611 1728 661 aqu

1732 601 1797 628 ibus

1715 636 1796 669 r‚[c.
