1863 3256
450 239 1137 283 MELPOMENE.IV.
1342 254 1427 294 595

161 356 366 411 λέγουσαι
402 353 454 397 τὰ
483 351 643 407 πάτρια
673 349 940 404 ἀποτελέειν,
984 351 1066 409 τήν
1092 351 1327 411 Ἀθηναίην
1356 374 1428 403 κα-

133 427 331 481 4λέομεν.
388 425 464 475 τοὶς
501 424 546 468 δὲ
583 422 952 479 ἀποθνησκούσας
985 428 1074 467 τῶν
1111 425 1346 479 παρθένων
1382 432 1429 474 ἐκ

132 501 252 539 5τῶν
281 496 532 551 τρωμάτων,
559 494 948 549 ψευδοπαρθένους
978 494 1196 539 καλέουσι.
1254 498 1359 551 πρὶν
1385 500 1431 542 δὲ

161 566 330 611 ἀνεῖναι
361 566 496 618 αὐτας
532 565 771 623 μάχεσθαι,
801 565 903 609 τάδε
933 571 1128 610 ποιεῦσι·
1157 572 1285 624 κοινῇ
1315 584 1432 621 παρ-

161 638 297 682 θένον
343 637 422 694 τὴν
472 636 842 680 καλλιστεύουσαν
886 637 1088 681 ἑκάστοτε
1135 638 1432 695 κοσμήσαντες

161 714 278 766 κυνῇ
306 725 350 752 τε
381 710 602 765 Κορινθίῃ
632 709 706 751 καὶ
734 710 952 765 πανοπλίῃ
978 706 1229 766 Ἑλληνικῇ,
1259 711 1332 753 καὶ
1362 708 1429 754 ἐπ’
1444 718 1490 752 30

163 780 281 834 ἅρμα
331 777 697 836 ἀναβιβάσαντες,
746 780 1000 835 περιάγουσι
1038 783 1116 837 τήν
1159 784 1317 838 λίμνην
1359 782 1433 826 κύ-

133 854 270 908 6κλῳ.
314 850 475 894 ὁτέοισι
508 851 553 894 δὲ
583 850 632 894 τὸ
661 850 796 895 πάλαι
825 851 1035 908 ἐκόσμεον
1064 852 1140 902 τὰς
1169 853 1433 907 παρθένους,

160 923 267 977 πρὶν
296 921 324 978 ἤ
354 935 434 977 σφι
450 922 662 979 ’Έλληνας
691 928 1052 981 παροικισθῆναι,
1085 923 1167 967 οὐκ
1194 925 1273 979 ἔχω
1297 923 1431 970 εἶπαι·

166 993 303 1037 δοκέω
345 992 388 1036 δ’
431 989 491 1037 ὧν
530 996 808 1050 Αἰγυπτίοισι
851 995 1023 1039 ὅπλοισι
1058 996 1322 1050 κοσμέεσθαι
1357 995 1435 1041 αὗ-

134 1074 156 1108 7
168 1065 255 1117 τάς.

326 1064 411 1109 ἀπὸ
452 1065 535 1121 γὰρ
576 1064 804 1121 Αἰγύπτου
843 1067 918 1110 καὶ
956 1067 1037 1121 τήν
1073 1067 1233 1111 ἀσπίδα
1274 1069 1348 1111 καὶ
1384 1069 1491 1113 τὸ35

135 1135 332 1192 8κράνος
371 1138 482 1194 φημὶ
524 1137 706 1194 ἀπῖχθαι
748 1138 790 1188 ές
828 1137 931 1189 τούς
956 1138 1184 1195 ’Έλληνας

1260 1140 1349 1196 Τὴν
1387 1141 1435 1185 δὲ

161 1209 408 1266 Ἀθηναίην
458 1209 567 1266 φασὶ
607 1209 910 1261 Ποσειδέωνος
950 1208 1061 1254 εἶναι
1097 1210 1323 1267 θυγατέρα
1360 1213 1435 1256 καὶ

109 1418 213 1456 crosti
230 1417 322 1454 liber
344 1411 563 1468 αὕθιγενεῖ.
597 1416 654 1454 Cf.
675 1420 770 1454 nott.

109 1476 159 1512 ad
182 1474 228 1521 ΙΙ,
252 1474 342 1514 149.
396 1473 485 1511 Mox
506 1487 587 1511 cum
616 1478 771 1512 recentt.

110 1503 255 1569 exhibiii
300 1544 383 1569 των
434 1530 654 1582 παρθένων
702 1544 771 1581 pro

109 1586 363 1640 παρθένους,
414 1587 577 1636 itemque
615 1582 772 1639 τρωμά-

38 1673 42 1689 1
110 1659 191 1684 των
220 1657 287 1695 pro
312 1639 581 1694 τρωϋμάτων,
622 1645 668 1681 de
698 1657 771 1693 quo

112 1702 206 1740 conf.
229 1700 405 1739 Struvel.
429 1700 450 1737 l.
478 1702 588 1750 Spec.
616 1700 668 1737 ΙΙΙ
687 1714 774 1751 pac*

111 1761 140 1799 2
168 1761 243 1795 not.
299 1755 360 1794 Ad
392 1752 547 1797 ἀνεῖναι
581 1759 675 1794 conf.
710 1757 774 1803 lv,

113 1814 194 1856 175
214 1813 302 1863 ibiq.
325 1819 416 1851 nott.
435 1837 492 1842 ——-
530 1813 775 1864 κοσμέεσθαι

113 1876 172 1909 est
200 1872 354 1918 instrui,
393 1875 434 1908 ut
463 1871 502 1918 I,
542 1874 636 1912 109.
693 1870 774 1916 Vll,

112 1930 209 1969 209.
242 1949 288 1955 —-
333 1927 392 1964 Ad
421 1926 564 1967 ὁτέοισι
598 1927 691 1964 conf.
727 1929 774 1965 de

112 1985 230 2022 forma
251 1985 387 2022 Struve
415 1985 524 2035 Spec.
555 1988 623 2022 etc.
650 1984 773 2036 Ipag.

173 2095 242 2135 καὶ
261 2093 334 2148 τήν
357 2091 509 2136 ἀσπίδα
529 2096 596 2137 καὶ
616 2095 660 2137 το“
681 2093 777 2148 κρά-

33 2135 35 2166 ῗ
104 2168 186 2201 ,νος
205 2168 240 2192 κ.
260 2169 289 2191 τ.
308 2154 358 2204 λ.]
389 2154 508 2191 Affert
526 2155 677 2192 Wessel.
694 2156 776 2192 Pla-

114 2211 211 2248 tonis
233 2210 350 2247 locum
371 2223 392 2247 e
417 2210 573 2249 Timaeo
592 2225 629 2261 p.
651 2212 704 2252 24
716 2212 774 2258 B„

117 2280 191 2316 quo
239 2267 409 2304 sacerdos
440 2266 644 2318 Aegyptius
689 2281 775 2306 suae

117 2324 221 2373 genti
246 2327 428 2360 scutorum
450 2329 563 2373 atque
592 2324 775 2362 hastarum

118 2381 295 2428 originem
316 2381 463 2421 tribuit3
504 2382 603 2429 quod
632 2395 675 2418 eo
699 2394 776 2418 ma-

121 2437 177 2485 gis
200 2437 316 2474 teneri
339 2436 443 2474 velim
458 2465 468 2483 ,
511 2450 584 2486 quo
605 2438 777 2486 frequen-

119 2494 192 2529 tius
211 2492 414 2543 Aegyptios
439 2495 636 2542 quidquam
663 2495 698 2530 in
721 2507 780 2531 ar-

120 2549 235 2594 tibus,
285 2550 386 2598 quod
418 2550 503 2587 inde
537 2551 585 2587 ad
616 2551 778 2587 Graecos

122 2604 286 2650 fluxerit,
329 2605 499 2644 habuisse
526 2620 621 2644 nunc
651 2607 779 2657 negari

122 2662 242 2698 video.
264 2660 385 2697 Utitur
394 2662 607 2701 Herodoteo
622 2663 701 2701 loco
717 2664 779 2701 Vir

122 2717 255 2754 lllustr.
278 2716 336 2754 De
359 2717 527 2756 Minutoli
557 2720 594 2758 in
615 2721 779 2758 Itinerar.

124 2774 173 2811 ad
200 2772 323 2823 templ.
354 2772 522 2825 Ammon.
557 2789 644 2827 pag.
686 2778 779 2825 159,

126 2842 249 2877 arma,
298 2842 393 2878 quae
432 2830 469 2866 in
510 2832 645 2882 templo
683 2833 778 2869 Iovis

47 2873 49 2888 ⁴
125 2882 310 2925 Ammonii
347 2886 466 2924 adhuc
509 2894 781 2939 repraesentata

828 1417 1060 1455 inveniuntur
1070 1446 1083 1463 ,

828 1475 1056 1512 describens.

892 1528 975 1581 Τήν
1003 1528 1045 1568 δὲ
1071 1525 1299 1581 Ἀθηναίην
1324 1531 1424 1579 φασὶ
1454 1548 1490 1572 κ.

827 1602 859 1626 τ.
873 1586 920 1636 L]
942 1586 1073 1635 Attigit
1083 1587 1300 1625 Herodotea
1319 1588 1490 1628 Eustath.

828 1645 876 1682 ad
906 1644 1057 1680 Homer.
1088 1643 1130 1680 ΙΙ.
1163 1647 1350 1693 p.1216‚
1381 1647 1436 1685 47
1461 1660 1491 1684 s·

835 1703 957 1746 1296,
979 1701 1033 1740 38
1055 1703 1092 1736 et
1112 1701 1159 1736 ad
1172 1700 1321 1749 Dionys.
1345 1702 1490 1752 Perieg.

833 1760 914 1798 267
939 1757 1018 1794 coli.
1047 1757 1205 1794 Pausan.
1232 1757 1268 1804 Ι,
1305 1757 1355 1797 14
1389 1757 1425 1809 ξ.
1453 1759 1491 1800 5.

831 1815 932 1851 Hinc
949 1815 1029 1864 ipsa
1048 1813 1216 1850 Minerva
1229 1842 1239 1860 ‚
1286 1814 1359 1851 filia
1387 1829 1491 1865 nym-

831 1871 928 1921 phae
957 1870 1057 1908 lacus
1077 1870 1279 1907 Tritonidis
1307 1870 1378 1921 (ita
1397 1873 1492 1910 enim

831 1927 995 1976 intelligo
1025 1939 1154 1964 voces:
1204 1925 1271 1965 καὶ
1300 1930 1372 1978 τῆς
1399 1931 1493 1980 Τρι-

830 1984 999 2030 τωνίδος
1021 1981 1213 2034 λίμνης),
1253 1984 1352 2021 dicta
1383 1986 1492 2035 vulgo

836 2039 1106 2093 Τριτογένεια,
1147 2041 1245 2078 cuius
1267 2043 1492 2090 cognominis

832 2110 928 2147 quae
953 2099 1075 2135 variae
1097 2098 1298 2135 afferuntur
1317 2100 1492 2148 rationes,

833 2155 1045 2192 indicabunt
1064 2154 1194 2204 Heyne
1211 2155 1258 2191 ad
1278 2154 1492 2203 Apollodor.

832 2210 896 2258 111,
923 2215 987 2257 12,
1012 2212 1037 2251 3
1056 2224 1141 2260 pag.
1163 2213 1257 2252 297.
1291 2211 1422 2248 Tzetz.
1444 2213 1493 2250 ad

832 2267 1016 2318 Lycophr.
1055 2269 1136 2308 519
1175 2280 1260 2318 pag·
1299 2270 1380 2309 666
1409 2281 1494 2318 seq-

833 2324 1006 2361 Creuzcr.
1028 2323 1172 2361 Melett.
1193 2325 1209 2360 Ι
1230 2337 1316 2374 pag.
1337 2327 1403 2371 23,
1429 2326 1493 2374 qui

834 2381 930 2418 idem
954 2380 1119 2429 Symbol.
1140 2380 1172 2417 ΙΙ
1193 2393 1230 2430 p.
1256 2382 1337 2421 646
1360 2382 1406 2418 de
1428 2381 1494 2418 hu-

833 2437 889 2473 ius
924 2436 1068 2474 fabulae
1112 2450 1222 2474 sensu
1257 2438 1493 2475 reconditiori

835 2494 1048 2543 disputavit,
1061 2493 1096 2530 in
1115 2507 1225 2543 quam
1243 2495 1396 2531 eandem
1415 2495 1493 2531 dis-

835 2551 982 2599 quisivit
1005 2549 1170 2588 Volcker.
1193 2550 1215 2588 1.
1238 2550 1260 2587 l.
1289 2550 1366 2588 coll.
1391 2551 1492 2588 wel-

835 2607 931 2644 cker.
950 2607 1091 2657 Trilog.
1114 2608 1150 2644 d.
1171 2606 1337 2655 Aeschyl.
1359 2620 1394 2656 p.
1410 2609 1491 2646 282

835 2676 914 2713 seq.
961 2664 1066 2708 Quae
1082 2665 1178 2702 enim
1198 2664 1264 2699 hoc
1288 2663 1366 2699 loco
1386 2666 1492 2712 patre

835 2719 1011 2770 Neptuno
1032 2726 1148 2757 matre
1165 2719 1359 2757 Tritonide
1387 2731 1492 2766 nym-

835 2777 909 2828 pha
927 2781 1015 2814 nata
1026 2777 1148 2813 Iovem
1169 2776 1304 2811 adiisse
1324 2778 1359 2811 et
1379 2774 1424 2810 ab
1446 2787 1491 2811 eo

835 2834 1015 2882 adoptata
1052 2833 1166 2869 fertur
1183 2831 1373 2873 Minerva,
1413 2831 1491 2867 eius

833 2893 977 2940 patrem
993 2887 1053 2925 alii
1067 2892 1278 2936 nuncupant
1289 2885 1491 2936 Palladem,

1172 2941 1260 2984 38*

1141 1429 1336 1456 recensens
1380 1422 1492 1470 atque
