1863 3256
124 233 193 259 eiuu
208 232 371 259 Maeotidis

108 266 388 339 b?.‘3ffi.f=‘;‚f.”g;’

107 332 228 392 ‹lierqilqi
242 332 293 359 XV
310 337 386 360 iter:

137 387 240 427 nidimi

338 1444 341 1447 ,
388 1420 478 1444 vons
509 1412 546 1444 et
572 1408 636 1443 des
656 1406 795 1443 Slaves.

442 119 528 160 314

830 119 1303 159 HERODOTI

449 230 493 270 οἳ
521 226 568 270 ἐκ
596 231 680 272 τοῦ
716 232 858 285 μυχοῦ
895 228 1129 284 ἀρξάμενοι
1160 233 1234 284 τῆς
1265 228 1512 285 Μαιήτιδος
1543 231 1706 285 λίμνης,

448 299 653 354 νέμονται
683 299 731 342 τὸ
761 299 871 353 πρὸς
900 303 1037 355 βορῆν
1067 301 1250 356 ἄνεμον,
1281 299 1475 356 ἡμερέων
1492 303 1707 344 πεντεκαί-

243 367 257 402 ]
295 374 388 403 ''up“
447 371 553 414 δεκα
583 370 713 422 ὁδὸν,
761 374 907 413 πᾶσαν
947 371 1109 413 ἐοῦσαν
1147 371 1281 427 ψιλὴν
1320 370 1394 414 καὶ
1433 369 1598 426 ἀγρίων
1635 372 1709 415 καὶ

414 440 620 498 Ξὴμέρων
647 441 876 495 δενδρέων.
934 439 1246 495 ὑπεροικέουσι
1276 442 1321 485 δὲ
1351 442 1540 493 τούτων,
1572 441 1709 485 δευτέ-

444 529 527 569 ρην
584 511 707 563 λάξιν
765 511 965 566 ἔχοντες,

386 689 459 726 quo
486 676 552 711 sibi
573 674 728 711 maxime
751 675 1049 724 appropinquent

387 732 524 770 Tanais
543 743 585 767 ac
605 730 735 778 Volga.
797 730 959 768 Easdem
971 731 1047 767 Co—

387 799 576 825 saccorum
617 787 786 835 regiones
828 787 1049 823 meridiona-

386 845 511 892 lesque
534 843 702 891 gubernii
720 843 886 879 Saratow
912 847 1048 879 tractus

385 901 625 936 Sauromatas
656 899 731 935 sive
759 898 949 935 Sarmatas
984 912 1047 935 oc-

387 968 541 1006 cupasse
561 955 690 992 statuit
709 955 903 991 Reichard.
922 968 959 1006 p.
978 957 1047 1000 29,

387 1026 429 1049 ac
451 1011 562 1049 multo
586 1016 694 1049 antea
717 1012 862 1048 Gatter.
889 1024 947 1062 ap.
973 1011 1048 1047 Bil-

385 1069 544 1106 lerbeck.
567 1067 729 1106 Difficili.
744 1067 806 1104 As.
828 1073 896 1105 etc.
921 1082 957 1118 p.
979 1069 1045 1106 23.

388 1125 452 1163 Cr.
479 1125 534 1161 his
556 1124 644 1162 haec
660 1124 824 1161 addidit:
854 1124 941 1170 „De
960 1125 1048 1161 Sar-

387 1186 567 1219 matarum
598 1180 797 1230 originibus
834 1182 929 1217 eonf.
959 1181 1046 1217 Sta-

384 1237 490 1276 nislai
501 1238 795 1275 Siestrencewicz
810 1237 856 1273 de
867 1237 1046 1273 Bohuscz.

384 1294 614 1332 Becherches
631 1294 852 1342 historiques
871 1306 931 1330 sur
950 1293 1047 1330 l'ori-

385 1352 472 1400 gine
500 1352 565 1388 des
585 1351 771 1387 Sarmates
785 1378 796 1396 ‚
833 1350 898 1387 des
921 1349 1047 1386 Escla-

860 1406 1047 1456 Petropoli

390 1466 510 1504 1812.
550 1465 669 1504 1813.
729 1464 763 1499 Is
793 1464 886 1500 circa
911 1475 1046 1499 annum

390 1519 498 1560 1455
521 1532 553 1556 a.
575 1519 661 1556 Chr.
682 1532 718 1555 n.
741 1532 807 1569 per
825 1518 982 1568 Scythas
1004 1531 1047 1556 ex

373 1576 538 1624 'Assyria
559 1575 759 1624 Mediaque
779 1575 919 1612 delatos
940 1578 1047 1624 putat

386 1633 576 1668 Sarmatas
610 1632 774 1680 indeque
811 1633 859 1668 ad
898 1631 1046 1668 Tanain

386 1689 558 1733 ssuvium3
588 1689 770 1738 profectos
789 1692 909 1725 aiitem
925 1689 960 1724 in
972 1687 1046 1724 Eu-

385 1758 511 1795 ropam
534 1745 720 1782 Sarmatas
747 1757 828 1782 esse
860 1745 930 1781 iam
959 1748 1045 1781 ante

385 1802 568 1839 Herodoti
614 1806 770 1838 aetatem
786 1829 797 1847 ,
854 1801 1044 1838 transiisse

386 1857 533 1895 Tanain
561 1858 734 1908 plurimos
775 1870 872 1893 anno
900 1858 983 1897 380
1011 1869 1044 1893 a.

387 1914 499 1951 Chrn.
518 1927 554 1951 n.
588 1915 812 1963 adortosque
842 1926 923 1951 esse
945 1913 1046 1950 inco-

386 1970 439 2007 las
457 1970 630 2020 Scythiae
650 1970 904 2021 Europaeae.“

446 2028 485 2065 οἳ
508 2027 548 2066 ἐκ
570 2029 646 2065 τοῦ
672 2029 800 2078 μυχοῦ
830 2020 1046 2076 άρξάμενοι

387 2085 458 2133 τῆς
480 2079 711 2134 ΖΡΙαιήτιδος
730 2084 884 2134 λίμνης,
909 2083 1045 2133 νέμον-

387 2154 450 2178 ται
485 2136 527 2178 τὸ
566 2138 669 2191 πρός
710 2141 839 2191 βορῆν
879 2136 1043 2189 ἄνεμον]

388 2196 516 2247 βορῆν
536 2210 616 2233 cum
637 2197 753 2234 Gaisf.
777 2197 863 2234 dedi
884 2209 950 2245 pro
973 2196 1045 2246 βο-

387 2250 491 2303 ρέην.
516 2274 564 2279 -
596 2254 770 2291 Gatterer
799 2253 889 2289 haec
921 2253 971 2288 ita
991 2253 1046 2288 in-

386 2308 518 2356 telligit
550 2311 660 2356 (Soc.
696 2310 867 2358 Gotting.
901 2309 1044 2345 Comm.

386 2365 472 2402 XlV
491 2378 525 2412 p.
551 2367 646 2413 31),
678 2371 715 2402 ut
736 2366 782 2403 ab
805 2366 901 2401 ostio
925 2365 1045 2401 flumi-

387 2422 443 2458 nis
476 2421 614 2458 Tanais
662 2421 765 2467 (coll.
801 2422 940 2459 Herod.
982 2421 1044 2467 lV,

392 2480 489 2524 100)
518 2478 759 2515 Sauromatae
786 2477 947 2513 incolant
971 2482 1047 2513 tra-

388 2538 506 2580 ctum,
545 2534 692 2571 boream
728 2546 853 2571 versus
895 2546 1045 2583 procur-

387 2594 539 2637 rentem,
563 2591 661 2627 iuxta
682 2590 892 2628 orientalem
910 2589 1044 2627 Tanais

388 2647 517 2698 ripam.

433 2700 614 2755 ’ἡμερέων
629 2701 909 2742 πεντεκαίδεκα
929 2697 1043 2752 ὁδόν]

388 2758 687 2798 Sauromatarum
729 2763 862 2798 terram
896 2760 1044 2798 boream

1034 515 1276 563 Βουδῖνοι,
1338 517 1422 569 γῆν
1478 512 1709 569 νεμόμενοι

1105 687 1232 712 versus
1271 687 1338 725 per
1378 675 1584 724 quindecim
1625 676 1764 713 dierum

1106 731 1235 768 itinera
1255 732 1349 778 sive,
1380 733 1480 780 quod
1499 733 1594 770 idem
1613 737 1683 779 est,
1699 745 1765 782 per

1104 786 1244 824 LXXV
1267 787 1430 824 milliaria
1447 789 1668 834 Germana,
1702 801 1766 825 ex-

1105 843 1207 879 tendi
1240 848 1353 891 negat
1384 843 1528 882 Gatter.
1549 845 1570 881 l.
1590 845 1612 882 l.
1637 858 1674 894 p.
1697 846 1764 891 32,

1105 911 1185 935 cum
1198 898 1435 945 Herodotus,
1464 901 1516 937 ita
1534 902 1658 937 forsan
1676 901 1765 937 edo-

1105 958 1184 991 ctus
1229 967 1251 991 a
1284 955 1463 1003 Scythicis
1502 957 1577 994 sive
1613 957 1765 994 Graecis

1105 1012 1366 1048 mercatoribus
1404 1012 1468 1049 has
1509 1013 1680 1062 regiones
1710 1013 1766 1050 vi-

1105 1068 1288 1114 sentibus,
1329 1067 1503 1118 Volgam‚
1562 1081 1671 1119 quam
1705 1069 1762 1106 ni-

1104 1125 1233 1161 mirum
1264 1137 1414 1174 prorsus
1442 1127 1647 1174 ignorarit,
1695 1137 1764 1177 pro

1104 1180 1281 1230 superiori
1300 1181 1421 1219 Tanai
1438 1182 1605 1219 habuerit
1634 1194 1679 1219 ea
1699 1194 1766 1233 po-

1103 1238 1279 1274 tissimum
1314 1244 1441 1287 parte,
1501 1240 1574 1288 qua
1610 1237 1764 1286 Tanais,

1104 1306 1209 1330 cursu
1239 1295 1391 1332 maxime
1416 1297 1511 1332 flexo
1542 1299 1578 1332 et
1600 1299 1761 1342 curvato,

1103 1349 1244 1400 volgae
1263 1352 1426 1401 proxime
1443 1352 1620 1389 accedere
1637 1352 1763 1389 videa-

1102 1410 1171 1442 tur.

1161 1460 1347 1513 δευτέρην
1369 1458 1482 1510 λάξιν
1505 1462 1672 1513 ἔχοντες]
1691 1464 1763 1501 Pro

1103 1514 1218 1566 λάξιν
1251 1519 1323 1555 duo
1355 1520 1462 1556 codd.
1490 1516 1626 1568 τάξινς
1661 1520 1763 1569 quod

1103 1588 1147 1612 ex
1186 1575 1511 1625 interpretamento
1550 1577 1587 1613 in
1622 1580 1762 1614 textum

1104 1632 1251 1668 fluxisse
1277 1644 1385 1669 nemo
1406 1645 1480 1669 non
1498 1633 1607 1670 videt.
1646 1632 1761 1670 Paulo

1102 1693 1188 1725 ante
1221 1701 1301 1725 cum
1330 1689 1447 1726 Gaiss.
1474 1690 1645 1739 rescripsi
1673 1685 1763 1727 τού-

1101 1759 1180 1782 των
1209 1757 1275 1794 pro
1304 1743 1496 1794 τουτέων,
1536 1750 1574 1782 ut
1594 1745 1665 1793 lV,
1697 1747 1759 1785 13.

1100 1803 1168 1847 37,
1196 1801 1291 1838 alibi.

1163 1856 1363 1906 Βουδῖνοι]
1404 1856 1460 1894 De
1481 1856 1638 1894 Bmlinis
1661 1858 1760 1896 conf.

1100 1914 1283 1951 Herodot.
1296 1914 1358 1960 w,
1375 1916 1440 1954 22.
1456 1914 1544 1954 105.
1563 1916 1651 1954 108.
1667 1915 1760 1961 123,

1101 1970 1200 2007 Mela
1232 1970 1268 2016 1,
1302 1973 1353 2011 19
1384 1970 1464 2006 fin.:
1506 1970 1760 2016 „Foecundos

1102 2026 1259 2077 pabulo,
1301 2032 1338 2064 et
1366 2026 1435 2062 alia
1460 2026 1599 2064 steriles
1623 2027 1761 2063 nudos-

1104 2096 1174 2132 que
1214 2095 1363 2133 campos
1407 2086 1535 2121 tenent
1572 2083 1760 2120 Budiui.“

1105 2140 1180 2190 [ubi
1202 2141 1296 2176 conf.
1319 2138 1534 2177 'l'zschucke
1555 2144 1647 2176 nott.
1666 2140 1759 2176 critt.

1103 2195 1182 2232 Vol.
1208 2196 1236 2232 ll
1266 2196 1342 2233 I’.l
1376 2208 1460 2244 pag.
1491 2194 1570 2236 647
1604 2200 1640 2233 et
1665 2200 1760 2233 nott.

1102 2265 1230 2301 exegg.
1260 2253 1339 2289 Vol.
1369 2252 1417 2287 lll
1452 2252 1494 2289 P.
1523 2253 1535 2289 l
1565 2264 1650 2302 pag.
1679 2253 1760 2294 645

1102 2307 1197 2358 seq]
1249 2309 1308 2345 Ob
1344 2321 1439 2357 quae
1469 2308 1548 2346 loca
1575 2308 1759 2348 Mannert.

1104 2366 1258 2414 (Geogr.
1280 2365 1315 2402 d.
1337 2365 1402 2401 Gr.
1420 2378 1452 2401 u.
1474 2364 1580 2402 Rom.
1607 2365 1653 2401 lll
1673 2378 1758 2415 pag.

1104 2423 1127 2460 9
1147 2434 1249 2470 seqq.
1275 2421 1325 2462 15
1348 2434 1451 2470 seqq.
1477 2421 1553 2458 coll.
1575 2423 1668 2461 493.
1708 2422 1759 2458 lv

1101 2490 1186 2527 pag.
1223 2479 1313 2517 103.
1350 2478 1459 2525 108)
1495 2479 1600 2515 sedes
1639 2478 1758 2526 gentis

1103 2533 1257 2571 collocat
1279 2534 1314 2570 in
1340 2534 1550 2582 regionibus
1571 2547 1593 2571 a
1610 2539 1759 2584 septen-

1101 2591 1220 2627 trione
1239 2594 1276 2627 et
1293 2590 1430 2628 oriente
1452 2590 1614 2629 Galitiae
1632 2590 1760 2628 acLu-

1101 2646 1274 2684 domiriae
1294 2648 1341 2683 ad
1354 2646 1527 2684 Vistulam
1546 2660 1663 2697 usque
1680 2660 1759 2685 ver-

1100 2716 1160 2739 sus
1189 2716 1287 2740 mare
1312 2703 1512 2750 Balticum3
1555 2705 1757 2753 eodemque

1102 2760 1213 2798 refert
1240 2760 1403 2798 Butones
1428 2761 1529 2812 apud
1548 2761 1670 2798 Strab.
1690 2760 1757 2798 Vll
