1863 3256
48 345 148 391 178

489 227 1172 271 MELPOMENE.1V.

1382 236 1466 276 589

308 339 594 396 Λωτοφάγων
624 339 671 383 δὲ
700 338 749 384 τό
779 337 898 394 παρὰ
924 337 1154 382 θάλασσαν
1178 337 1345 393 ἔχονται
1368 341 1464 384 Μά-

192 415 318 467 χλυες
346 415 407 468 τῷ
437 415 561 469 λωτῷ
590 411 669 466 μὲν
697 412 768 455 καὶ
801 405 924 454 οὗτοι
952 408 1214 466 χρεώμενοι,
1252 407 1360 463 α’τὰρ
1391 407 1462 465 ἧσ-
1519 412 1542 434 ²‘

164 484 276 526 Ξσόν
304 499 351 538 γε
379 487 467 526 τῶν
496 482 711 537 πρότερον
741 481 993 538 λεχθέντων.
1051 479 1290 538 κατήκουσι
1320 480 1366 523 ὁὲ
1396 480 1465 523 ἐπὶ

191 553 391 610 ποταμὸν
419 552 558 610 μέγαν
586 557 647 609 τῷ
677 553 850 609 οὕνομα
877 554 1044 608 Τρίτων
1074 552 1175 596 ἐστί.
1227 550 1395 595 ἐκδιδοῖ
1419 551 1465 594 δὲ

136 733 184 770 de
206 731 335 769 eadem
362 730 427 768 loti
454 730 598 781 specie,
631 741 704 779 qua
732 741 798 766 an-

135 786 344 827 tecedentia
361 815 372 834 ,
431 786 585 835 intelligi
628 786 705 823 vult
751 786 798 823 Is.

132 844 241 882 Voss.
263 844 311 880 ad
330 843 471 893 Scylac.
494 856 581 894 pag.
608 843 690 885 520
713 841 760 881 T.
784 842 798 879 I

135 900 247 948 Gail.,
277 913 356 938 eum
376 900 428 937 illi
447 900 511 937 loti
529 900 680 947 fructus,
699 899 799 936 unde

135 959 301 995 vinosum
349 957 595 1007 expresserint
641 969 798 1003 succum,

136 1014 292 1052 maiores
311 1013 445 1051 fuerint
470 1015 534 1061 iis,
575 1014 692 1062 quiin
713 1013 800 1050 fari-

136 1084 206 1108 nae
223 1083 327 1108 usum
346 1072 535 1108 cesserint.
562 1070 696 1119 Neque
711 1082 798 1107 vero

136 1127 227 1165 haec
266 1127 452 1165 Herodoti
499 1127 643 1164 videtur
688 1127 798 1163 fuisse

136 1184 343 1230 sententia,
382 1185 446 1233 qui
465 1196 574 1220 unam
597 1184 709 1220 modo
731 1196 798 1219 no-

135 1241 189 1278 vit
211 1241 400 1288 arborem,
436 1253 547 1277 unum
568 1241 799 1288 eundemque

136 1298 315 1343 fructum,
366 1309 475 1346 quem
522 1296 638 1333 solum
678 1309 800 1333 eome-

137 1354 262 1391 dendo
286 1353 396 1390 vitam
416 1354 658 1391 sustentarint
686 1357 725 1390 et
756 1364 799 1389 ex

135 1422 210 1459 quo
228 1409 359 1447 eodem
380 1410 450 1446 vini
476 1422 592 1459 genus
610 1409 798 1459 quoddam

134 1466 309 1518 pararint.
341 1466 398 1504 Cf.
416 1466 571 1505 Rennel.
592 1479 628 1516 p.
649 1464 744 1507 664.

276 1523 386 1574 Cap.
418 1522 656 1560 CLXXVIII.

193 1574 407 1630 Μάχλυες]
468 1577 666 1630 M'achlyas
696 1578 799 1616 novit

136 1635 274 1673 Plinius
293 1636 342 1672 H.
369 1635 420 1673 N.
444 1635 524 1683 Vll,
546 1638 597 1683 2,
627 1637 800 1685 idemque

138 1692 355 1730 vocabulum
369 1720 380 1739 ,
423 1697 574 1730 auctore
611 1692 801 1740 Valcken.,

138 1749 409 1787 restituendum
437 1750 474 1786 in
494 1748 612 1786 Nicol.
629 1749 797 1787 Damasc.

138 1806 349 1843 narratione
366 1807 466 1856 apud
487 1806 690 1843 Stobaeum
712 1818 799 1856 pag.

140 1865 237 1909 292,
256 1862 311 1903 50
340 1861 403 1913 [T.
428 1862 460 1899 li
491 1875 526 1913 p.
547 1864 630 1904 226
652 1861 800 1912 Gaisf.].

139 1919 238 1956 Infra
264 1919 327 1966 IV,
352 1921 428 1960 191
450 1914 631 1966 Μάξυες,
648 1919 709 1956 ubi
728 1919 801 1956 vid.

139 1975 475 2013 Raoul-Rochette
507 1977 670 2013 citatum.
734 1975 802 2013 Di-

139 2031 233 2069 versi
261 2045 410 2082 quoque
431 2031 619 2083 Machlyes
644 2032 802 2082 Scytha-

140 2100 221 2126 rum
249 2101 340 2137 gens
378 2101 495 2139 prope
527 2090 713 2137 Maeotin,
754 2089 802 2127 de

100 2190 104 2194 y
141 2157 214 2194 qua
234 2144 386 2182 Lucian.
411 2146 448 2182 in
467 2145 606 2183 Toxar.
629 2144 665 2197 §-
687 2146 755 2187 45.

198 2197 417 2252 κατήκουσι
446 2199 489 2241 δὲ
520 2200 586 2241 ἐπὶ
618 2198 801 2252 ποταμὸν

136 2255 273 2310 μέγαν,
292 2260 347 2312 τῷ
363 2255 519 2308 οὔνομα
536 2259 685 2310 Τρίτων
703 2258 800 2309 ἐστί]

138 2314 269 2365 Scylax
289 2328 375 2366 pag.
394 2315 448 2356 49
467 2315 586 2352 Huds.
607 2328 694 2367 pag.
718 2316 801 2357 314

139 2371 235 2408 Gail.
267 2372 305 2409 in
330 2372 430 2420 Syrti
462 2372 591 2409 minori
620 2377 802 2410 memorat

139 2427 291 2466 insulam
314 2427 534 2465 Tritom'dem
553 2429 714 2478 itemque
731 2430 801 2466 flu-

138 2483 233 2521 vium
256 2485 472 2532 Tritonem;
512 2498 668 2534 quocum
704 2486 801 2523 conf.

139 2540 275 2577 Strabo
297 2541 400 2579 XVII
421 2555 458 2592 p.
478 2541 561 2584 834
580 2555 608 2579 s·
634 2544 735 2583 1191
757 2543 800 2579 C.

139 2599 177 2633 et
202 2596 339 2634 Plinius
359 2597 408 2635 H.
429 2597 478 2635 N.
500 2598 546 2645 V,
565 2597 612 2638 4:
643 2599 726 2647 „Ab
745 2600 800 2636 his

139 2652 210 2700 (sc.
239 2653 310 2689 aris
329 2652 602 2703 Philaenorum,
643 2657 705 2693 ubi
725 2655 802 2693 Lo-

139 2708 311 2758 tophagi)
323 2722 395 2746 non
412 2711 537 2760 procul
553 2724 574 2748 a
590 2713 800 2750 continente

138 2764 242 2816 palus
285 2769 388 2802 vasta
427 2778 569 2804 amnem
605 2767 801 2807 Tritonem

140 2834 350 2871 nomenque
378 2816 430 2858 ab*
453 2834 498 2859 eo
525 2824 678 2873 accipit,
716 2825 801 2862 Pal-

140 2877 272 2915 lantias
302 2876 488 2929 appellata
515 2878 733 2918 Callimacho
764 2885 802 2919 et

858 731 946 768 citra
958 730 1132 768 minorem
1145 730 1282 779 Syrtim
1303 741 1383 768 esse
1401 729 1519 766 dicta:

857 801 879 825 a
896 788 1016 824 multis
1031 800 1116 825 vero
1137 788 1230 825 inter
1251 788 1342 824 duas
1352 787 1518 835 Syrtes.“

858 844 967 881 Plura
985 844 1058 880 vid.
1085 845 1184 894 apud
1204 843 1439 890 Tzschucke‚
1467 843 1516 880 ad

857 900 944 939 Mel.
992 900 1030 947 1,
1080 904 1128 947 7,
1166 900 1193 941 4
1245 904 1340 940 nott.
1386 912 1517 948 exegg.

856 958 936 995 Vol.
966 957 1015 994 Ill
1048 957 1089 994 P.
1128 956 1143 993 I
1180 970 1267 1007 pag.
1310 958 1409 1002 186,
1454 955 1517 1005 qui

856 1015 1107 1064 discrepantes
1134 1019 1299 1051 veterum
1335 1012 1433 1050 locos
1470 1013 1517 1049 de

856 1071 1061 1109 Tritonidis
1084 1070 1202 1107 insula
1222 1070 1379 1119 collegit.
1419 1069 1518 1106 Add.

855 1127 998 1166 Miiller.
1021 1127 1193 1164 Orchom.
1211 1140 1296 1176 pag.
1316 1126 1397 1167 355
1411 1155 1422 1172 ‚
1454 1125 1518 1175 qui

855 1196 1094 1234 quaecunque
1122 1185 1169 1221 de
1187 1183 1343 1221 Tritone
1372 1195 1414 1219 ac
1432 1182 1519 1220 Tri-

855 1242 981 1279 tonide
1002 1253 1068 1291 per
1079 1239 1234 1289 Libyam
1253 1239 1440 1277 retulerint
1458 1252 1520 1276 ve-

856 1301 973 1344 teres,
1004 1310 1048 1334 ea
1067 1298 1115 1334 ad
1134 1297 1312 1333 Boeotiae
1325 1295 1517 1333 Tritonem

854 1354 1155 1402 Boeotorumque
1185 1366 1214 1389 s.
1234 1352 1442 1400 Minyarum
1469 1352 1517 1388 ad

855 1411 1074 1448 traditiones
1108 1408 1233 1447 efficta
1275 1409 1412 1445 statuit.
1469 1407 1520 1445 At

855 1468 940 1504 vide
959 1468 1008 1504 sis
1027 1466 1160 1504 Creuz.
1183 1465 1310 1516 Symb.
1332 1464 1365 1502 11
1385 1478 1422 1514 p.
1436 1465 1518 1504 650

856 1528 930 1561 not.
944 1525 1038 1564 333.
1060 1522 1141 1560 Nos
1162 1523 1231 1560 alia
1248 1522 1306 1559 hic
1326 1526 1518 1559 sectamur.

855 1580 897 1618 In
917 1580 1032 1617 lacurn
1051 1579 1257 1617 Tritonidis
1277 1582 1466 1615 ventorum
1484 1578 1518 1613 vi

856 1650 936 1675 cum
967 1637 1067 1685 Argo
1109 1636 1211 1673 navis
1248 1639 1346 1672 esset
1380 1633 1517 1680 delata,

856 1706 1086 1743 consequens
1135 1696 1190 1730 est
1238 1691 1334 1728 hunc
1387 1690 1518 1738 lacum,

857 1763 967 1800 quem
980 1763 1076 1787 nunc
1093 1749 1214 1787 vocari
1225 1746 1413 1785 Lowdeah
1431 1760 1518 1784 con·

857 1807 1017 1845 tendunt
1048 1806 1178 1852 Shaw,
1225 1804 1309 1850 alii,
1352 1804 1443 1841 mari
1485 1816 1517 1840 s.

857 1864 957 1913 Syrti
976 1864 1106 1901 minori
1122 1863 1206 1899 olim
1228 1861 1338 1899 fuisse
1359 1861 1520 1897 iunctum

858 1921 960 1959 brevi
988 1920 1152 1970 quamvis
1180 1917 1296 1956 canali
1331 1916 1442 1967 (nam
1474 1928 1519 1953 eo

859 1977 1042 2015 retulerim
1064 1973 1112 2015 τὰ
1142 1971 1288 2027 βράχεσι
1312 1974 1412 2025 apud
1437 1973 1519 2010 He-

859 2035 1074 2080 rodotum)3
1105 2034 1142 2071 id
1161 2032 1263 2082 quod
1282 2031 1328 2067 ab
1350 2044 1406 2076 ea,
1423 2041 1519 2078 quae

859 2104 956 2128 nunc
983 2095 1042 2129 est
1067 2090 1160 2127 illius
1182 2089 1366 2137 regionis,
1396 2085 1520 2124 indole

857 2160 1007 2199 prorsus
1047 2147 1220 2184 abhorret
1237 2174 1249 2193 ,
1307 2156 1386 2182 cum
1426 2144 1521 2180 inter

858 2205 996 2242 huncce
1034 2203 1150 2241 lacum
1182 2207 1218 2240 et
1253 2214 1352 2238 mare
1382 2203 1520 2236 tractus

858 2262 1001 2299 intersit
1040 2260 1229 2298 sabulosus
1266 2257 1405 2306 aliquot
1442 2255 1522 2292 mil-

859 2317 978 2364 liam,
1018 2317 1054 2353 in
1082 2329 1155 2366 quo
1176 2315 1291 2352 omnis
1317 2326 1414 2363 aqua
1434 2325 1523 2349 con-

859 2375 959 2411 tinuo
977 2374 1096 2423 perire
1117 2373 1270 2418 dicitur3
1300 2381 1520 2420 quamquam

857 2443 931 2467 non
954 2431 1086 2467 desunt
1101 2430 1247 2474 indicia,
1276 2428 1405 2477 quibus
1426 2425 1521 2462 hunc

856 2488 976 2538 ipsum
1017 2491 1174 2524 tractum
1213 2484 1270 2522 vel
1309 2488 1427 2520 totum
1465 2481 1520 2519 vel

856 2544 1012 2581 maxima
1027 2549 1127 2581 certe
1144 2555 1187 2580 ex
1200 2545 1305 2592 parte
1322 2541 1432 2578 arena
1451 2539 1518 2575 ad-

857 2600 968 2638 ducta
987 2599 1071 2637 olim
1092 2603 1286 2649 aggestum
1303 2598 1412 2634 fuisse
1431 2607 1516 2630 con-

856 2657 954 2694 iicias
975 2658 1167 2707 ipsumque
1187 2656 1315 2700 rivum,
1337 2665 1409 2700 quo
1429 2650 1513 2687 olim

856 2713 957 2751 lacus
973 2714 1064 2750 mari
1083 2713 1193 2750 fuerit
1211 2712 1373 2753 iunctus,
1403 2706 1514 2744 arena

857 2770 1041 2808 obtectum
1059 2781 1139 2806 esse
1158 2771 1317 2809 statuas3
1347 2775 1512 2813 praeser-

857 2827 924 2863 tim
948 2838 1028 2862 cum
1047 2824 1103 2861 vel
1123 2824 1244 2874 prisco
1264 2832 1355 2858 aevo
1374 2818 1513 2870 perdif-

857 2881 987 2919 ficilem
1007 2880 1119 2917 fuisse
1137 2879 1294 2924 exitum,
1322 2876 1403 2926 ipsa
1422 2875 1514 2912 haec

1523 341 1689 378 Machlyes,
1709 352 1727 371 a
1741 344 1798 371 Lo-

1521 376 1659 410 tophagiu
1679 378 1715 404 ad
1729 378 1799 405 'I'ri-

1554 418 1617 436 nern
1657 411 1796 439 fluvium:

1538 444 1622 474 palus
1635 444 1770 471 'l‘ritnnin

1520 479 1549 501 et
1569 476 1666 504 insuia
1687 467 1782 506 Phia)
