1863 3256
470 86 1021 126 MELPOMENE.
1080 88 1140 124 1V.

1353 95 1435 133 433

180 195 247 239 ἐπὶ
265 199 324 252 τῷ
347 197 523 253 στόματι
542 200 621 240 τοῦ
640 196 818 240 Πόντου
833 198 1070 252 κρητῆρος,
1087 195 1163 238 τόν
1179 198 1435 253 Παυσανίης

149 265 206 309 4ὁ
227 268 540 323 Κλεομβρότου
560 266 755 324 ἀνέθηκε.
815 266 862 318 ὃς
892 266 936 310 δὲ
967 265 1023 322 μὴ
1053 263 1138 309 εἶδέ
1169 282 1230 309 κω
1260 270 1434 314 τοῦτον,

179 333 262 381 ὦδε
284 337 485 394 δηλώσω·
526 338 774 390 ἑξακοσίους
803 336 1028 393 ἀμφορέας
1057 334 1265 388 εὐπετέως
1287 338 1437 393 χωρέει
1452 347 1490 379 15

176 407 225 451 τό
263 408 310 451 ἐν
349 408 555 464 Σκύθῃσι
593 408 810 465 χαλκήϊον.
869 407 1005 463 πάχος
1041 407 1086 451 δὲ
1124 406 1174 451 τὸ
1205 409 1437 453 Σκυθικόν

148 483 309 521 5τοῦτο
338 478 546 534 χαλκήῑόν
575 480 664 522 ἐστι.
694 478 921 523 δακτύλων
940 478 995 529 εᾝξ
1055 482 1184 522 τοῦτο
1205 473 1267 523 ὦν
1289 480 1437 534 ἔλεγον

177 552 220 592 οἱ
241 548 464 604 ἐπιχώριοι
488 547 576 592 από
608 547 774 603 ἀρδίων
798 551 1021 604 γενέσθαι·
1058 549 1276 605 βουλόμει
1279 568 1330 594 ον
1348 551 1433 607 γάρ

173 619 251 663 τὸν
283 619 495 675 σφέτερον
525 619 724 675 βασιλέα,
769 622 829 675 τῷ
860 616 1031 674 οὔνομα
1062 617 1172 663 εἶναι
1196 619 1433 675 Ἀριαντὰν,

173 693 331 733 τοῦτον
367 690 527 733 εἰδέναι
563 707 611 734 το
643 693 813 745 πλῆθος
849 693 938 732 τῶν
969 691 1208 743 Σκυθέων,
1245 692 1491 736 κελεύεινὲο

173 778 250 817 μιν
277 759 443 811 πάντας
472 761 656 812 Σκύθας
697 761 825 814 ἄρδιν
864 762 1047 806 ἕκαστον
1085 763 1191 818 μίαν
1229 762 1315 807 ἀπὸ
1355 767 1435 807 τοῦ

174 830 328 876 ὀϊστοῦ
350 834 546 888 κομίσαι·
590 831 637 882 ὃς
664 830 707 876 δ’
740 832 795 875 ἂν
816 831 874 889 μὴ
895 835 1077 891 κομίσῃ,
1107 833 1304 878 θάνατον
1322 833 1435 878 οἷπεί-

145 907 250 947 6λεε.
308 905 577 959 κομισθῆναί
608 919 652 946 τε
683 902 735 959 δή
772 908 915 961 χρῆμα
946 905 1108 948 πολλόν
1137 904 1324 960 ἀρδίων,
1363 907 1437 948 καί

173 976 216 1018 οἱ
246 975 368 1027 δόξαι
388 974 430 1026 ἐξ
455 973 621 1018 αὐτέων
643 974 927 1031 μνημόσυνον
957 975 1186 1032 ποιήσαντι
1213 975 1435 1020 λιπέσθαι·

171 1045 218 1089 ἐκ
248 1043 442 1088 τουτέων
464 1044 515 1102 δή
544 1061 620 1100 μιν
650 1044 700 1088 τὸ
730 1045 939 1101 χαλκήϊον
968 1050 1148 1103 ποιῆσαι
1178 1050 1329 1096 τοῦτο,
1361 1047 1435 1089 καὶ
1449 1054 1491 1088 25

173 1115 405 1161 ἀναθεῖναι
451 1116 492 1166 ἐς
536 1114 614 1159 τόν
655 1113 919 1171 Ἐξαμπαῖον
964 1121 1134 1160 τοῦτον.

1202 1120 1340 1160 ταῦτα
1382 1117 1435 1173 δή

45 1191 110 1236 82
168 1187 265 1241 περὶ
300 1190 382 1229 τοῦ
418 1185 608 1243 πλήθεος
644 1190 725 1230 τοῦ
755 1186 972 1231 Σκυθέων
1009 1186 1188 1243 ἤκουον.
1251 1187 1434 1244 Θωυμά-

66 1249 69 1252 ’
173 1269 245 1302 σια
275 1257 321 1301 δὲ
348 1256 376 1313 ἡ
406 1256 523 1313 χώρη
555 1256 664 1313 αὕτη
695 1256 776 1301 οὐκ
815 1257 917 1314 ἔχει,
961 1259 1090 1314 χωρὶς
1128 1257 1156 1314 ἢ
1196 1258 1263 1302 ὅτι
1300 1275 1432 1302 ποτα-

170 1327 282 1385 μούς
314 1344 359 1372 τε
388 1332 536 1385 πολλῷ
563 1330 813 1384 μεγίστους,
855 1329 928 1373 καὶ
965 1329 1160 1386 ἀριθμόν
1195 1331 1434 1382 πλείστους.

142 1400 203 1445 Ξὸ
232 1401 278 1445 δὲ
307 1398 629 1457 ἅποθωυμάσαι
668 1400 789 1453 ἄξιον
825 1401 899 1444 καὶ
936 1400 1068 1458 πάρεξ
1102 1405 1189 1445 τῶν
1226 1405 1493 1458 ποταμῶν-’30

115 1587 244 1625 missus
272 1590 494 1625 memoratur
519 1591 556 1626 et
586 1588 667 1638 ipse
696 1600 776 1626 sex-

118 1648 302 1682 centarum
328 1644 582 1709 amphorarum
605 1657 728 1710 capax.

173 1699 239 1740 ἐπὶ
269 1701 327 1754 τῷ
357 1695 517 1751 στόματι
557 1716 628 1740 του
663 1696 775 1741 Πόν-

115 1757 200 1807 του]
231 1756 289 1795 De
306 1755 461 1807 Bosporo
486 1758 520 1795 Γ
518 1758 640 1795 braczo
664 1757 775 1796 intel-

116 1813 301 1863 ligendum
318 1826 399 1851 esse
417 1818 531 1864 patet.
589 1813 649 1852 Ad
671 1828 775 1852 usum

115 1870 213 1907 vocis
232 1864 358 1920 στόμα
375 1870 410 1906 in
424 1869 556 1908 talibus
567 1872 639 1912 vid.
650 1872 776 1908 Blom-

116 1925 214 1964 field.
253 1927 289 1963 in
325 1926 487 1965 Glossar.
526 1927 574 1965 ad
609 1927 774 1977 Aeschyl.

115 1983 218 2021 Pers.
236 1983 331 2024 882.
380 1982 477 2021 Add.
496 1984 622 2022 Strab.
642 1984 711 2021 Vll
738 1998 774 2034 p.

115 2041 199 2081 310
227 2053 263 2090 p.
293 2040 376 2080 477
393 2039 460 2087 Β.,
500 2044 537 2078 et
557 2040 776 2079 Tzschucke

114 2096 163 2133 ad
197 2095 378 2146 Pompon.
419 2096 505 2134 Mel.
535 2098 571 2143 1,
622 2101 643 2138 1
681 2101 774 2134 nott.

117 2164 249 2201 exegg.
265 2164 351 2202 pag.
373 2149 427 2193 44
447 2166 525 2203 seq.
550 2152 632 2191 Vol.
654 2153 706 2190 111
732 2153 774 2190 P.

116 2207 145 2246 Ι.
175 2208 405 2246 Herodotum
428 2210 545 2260 ipsum
560 2210 629 2247 hoc
644 2211 775 2247 fretum

118 2271 155 2302 et
180 2266 292 2302 maria
322 2264 455 2303 haecce
485 2267 633 2314 visisse,
673 2270 773 2304 recte

120 2333 163 2358 ex
178 2320 213 2358 h.
232 2321 254 2358 l.
285 2321 458 2370 colligere
487 2322 630 2359 videtur
647 2322 772 2372 Heyse

121 2376 143 2413 l.
164 2375 186 2413 l.
208 2390 294 2428 pag.
312 2380 403 2419 129.
431 2399 486 2406 -—·
518 2378 558 2415 In
577 2392 681 2428 seqq.
705 2376 773 2429 ἅρ-

124 2433 185 2479 δις
216 2438 272 2471 est
306 2436 461 2483 sagittae
498 2437 634 2486 cuspis,
674 2440 714 2473 ut
744 2435 772 2482 1,

123 2487 231 2535 215,
268 2490 329 2527 ubi
356 2491 427 2529 vid.
471 2491 521 2529 Et
546 2493 640 2529 conf.
665 2493 773 2530 etiam

123 2545 226 2582 Suid.
252 2557 279 2581 s.
300 2558 334 2583 v.
356 2547 372 2582 I
395 2560 481 2597 pag.
502 2550 595 2589 314.

180 2602 323 2640 τοῦτον
363 2602 523 2654 εἰδέναι]
577 2605 688 2648 Quod
732 2606 780 2643 de

122 2671 188 2694 suo
212 2657 318 2695 Reiz.
356 2658 503 2696 inseruit
533 2655 780 2711 βουλόμενον

122 2717 228 2765 (post
244 2715 408 2762 τοῦτον)
421 2715 460 2751 id
478 2728 557 2753 cum
578 2715 656 2753 libri
676 2717 782 2766 igno-

171 2770 382 2809 Hmzono'r.
412 2770 459 2808 II.

832 1592 937 1635 rent,
976 1586 1092 1625 delevi
1125 1599 1205 1624 cum
1234 1589 1382 1625 recentt.
1406 1587 1491 1624 edd.

833 1644 905 1682 Pro
923 1646 1066 1683 τοῦτον
1086 1656 1180 1680 unus
1197 1643 1288 1681 liber
1304 1644 1491 1681 Parisinus

832 1696 1009 1747 τούτων,
1041 1700 1141 1750 quod
1162 1699 1282 1749 placet
1299 1699 1491 1748 Schweig-

832 1758 1021 1804 haeusero,
1047 1758 1222 1807 quodque
1244 1757 1348 1794 unice
1366 1769 1489 1793 verum

832 1814 945 1852 habet
963 1814 1153 1851 Letronne
1181 1813 1321 1858 (Journ.
1348 1813 1383 1849 d.
1404 1813 1489 1849 Sav.

835 1872 942 1912 1817
974 1884 1011 1921 p.
1030 1870 1124 1917 93);
1165 1881 1239 1918 quo
1267 1869 1397 1907 eodem
1426 1881 1491 1906 au-

833 1932 932 1964 ctore
954 1927 1084 1965 retinui
1104 1927 1140 1963 in
1160 1938 1263 1975 seqq.
1284 1941 1366 1976 μιν,
1387 1927 1488 1975 quod

833 1983 932 2021 libris
959 1984 1081 2020 invitis
1066 1982 1304 2031 <Schweigh.
1333 1985 1490 2019 mutarat

833 2041 870 2077 in
887 2054 969 2091 μεν.
999 2039 1087 2076 Mox
1101 2039 1185 2077 dedi
1202 2039 1297 2088 μίαν
1308 2052 1376 2089 pro
1395 2038 1490 2103 μίην

834 2102 873 2134 et
903 2098 939 2134 in
961 2109 1076 2165 seqq.
1108 2090 1239 2134 αὐτῶν
1266 2100 1303 2133 et
1335 2091 1490 2134 τούτων

833 2166 901 2204 pro
919 2148 1071 2192 αὐτέων
1093 2157 1129 2189 et
1149 2149 1330 2190 τουτέων.
1353 2172 1408 2179 —-
1431 2149 1490 2188 Ad

834 2210 984 2248 verbum
1007 2209 1166 2247 medium
1182 2206 1371 2247 λιπέσθαι
1396 2207 1491 2245 conf.

834 2270 926 2303 nott.
952 2267 1000 2304 ad
1032 2266 1087 2311 11,
1128 2262 1208 2307 134
1239 2269 1276 2303 et
1301 2265 1347 2302 ad
1380 2264 1492 2301 verba

830 2324 963 2374 χρῆμα
990 2316 1133 2362 πολλόν
1153 2320 1215 2368 ΙΙΙ,
1240 2323 1332 2362 109.
1356 2321 1447 2361 130.

989 2413 1020 2450 c
1033 2426 1054 2450 a
1066 2425 1102 2463 p.
1139 2410 1329 2448 Lxxxn.

889 2489 957 2530 καὶ
995 2488 1121 2543 πάρεξ
1157 2492 1238 2529 τῶν
1275 2487 1491 2539 ποταμῶν]

837 2547 903 2587 καὶ
927 2548 984 2586 hic
1005 2548 1101 2586 valet
1123 2549 1253 2592 etiam,
1294 2550 1335 2582 ut
1359 2546 1494 2581 Struve

837 2604 1022 2642 monuitl.
1044 2604 1067 2641 l.
1100 2617 1184 2655 pag.
1206 2605 1273 2644 28.
1322 2601 1379 2638 De
1406 2612 1494 2636 voce

837 2657 964 2712 παρέξ
981 2662 1076 2698 conf.
1095 2665 1187 2696 nott.
1204 2659 1252 2695 ad
1274 2657 1346 2701 ΠΙ,
1382 2657 1436 2696 97
1458 2659 1495 2691 et

839 2718 886 2754 de
909 2715 1152 2767 παρέχεσθαι
1172 2715 1235 2758 lv,
1255 2711 1320 2753 44.
1367 2711 1426 2748 Ad
1442 2711 1495 2748 Ιο-

1497 981 1578 1020 320

1491 1186 1535 1213 Vc
1537 1187 1574 1213 sti
1566 1187 1618 1227 1ςί
1620 1196 1657 1214 un
1690 1188 1753 1214 ller-

1491 1220 1566 1247 culis
1601 1224 1708 1255 impet
1692 1196 1767 1248 'lriib

1491 1254 1767 1315 ragitss¹ux·iu¹1¹11.¹y
