1879 3255
370 189 425 231 14

757 187 1228 229 HERODOTI

367 296 518 355 μήλων
544 296 709 349 πάσας·
746 301 878 341 τοῦτο
907 296 953 341 δὲ
981 295 1187 352 ποιήσας,
1216 296 1349 353 ἤλασε
1368 295 1410 348 ές
1429 296 1511 353 τήν
1532 295 1635 341 ἄνυ-

368 370 501 423 δρον,
542 370 616 413 καὶ
653 368 856 424 ὑπέμεινε
894 368 1088 411 ἐνθαῦτα
1124 367 1202 411 τὸν
1232 367 1477 424 Καμβύσεω
1508 380 1635 423 στρα-

340 445 362 480 3
373 439 464 483 τόν.

527 437 670 491 Οὗτος
710 441 789 496 μὲν
830 437 853 482 ὁ
885 437 1186 494 πιθανώτερος
1222 443 1310 482 τῶν
1339 438 1483 495 λόγων
1513 441 1634 495 εἴρη-

369 525 466 554 ται·
509 512 575 554 δεῖ
603 512 649 555 δὲ
679 511 750 554 καὶ
780 510 858 554 τόν
885 504 1022 564 ἧσσον
1050 509 1264 562 πιθανόν,
1295 509 1385 553 ἐπεί
1413 527 1460 566 γε
1489 511 1542 565 δὴ
1571 509 1690 554 λέ-4ο

339 585 360 622 4
371 598 491 638 γεται
503 614 515 633 ,
553 583 757 637 ῥηθῆναι.

368 655 465 709 βίῃ,
503 656 565 709 τῷ
602 652 771 708 οὔνομα
809 649 977 705 Κόρυς·

818 578 1026 635 Ποταμός
1059 580 1147 625 ἐστι
1177 581 1310 638 μέγας
1339 581 1388 625 έν
1423 584 1476 637 τῇ
1509 578 1633 635 Ἀρα-

1027 651 1194 697 έκδιδοῖ
1231 653 1277 696 δὲ
1315 647 1444 702 οὗτος
1482 650 1525 702 ές
1553 650 1633 707 τὴν

336 723 585 779 5Ἐρυθρὴν
614 720 881 778 καλεομένην
903 721 1143 766 θάλασσαν.
1182 722 1267 767 ἀπὸ
1297 722 1458 767 τούτου
1487 721 1540 778 δή
1572 717 1635 765 ὧν

364 798 446 837 τοῦ
483 796 679 848 ποταμοῦ
725 792 891 848 λέγεται
937 792 1015 836 τὸν
1063 792 1244 850 βασιλέα
1287 797 1372 837 τῶν
1409 791 1634 848 Ἀραβίων,

369 863 628 918 ῥαψάμενον
666 867 756 906 τῶν
793 860 1031 919 ὠμοβοέων
1070 866 1260 908 καὶτῶν
1300 863 1443 908 ἄλλων
1474 862 1689 920 &apud-45

364 950 452 977 των
472 931 621 988 ὀχετὸν
641 932 768 991 μήκει
791 933 1094 990 ἐξικνεύμενον
1123 936 1166 986 ἐς
1194 936 1274 990 τήν
1295 934 1504 989 ἄνυδρον,
1533 933 1633 990 ἄγα-

364 1010 457 1062 γεῖν
491 1004 565 1049 διοὶ
596 1005 648 1062 δή
682 1004 843 1050 τούτου
872 1004 923 1050 τὸ
957 1005 1102 1061 ὕό’ωρ’
1141 1005 1188 1050 έν
1209 1005 1256 1049 δὲ
1285 1009 1337 1062 τῇ
1359 1003 1538 1064 ἀνύδρῳ
1567 1021 1636 1061 με·

368 1165 496 1218 Οὗτος
530 1167 602 1222 μὲν
635 1165 660 1208 ὅ
696 1164 974 1221 πιθανώτερος

307 1230 387 1267 τῶν
410 1223 557 1279 λόγων]
588 1225 718 1264 Monet
739 1224 894 1263 Rennel.
910 1226 932 1263 1.
949 1225 972 1263 l.

308 1297 394 1336 pag.
413 1283 510 1331 494,
540 1284 609 1321 hoc
623 1283 751 1320 itinere
771 1282 889 1319 adhuc
909 1295 972 1320 eos

308 1342 384 1389 uti,
415 1342 476 1390 qui
496 1340 704 1390 Aegyptum
722 1338 886 1376 terrestri
913 1341 972 1376 via

309 1411 354 1436 ex
371 1397 460 1435 Asia
477 1401 622 1447 petant3
652 1395 753 1444 quod
770 1399 894 1432 tamen
912 1395 972 1432 vix

308 1454 449 1491 licuisse
469 1457 525 1490 tot
543 1452 657 1502 copiis·
675 1456 850 1501 tantoque
871 1464 972 1489 exer-

309 1511 415 1557 citui,
456 1523 539 1547 eum
561 1509 678 1545 omnis
699 1508 834 1545 Arabia
853 1508 910 1544 vix
930 1520 972 1545 ac

309 1579 356 1604 ne
381 1567 440 1603 vix
478 1566 626 1615 quidem
659 1568 799 1601 tantam
839 1564 970 1601 utrium

308 1623 473 1673 copiam,
515 1625 649 1671 quanta
694 1621 741 1657 ad
778 1620 971 1669 Cambysis

309 1679 505 1717 exereitum
537 1677 816 1718 sustentandum
844 1677 973 1714 fuisset

309 1748 424 1786 opus,
455 1734 585 1773 afferre
602 1733 786 1785 potuerit3
819 1736 860 1769 ut
886 1733 973 1770 hac—

308 1796 413 1829 tenns
442 1792 560 1829 minus
589 1788 785 1840 probabilis
814 1789 879 1825 fiat
895 1789 974 1826 He-

308 1849 431 1885 rodoti
451 1847 620 1883 narratio.
679 1846 720 1882 In
752 1858 824 1894 quo
850 1850 972 1882 tamen

308 1905 414 1941 nimis
437 1904 646 1941 dubitanter
672 1902 836 1939 cunctari
857 1905 894 1939 et
918 1902 973 1938 in-

308 1961 439 1997 sistere
462 1960 604 1996 videtur
623 1958 675 1994 vir
702 1957 970 2005 sagacissimus.

307 2016 470 2054 Alteram
506 2014 692 2052 Herodoti
725 2014 970 2051 narrationem

309 2073 355 2109 ob
379 2073 538 2123 spatium
561 2070 723 2119 longum,
755 2070 851 2107 unde
874 2082 970 2119 aqua

308 2129 418 2166 fuerit
455 2128 637 2174 deducta,
683 2126 809 2163 miram
844 2126 970 2175 utique

309 2185 421 2222 videri
450 2185 549 2222 idem
578 2183 733 2229 iudicat,
775 2183 842 2219 nisi
875 2183 971 2219 forte

308 2242 501 2292 propiores
535 2240 668 2277 suerint
703 2240 822 2276 sontes
853 2239 971 2288 putei-

309 2310 402 2346 que,
433 2310 453 2335 e
478 2296 607 2346 quibus
626 2307 721 2344 aqua
742 2307 807 2345 per
832 2295 970 2332 fistulas

309 2354 345 2391 in
368 2351 596 2404 receptacula
613 2352 661 2388 sit
683 2352 801 2388 ducta.
850 2350 904 2388 Ac
921 2351 969 2388 si-

309 2410 393 2448 mile
414 2410 523 2460 quid,
563 2408 662 2458 quod
688 2407 880 2445 recentiori
909 2420 969 2444 ae-

309 2470 386 2504 tate
416 2467 564 2513 accidit,
603 2465 698 2502 idem
732 2463 840 2502 affert
869 2464 971 2501 Ren-

309 2522 380 2561 nel.
400 2522 421 2560 l.
443 2522 466 2560 l.

366 2581 421 2632 τῷ
439 2572 789 2627 οὕνομαΚόρυς]
816 2573 965 2613 Abulse-

309 2636 391 2683 dae,
421 2640 461 2672 ut
482 2634 622 2671 monuit
646 2631 879 2680 ll'esseling„
911 2637 967 2669 est

310 2696 439 2729 torrens
460 2691 553 2729 Cure.
592 2688 690 2726 Nihil
712 2688 857 2725 aliunde
878 2689 966 2726 mihi

310 2749 457 2798 quidem
479 2750 629 2786 constat.
658 2745 790 2783 Ritter.
816 2744 966 2782 Vorhal-

311 2804 344 2844 le
374 2819 411 2856 p.
432 2807 485 2848 88
523 2806 570 2843 de
596 2815 684 2840 voce
705 2800 816 2839 Koros
848 2813 890 2839 ac
918 2803 967 2841 si-

1030 1169 1172 1207 milibus
1201 1182 1268 1220 per
1293 1167 1418 1208 Asiam
1440 1169 1568 1215 obviis,
1599 1174 1691 1218 qua's

1030 1227 1079 1263 ad
1105 1225 1230 1264 Solem
1257 1226 1406 1275 eiusque
1439 1225 1571 1263 cultum
1606 1237 1691 1275 spe-

1029 1288 1130 1320 ctare
1176 1295 1301 1320 omnes
1351 1281 1448 1328 vult,
1485 1281 1691 1332 disputans,

1027 1338 1122 1376 hunc
1162 1351 1309 1389 quoque
1346 1337 1505 1376 Arabiae
1540 1338 1688 1375 fluvium

1027 1395 1158 1444 attigit.
1170 1417 1220 1423 —
1241 1395 1300 1431 Ad
1317 1395 1466 1432 verbum
1485 1389 1689 1434 ἐκδιδόναι

1027 1453 1122 1489 conf.
1150 1451 1292 1489 Herod.
1323 1450 1378 1497 11,
1413 1453 1449 1492 6.
1497 1451 1556 1490 De
1586 1450 1688 1488 rubro

1027 1509 1120 1545 mari
1139 1508 1290 1544 diximus
1313 1507 1360 1544 ad
1382 1507 1411 1554 l,
1432 1509 1467 1548 1.

1084 1560 1324 1615 ῥαψάμενον
1355 1565 1434 1602 τῶν
1474 1558 1688 1613 ω’μοβοέων

1027 1635 1065 1659 κ.
1083 1635 1114 1659 τ.
1138 1621 1184 1670 λ..]
1217 1621 1239 1657 i.
1260 1633 1314 1666 e.,
1344 1620 1388 1655 ab
1414 1632 1450 1656 eo
1468 1619 1547 1656 inde
1568 1620 1688 1669 fluvio

1029 1676 1161 1713 dicitur
1184 1690 1244 1713 rea:
1267 1676 1423 1713 Arabum
1451 1678 1604 1712 consutis
1631 1688 1687 1711 co-

1028 1735 1094 1770 riis
1121 1736 1153 1770 et
1179 1734 1312 1781 bovinis
1332 1736 1364 1769 et
1386 1731 1470 1769 aliis
1498 1728 1688 1782 (pellibus)

1031 1789 1188 1827 canalem
1219 1789 1267 1826 ad
1306 1789 1442 1826 deserta
1472 1788 1537 1825 illa
1580 1800 1690 1837 usque

1023 1849 1248 1896 pertinentem
1270 1858 1416 1894 parasse
1438 1857 1579 1894 perque
1604 1856 1687 1881 eum

1029 1915 1144 1950 aquas
1172 1902 1359 1938 duxisse.“
1389 1896 1594 1952 ὥμοβοέη,
1625 1900 1687 1937 ubi

1027 1957 1137 2006 vulgo
1165 1957 1337 2008 supplent
1371 1953 1490 2008 δοριξ,
1527 1956 1632 2007 pellis
1655 1969 1684 1994 s.

1027 2017 1156 2051 corium
1177 2015 1357 2060 bovinum,
1389 2014 1570 2052 invenitur
1593 2026 1687 2062 quo-

1027 2083 1099 2120 que
1124 2070 1185 2117 lV,
1214 2071 1266 2111 65
1287 2076 1324 2108 et
1344 2071 1423 2117 Vll,
1456 2072 1523 2117 91,
1553 2070 1614 2106 ubi
1640 2069 1686 2106 cf.

1028 2128 1198 2176 interpr-r.
1258 2127 1368 2165 Plura
1395 2126 1525 2164 similia
1547 2125 1617 2163 vid.
1647 2125 1685 2162 in

1026 2182 1209 2220 Lambert.
1240 2184 1326 2220 Bos.
1357 2183 1502 2232 Ellipss.
1534 2182 1686 2219 Graece.

1027 2252 1113 2290 pag.
1139 2239 1215 2280 115
1233 2252 1311 2288 seq.
1331 2262 1381 2267 —
1410 2239 1483 2276 Pro
1504 2234 1686 2288 ῥαψάμε-

1029 2310 1101 2334 νον
1129 2295 1248 2346 plures
1282 2296 1362 2333 libri
1392 2290 1684 2345 ἁψάμενον,

1027 2351 1127 2401 qnod
1158 2365 1245 2388 cave
1276 2352 1441 2402 recipias.
1501 2351 1589 2388 Mox
1617 2363 1684 2400 pro

1026 2404 1309 2458 ἔπικνεύμενον
1334 2408 1473 2446 restitui
1493 2401 1686 2454 ἐξικνεύ-

1028 2479 1169 2514 μενον,
1203 2465 1304 2513 quod
1330 2468 1477 2514 praeter
1500 2464 1684 2500 Parisinos

1026 2521 1135 2557 libros
1163 2521 1308 2558 exhibet
1328 2522 1365 2557 in
1389 2521 1553 2568 margine
1582 2516 1683 2571 (narn

1023 2577 1059 2614 in
1083 2582 1184 2614 textu
1207 2579 1285 2626 ipso
1315 2577 1403 2614 haec
1433 2577 1546 2613 verba
1576 2575 1683 2625 plane

1023 2634 1174 2683 desunt)
1216 2633 1448 2670 Florentinus
1465 2660 1475 2678 ,
1534 2632 1683 2670 iubente

1023 2703 1169 2739 quoque
1179 2690 1385 2737 Schweigh.
1396 2690 1430 2725 in
1443 2689 1530 2727 Lex.
1542 2689 1681 2726 Herod.

1023 2760 1050 2783 s.
1076 2759 1109 2784 v.
1142 2746 1284 2792 Cf.111‚
1307 2748 1383 2786 108
1400 2745 1484 2793 etl,
1514 2748 1603 2787 171.
1634 2745 1681 2792 Π,

1023 2802 1169 2851 34.1v‚
1196 2806 1256 2844 10.
1285 2805 1346 2843 16.
1372 2805 1462 2845 192.
