1863 3256
87 308 125 328 ne
135 320 144 334 ‚
189 300 225 327 ob
263 306 362 327 morea

415 193 499 234 422

810 186 1281 230 HERODOTI

419 300 465 345 δὲ
493 299 566 344 καὶ
592 299 770 356 ἥκιστα,
800 298 858 350 ὦς
888 298 1081 349 διέδεξαν
1103 295 1356 352 Ἀνάχαρσίς
1380 310 1445 348 τε,
1475 294 1548 338 καὶ
1578 293 1729 339 δεύ-85

989 371 1131 410 Τοῦτο
1170 368 1248 424 μὲν
1287 366 1367 422 γὰρ
1411 364 1672 420 Ἀνάχαρσις,

86 339 152 361 exte
157 342 225 360 rrrrr
250 342 268 361 a
286 334 325 360 Sa
309 341 363 360 au-

86 368 149 460 liotr
152 375 282 427 ‘iffi-1⁸·
266 367 293 393 fr
297 371 363 426 ²⁸2⁰
392 377 526 427 Qtsro
566 366 689 421 αὖτις
727 369 914 424 Σκύλης·

87 433 365 495 “1²¹3Y'iass'iass.
421 442 512 486 ἐπεί
549 458 593 485 τε
628 445 712 496 γῆν
747 438 912 495 πολλην
948 437 1195 493 θεωρήσας)
1245 437 1318 480 καὶ
1357 434 1674 490 ἄποδεξαμενος

87 508 166 535 genu
157 470 196 529 2³¹.¹

418 512 514 557 κατ’
556 510 692 566 αὐτὴν
730 511 890 565 σοφίην
931 509 1116 563 πολλὴν,
1159 507 1373 563 ἐκομίζετο
1405 507 1447 557 ἐς
1484 506 1594 561 ἤθεα
1621 504 1674 548 τοὶ

417 583 652 630 Σκυθέων,
708 580 850 622 πλέων
888 577 948 622 δι’

983 577 1321 634 Ἑλλησπόντου,
1367 579 1587 633 προσίσχει
1627 577 1671 627 ἐς
1738 581 1818 624 316

419 652 628 705 Κύζικον,
666 649 760 700 καὶ,
806 645 905 703 εὗρε
934 648 1018 704 γάρ
1048 653 1101 705 τῇ
1131 649 1279 706 Μητρὶ
1307 652 1395 692 τῶν
1423 651 1540 691 θεῶν
1571 645 1673 690 ἀνά-
1685 651 1732 688 90

416 738 574 780 γοντας
593 718 696 772 τούς
707 719 976 777 Κυζικηνοὺς
997 717 1130 775 ὁρτήν
1148 718 1287 774 κάρτα
1304 717 1676 775 μεγαλοπρεπέως,

363 889 426 935 iis,
457 900 552 937 quae
576 887 673 937 apud
694 886 782 924 alias
802 900 938 937 easque
960 889 1019 925 di-

359 957 483 983 versas
506 944 723 994 Scytharum
745 943 857 980 tribus
877 942 1017 995 vigent)

360 1013 485 1038 verum
500 1000 607 1038 etiam
616 1012 722 1048 quam
735 1000 888 1038 maxime
899 1000 1018 1038 Grae-

362 1070 496 1095 corum.
534 1056 614 1094 Nec
642 1055 745 1093 aliter
768 1055 885 1094 locum
907 1057 1021 1107 accipi

362 1114 441 1151 vult
476 1112 662 1150 Letronne
691 1112 820 1149 Journ.
863 1114 899 1150 d.
936 1113 1021 1150 Sav.

366 1172 474 1212 1817
503 1183 539 1219 p
560 1167 641 1216 46,
670 1168 706 1205 in
736 1181 808 1217 quo
840 1164 1022 1219 οἷλλήλων

364 1230 461 1264 recte
487 1225 533 1262 ad
551 1225 713 1261 diversas
734 1226 947 1273 Scytharum
966 1238 1025 1262 re-

364 1284 435 1321 sert
455 1281 582 1328 tribus,
599 1285 637 1318 et
656 1281 703 1317 ad
715 1281 824 1318 verba
846 1277 900 1332 μή
925 1296 961 1320 τι
981 1294 1024 1345 γε

366 1332 424 1377 ὧν
446 1336 559 1388 (quae
579 1337 675 1374 idem
688 1336 834 1374 valeant
847 1343 958 1387 atque
967 1331 1023 1388 μή

366 1409 402 1433 τι
429 1408 472 1458 γε
504 1389 586 1443 δη)
625 1392 784 1443 suppleri
815 1394 891 1431 vult
921 1397 1025 1432 τοῖσι

368 1446 548 1501 οἷλλήλων
584 1449 788 1500 νομαίοισι
821 1448 1024 1501 χρέωνται.

372 1508 456 1551 Quo
501 1505 619 1553 magis
660 1505 813 1542 Werferi
860 1506 1027 1556 displicet

371 1563 463 1599 ratio
490 1562 529 1599 in
558 1559 655 1597 Actt.
685 1560 784 1610 phill.
814 1561 980 1599 Monacc.
1009 1561 1027 1598 I

340 1665 343 1669 q
370 1632 408 1669 p.
433 1620 513 1658 263
527 1645 538 1664 ‚
568 1617 629 1666 qui
650 1617 698 1653 ad
714 1619 921 1666 negativam
940 1630 1026 1668 par-

370 1673 516 1712 ticulam
550 1669 605 1723 μή
632 1687 669 1710 τι
699 1686 741 1723 γε
769 1675 908 1722 cogitat
937 1674 1027 1724 χροῒ-

372 1734 494 1776 σθαι,
526 1742 605 1766 cum
632 1725 795 1780 φεύγειν
816 1731 863 1767 ad
884 1742 928 1767 ea
949 1742 1029 1767 ver-

372 1788 441 1833 ba,
493 1798 588 1836 quae
623 1785 822 1823 infinitivus
858 1787 1030 1823 adiuncta

373 1843 545 1891 negativa
576 1842 751 1891 particula
780 1839 834 1893 μή
865 1843 1030 1894 excipere

373 1899 513 1946 soleat,
540 1899 668 1936 referri
688 1899 833 1936 debeat.

433 1967 486 2015 ὥς
517 1966 694 2016 διέδεξαν
723 1964 954 2020 Ἀνάχαρσίς
989 1980 1031 2006 τε

376 2045 424 2055 ·--
463 2021 645 2075 Σκύλης]
687 2025 710 2061 i.
740 2039 770 2063 e.
808 2029 848 2062 ut
880 2023 1034 2074 exemplo

371 2082 527 2133 suerunt
550 2081 770 2119 Anacharsis
788 2096 831 2119 ac
850 2081 930 2118 dein
952 2093 1034 2130 quo-

378 2152 442 2189 qne
463 2138 598 2189 Scyles.
634 2137 732 2176 Male
751 2138 834 2176 olim
850 2133 1036 2187 Ἀναχάρ-

380 2207 419 2233 σι
445 2199 481 2232 et
511 2189 659 2248 Σκύλῃ.
709 2194 767 2233 De
791 2194 1036 2232 Anacliarsz'de

378 2251 452 2287 vid.
479 2251 651 2287 Strabon.
682 2251 748 2288 VII
774 2265 810 2302 p.
837 2252 920 2291 303
947 2263 976 2288 S.
998 2263 1035 2299 p.

380 2304 462 2347 464
473 2305 511 2342 A.
520 2308 663 2354 Scymn.
675 2307 754 2344 Chii
766 2309 930 2356 fragmm.
944 2308 1036 2347 119.

380 2362 502 2410 ibique
535 2362 631 2399 Gail.
669 2362 717 2399 T.
750 2364 782 2400 ΙΙ
819 2377 856 2413 p.
888 2362 971 2403 400
1000 2366 1037 2399 et

382 2418 555 2467 imprimis
574 2418 732 2466 Diogen.
752 2419 875 2456 Laert.
897 2418 925 2466 l,
957 2421 1032 2459 101

383 2486 485 2522 seqq.
509 2474 631 2522 ibique
656 2474 803 2522 Menag.
843 2474 896 2511 Ac
916 2475 972 2512 vel
994 2474 1036 2510 li-

382 2534 478 2567 teras
502 2530 676 2579 sapientis
697 2531 857 2579 Scythae
885 2531 1036 2580 scriptas

382 2587 594 2637 proferunt,
625 2587 670 2622 de
699 2587 828 2635 quibus
853 2587 947 2623 conf.
971 2586 1036 2622 Ci—

383 2655 453 2679 cer.
473 2641 631 2679 Tuscnll.
653 2642 707 2688 V,
740 2646 791 2683 32
818 2647 855 2679 et
873 2655 967 2690 quae
987 2642 1037 2678 ibi

382 2697 491 2735 allata
543 2702 626 2734 sunt
675 2699 720 2735 ab
769 2699 1038 2748 interpretibus.

384 2754 474 2792 Mox
491 2756 607 2792 τοῦτο
625 2751 708 2804 μέν,
728 2755 786 2791 ubi
798 2755 1038 2803 nonsequitur

385 2812 502 2850 τοῦτο
533 2808 596 2856 δέ,
627 2814 666 2848 ut
685 2810 738 2860 ll,
768 2813 833 2853 99.
873 2811 950 2848 Sed
983 2812 1038 2849 sa-

1074 889 1174 926 ciunt
1200 889 1290 933 huc,
1321 900 1416 938 quae
1445 888 1546 925 initio
1574 899 1655 939 cap.
1678 887 1734 929 78

1075 945 1265 994 leguntur:
1315 946 1495 983 πολλοῖσι
1527 941 1570 983 δὲ
1608 939 1735 995 κάρτα

1077 1000 1177 1040 ἔτεσι
1207 996 1374 1051 ὕστερον
1403 1015 1438 1038 κ.
1466 1015 1498 1038 τ.
1530 1002 1563 1039 λ.
1600 999 1736 1049 Attigit

1076 1058 1179 1104 haec,
1192 1061 1365 1094 monente
1382 1056 1411 1093 C
1420 1069 1462 1103 r.,
1479 1055 1734 1105 Wyttenbach.

1078 1114 1127 1152 ad
1158 1113 1253 1150 Plut.
1282 1112 1425 1150 Morall.
1448 1112 1485 1159 1,
1521 1115 1547 1153 2
1575 1125 1611 1163 p.
1640 1114 1737 1154 768.

1134 1182 1202 1222 καὶ
1230 1178 1524 1233 ἀποδεξάμενος
1550 1177 1640 1221 κατ’
1668 1177 1739 1220 αὕ-

1079 1237 1153 1291 τήν
1173 1240 1320 1290 σοφίην
1341 1236 1519 1290 πολλὴν]
1550 1239 1573 1276 i.
1594 1252 1627 1276 e.
1640 1241 1739 1288 post-

1081 1309 1184 1347 quam
1203 1297 1316 1333 multa
1334 1297 1530 1346 sapientiae
1550 1297 1739 1345 specimina

1080 1356 1119 1391 in
1147 1366 1188 1390 ea
1217 1353 1352 1402 (terra)
1382 1352 1505 1389 edidit.
1536 1351 1594 1389 De
1629 1363 1740 1400 argu-

1080 1414 1204 1447 mento
1219 1408 1579 1458 laudantinterprett.
1591 1408 1638 1444 ad
1648 1408 1740 1444 Dio-

1082 1477 1166 1515 gen.
1197 1464 1317 1502 Laert.
1347 1464 1382 1510 Ι,
1414 1464 1507 1505 105.
1554 1462 1614 1500 Ad
1641 1464 1740 1501 loeu-

1081 1523 1219 1558 tionem
1249 1519 1405 1557 Wessel.
1431 1521 1571 1557 confert
1593 1519 1740 1560 Platon.

1082 1576 1283 1628 Hipparch.
1312 1589 1350 1626 p.
1377 1577 1459 1615 228
1484 1576 1527 1612 Β.
1570 1572 1615 1621 ὂς
1642 1572 1741 1614 ἄλλοι

1082 1647 1124 1672 τε
1161 1629 1287 1672 πολλά
1322 1630 1388 1670 καὶ
1420 1628 1519 1670 καλοὶ
1554 1631 1646 1682 ἔργα
1677 1643 1743 1671 σο·

1085 1688 1182 1738 φίας
1211 1684 1454 1735 ἀπεδείξατο.
1492 1689 1541 1725 Et
1560 1689 1606 1725 cf.
1623 1688 1742 1738 ipsum

1084 1745 1265 1783 Herodot.
1297 1744 1336 1791 Ι,
1373 1745 1442 1786 59.
1477 1744 1569 1785 174.
1601 1744 1654 1790 ΙΙ,
1687 1745 1743 1785 36

1085 1806 1155 1840 etc.
1185 1822 1238 1830 -
1265 1798 1373 1852 ἤθεα
1396 1802 1431 1837 in
1452 1814 1554 1850 seqq.
1578 1805 1663 1837 sunt
1681 1800 1745 1837 ‹lo-

1086 1858 1230 1895 micilia.
1255 1879 1299 1884 —
1348 1857 1391 1894 In
1419 1857 1480 1905 iis,
1508 1869 1602 1907 quae
1629 1856 1746 1894 conti-

1086 1927 1159 1952 nuo
1190 1917 1409 1963 sequuntur,
1449 1926 1530 1950 cum
1557 1913 1745 1950 Gaisford.

1089 1970 1217 2008 sustuli
1251 1967 1313 2016 δέ,
1361 1970 1461 2019 quod
1494 1973 1579 2020 post
1613 1967 1745 2008 πλέων

1087 2027 1196 2075 vulgo
1226 2026 1397 2064 inseritur
1421 2026 1594 2075 quodque
1621 2026 1744 2071 etiam,

1088 2083 1188 2120 libris
1223 2082 1430 2119 melioribus
1469 2082 1610 2128 invitis,
1659 2082 1747 2119 reti-

1089 2141 1167 2177 nuit
1195 2138 1395 2184 Matthiae3
1434 2150 1503 2176 nec
1527 2150 1614 2176 vero
1653 2136 1747 2188 (ulla

1089 2193 1302 2243 intelligitur
1332 2196 1447 2240 ratio,
1484 2207 1546 2231 cur
1577 2194 1745 2244 apodosi‚

1091 2264 1187 2301 quae
1213 2251 1258 2288 ab
1279 2251 1333 2287 his
1350 2252 1437 2301 ipsis
1457 2250 1641 2288 exorditur
1656 2262 1746 2287 ver-

1091 2308 1146 2345 bis
1185 2305 1334 2354 (πλέων
1364 2302 1418 2345 δι’
1441 2301 1745 2355 Ἑλλησπόντου,

1092 2362 1307 2414 προσίσχει)
1330 2363 1516 2399 adiici-atur
1533 2360 1593 2409 653
1618 2374 1747 2411 quam-

1092 2432 1201 2468 quam
1219 2419 1342 2456 nescio
1361 2419 1446 2468 quid
1465 2419 1594 2455 durum
1613 2418 1747 2456 habere

1091 2476 1233 2514 videtur
1244 2475 1426 2512 iunctura:
1447 2472 1577 2513 πλέων
1596 2489 1625 2512 π
1635 2489 1656 2526 ρ
1668 2489 1688 2513 ο
1700 2485 1748 2513 σ-

1093 2531 1224 2580 ίσχει
1247 2527 1606 2577 καὶ-εὔξατο*
1629 2540 1747 2583 προσ-

1094 2587 1216 2637 ίσχειν
1238 2591 1296 2624 est
1317 2587 1508 2635 appellere,
1545 2590 1678 2635 tenere,
1708 2589 1750 2624 ut

1094 2643 1165 2690 IV,
1205 2641 1293 2683 147.
1323 2645 1414 2684 156.
1455 2644 1527 2690 vl,
1558 2645 1624 2684 99.
1656 2645 1749 2684 119.

1150 2694 1276 2749 κάρτα
1306 2697 1654 2750 μεγαλοπρεπέως]
1691 2699 1748 2736 lta

1095 2755 1179 2792 dedi
1198 2755 1366 2792 librorum
1382 2769 1423 2794 ex
1442 2757 1655 2793 auctoritate
1667 2767 1748 2792 cum

1095 2816 1245 2850 recentt.
1279 2812 1364 2850 edd.
1402 2812 1542 2862 Vulgo:
1586 2815 1749 2864 μεγαλο-
