1946 3272
427 251 482 291 42
826 249 1296 289 HERODOTI

398 358 537 412 3λερὰ
565 358 610 402 δὲ
642 357 790 401 αὐτῶν
818 358 870 402 τὰ
899 361 1063 415 εἵματα.
1104 358 1283 412 δεύτερα
1304 358 1368 406 δὲ,
1397 357 1475 402 τόν
1498 360 1696 412 χρυσοῦν
1762 367 1841 406 205
1892 376 1895 412 ς

427 428 584 484 εἰρώτα
620 430 833 484 στρεπτόν
868 430 947 473 τόν
983 430 1311 485 περιαυχένιον,
1359 430 1431 471 καὶ
1472 428 1523 470 τὰ
1558 427 1696 477 ψέλια.

425 501 718 558 ἐξηγεομένων
755 502 800 545 δὲ
838 505 927 544 τῶν
959 498 1262 555 Ἰχθυοφάγων
1300 499 1376 542 τόν
1415 499 1582 554 κόσμον
1622 496 1697 542 αὕ-

424 576 535 622 τῶν,
573 571 756 627 γελάσας
787 571 810 614 ὁ
842 570 1066 626 βασιλεύς,
1119 570 1190 612 καὶ
1228 572 1413 624 νομίσας
1443 568 1555 613 εἶναί
1586 582 1698 624 σφεα

423 642 576 694 πέδας,
629 640 719 685 εἶπε
761 640 818 692 ὥς
856 639 961 696 παρ’
1008 639 1208 683 ἕωυτοῖσί
1251 642 1332 682 εἰσι
1371 639 1698 695 ῥωμαλεώτεραι

396 717 418 753 4
430 712 602 756 τούτων
656 713 793 755 πέδαι.

877 713 1027 766 τρίτον
1076 709 1121 754 δὲ
1143 741 1153 761 ,

1228 710 1381 765 εἰρώτα
1436 709 1484 753 τό
1539 711 1694 766 μύρον.

395 782 643 826 δείποὲντων
677 782 721 825 δὲ
760 786 835 838 τῆς
871 781 1072 838 ποιήσιος
1108 781 1206 836 πέρι
1244 782 1317 825 καὶ
1356 780 1572 832 ἀλείψιος,
1615 781 1720 825 τόν1

395 859 417 892 6
428 850 567 896 αὐτὸν
595 851 729 907 λόγον
758 854 836 895 τὸν
865 853 939 895 καὶ
969 853 1067 906 περὶ
1098 856 1180 895 τοῦ
1210 855 1384 908 εἵματος
1416 851 1520 896 εἷπε.
1571 849 1628 903 ὥς
1650 851 1697 895 δὲ

422 923 466 975 ἐς
494 923 572 968 τόν
602 921 728 966 οἶνον
758 921 953 975 ἀπίκετο,
985 924 1058 966 καὶ
1088 922 1273 967 ἐπύθετο
1299 922 1440 967 αὐτοῦ
1469 922 1548 980 τήν
1576 924 1697 979 ποίη-

423 1005 494 1038 σιν
513 1027 524 1046 ,
554 994 817 1049 ὑπερησθεὶς
846 998 909 1052 τῷ
937 992 1115 1049 πόματι,
1144 993 1334 1050 ἐπείρετο
1366 995 1391 1039 ὅ
1420 1012 1462 1038 τι
1488 1009 1534 1037 τε
1563 995 1723 1037 σιτέε-5

419 1082 491 1108 ται
513 1063 536 1108 ὁ
567 1064 792 1121 βασιλεὺς,
822 1066 895 1108 καὶ
913 1063 1076 1121 χρόνον
1098 1065 1261 1109 ὁκόσον
1279 1065 1557 1122 μακρότατον
1581 1063 1694 1120 ἀνὴρ

391 1136 599 1192 7Πέρσης
632 1134 740 1188 ζώει.
781 1138 825 1180 οἱ
856 1137 902 1181 δὲ
932 1136 1148 1181 σιτέεσθαι
1177 1137 1256 1193 μὲν
1285 1136 1364 1180 τόν
1394 1136 1530 1191 ἄρτον
1554 1134 1693 1188 εἶπαν,

420 1206 733 1264 ἐξηγησάμενοι
766 1210 856 1250 τῶν
886 1211 1043 1261 πυρῶν
1065 1209 1144 1264 τὴν
1172 1208 1332 1263 φύσιν·
1377 1206 1627 1264 ὀγδώκοντα
1657 1206 1693 1251 δ’
1730 1220 1734 1221 ’

419 1277 514 1321 ἔτεα
551 1277 647 1335 ζόης
682 1277 896 1334 πλήρωμα
937 1278 1068 1334 α’νδρὶ
1108 1278 1387 1336 μακρότατον
1416 1278 1693 1333 προκὲεσθαι.

391 1348 535 1402 ὃπρὸς
563 1352 702 1392 ταῦτα
732 1347 756 1392 ὁ
775 1351 944 1402 Αἰθίοψ
974 1350 1079 1406 ἔφη,
1111 1349 1243 1395 οὐδὲν
1261 1349 1534 1406 θωυμάζειν,
1568 1351 1604 1393 εἰ
1634 1361 1693 1392 σι-
1706 1358 1749 1390 10

418 1419 618 1476 τεόμενοι
647 1419 840 1476 κόπρον,
878 1421 974 1465 ἔτεα
1004 1420 1128 1478 ὀλίγα
1160 1422 1338 1476 ζώουσι·
1390 1420 1495 1465 οὐδὲ
1522 1419 1606 1478 γαρ
1637 1419 1692 1463 ἂν

416 1496 608 1535 τοσαῦτα
639 1491 861 1535 δύνασθαι
901 1492 1024 1545 ζώειν
1062 1494 1216 1550 σφέας,
1262 1496 1297 1537 εἰ
1339 1494 1397 1550 μὴ
1433 1496 1494 1550 τῷ
1531 1491 1692 1549 πόματι

360 1646 489 1683 xandr.
539 1645 715 1682 Stromat.
761 1644 775 1681 1
815 1657 900 1694 pag.
931 1642 1025 1684 344.

360 1702 580 1752 „Expressit
593 1701 806 1739 Plutarchus
826 1702 863 1738 in
873 1702 1025 1744 Quaest.

359 1759 504 1797 Romm.
535 1757 592 1808 [p.
614 1760 696 1798 270
720 1755 790 1807 D.]
823 1756 861 1808 ἓ.
891 1757 1026 1805 XXVI,

359 1815 410 1852 ad
429 1828 538 1864 quein
559 1815 628 1851 vid.
648 1815 695 1852 W
698 1814 909 1864 yttenbach.
935 1815 1026 1850 Ani-

359 1872 558 1909 madverss.
586 1871 633 1909 T.
661 1871 712 1907 111
754 1883 840 1921 pag.
867 1873 919 1911 31
949 1870 1026 1920 [ubi

359 1927 450 1963 alios
480 1928 659 1977 quosdam
686 1927 819 1964 similes
838 1926 1022 1964 Plutarchi

359 1983 456 2020 locos
485 1982 663 2033 excitat],
709 1988 747 2020 et
771 1984 865 2020 conf.
896 1983 1022 2019 lacobs

360 2040 409 2076 ad
447 2039 646 2087 Antholog.
685 2039 750 2076 Gr.
780 2038 861 2076 Vol.
887 2039 922 2075 X
955 2038 1023 2083 (ad

358 2095 484 2132 Rufini
500 2096 625 2145 Epigr.
640 2095 745 2142 XlV)
763 2109 798 2145 p.
816 2096 933 2135 163.“
956 2094 1020 2131 Cr.

359 2152 472 2195 Quod
515 2151 686 2188 Reiskius
733 2165 799 2202 pro
837 2147 1022 2202 χρώματα

359 2208 467 2245 scribi
490 2207 564 2244 vult
591 2203 829 2258 ἀλείμματα,
858 2221 926 2245 nec
945 2221 1021 2244 ma-

359 2264 416 2312 gis
438 2265 679 2302 necessarium
699 2276 807 2313 quam
828 2265 927 2313 quod
950 2264 1021 2301 {ta-

358 2320 413 2357 lus
433 2321 612 2370 interpres
643 2321 813 2357 substitui
838 2321 912 2357 vult
940 2322 1022 2371 296-

359 2388 500 2426 σματα.
522 2397 578 2404 ——·
600 2376 658 2413 Ad
678 2382 897 2413 structuram
919 2378 1019 2414 verbi

357 2431 510 2486 ἐρωτᾷν
537 2435 574 2470 ἰη
597 2446 699 2482 seqq.
731 2435 776 2470 cf.
797 2434 926 2471 Manli.
953 2434 1018 2470 Gr.

358 2489 425 2526 Gr·
456 2489 493 2540 ἓ.
525 2489 607 2529 417
637 2502 666 2526 c.
727 2490 820 2527 Vide
853 2502 963 2540 supra
994 2489 1020 2537 Ι,

357 2547 424 2585 32.
443 2566 499 2573 —
537 2546 661 2596 τρίτο
676 2560 697 2584 ν
731 2544 774 2584 δὲ
800 2547 1020 2583 restituimus

357 2615 439 2640 cum
457 2602 574 2639 Gaisf.
597 2606 632 2640 et
653 2602 784 2638 Matth.
805 2604 862 2639 Cf.
883 2603 908 2648 Ι,
926 2600 1019 2643 204.

357 2659 404 2706 ΙΙ,
423 2660 487 2698 22.
516 2661 606 2699 137.
628 2658 690 2705 Ill,
711 2660 776 2700 31.
814 2658 866 2696 Ac
884 2659 964 2695 libri
984 2659 1019 2695 in

357 2715 505 2763 vulgata
523 2728 649 2752 omnes
664 2716 884 2766 conspirant.
907 2737 962 2742 ——
981 2715 1019 2751 lu

357 2783 461 2821 seqq.
483 2772 531 2809 ad
553 2771 728 2822 ἐπείρετο
750 2773 845 2808 conf.
861 2772 1019 2820 Gregor.

357 2828 524 2865 Corinth.
544 2828 589 2866 de
608 2827 703 2866 Dial.
730 2828 808 2865 lon.
827 2826 865 2878 ἓ.
878 2831 931 2869 73
953 2829 1020 2865 ibi·

357 2897 428 2934 que
448 2884 570 2924 Koen.
586 2897 672 2936 pag.
689 2882 784 2924 483.

1142 1645 1178 1684 εἰ
1195 1640 1417 1695 σιτεόμενοι
1438 1641 1587 1696 κόπρον
1607 1643 1744 1694 κ.τ.λ.]

1083 1701 1213 1740 Monet
1244 1702 1404 1740 Heeren.
1433 1701 1455 1740 Ι.
1490 1701 1513 1738 l.
1544 1713 1630 1751 pag.
1664 1702 1746 1740 339

1083 1758 1176 1795 hunc
1205 1759 1309 1809 panis
1337 1763 1561 1795 contemtum
1584 1758 1748 1794 referen-

1083 1815 1171 1851 dum
1201 1816 1314 1852 videri
1345 1815 1392 1852 ad
1425 1815 1523 1851 istud
1547 1814 1651 1864 panis
1681 1827 1746 1862 ge-

1081 1884 1170 1918 nus,
1201 1872 1302 1919 quod
1322 1872 1358 1907 iu
1379 1870 1445 1907 illis
1468 1870 1610 1907 Africae
1624 1871 1747 1918 regio-

1081 1928 1188 1964 nibus
1209 1940 1252 1965 ex
1263 1927 1385 1963 Durra
1405 1927 1618 1963 conficiatur
1627 1927 1745 1975 quod-

1081 1996 1152 2032 que
1173 1983 1270 2020 brevi
1288 1987 1558 2032 corrumpatur,
1589 1987 1630 2019 ut
1649 1983 1745 2020 vesci

1080 2052 1258 2088 nequeas.
1290 2040 1373 2076 lure
1391 2045 1511 2076 autem
1531 2040 1626 2076 idem
1643 2039 1744 2077 Hee-

1080 2108 1155 2133 ren.
1176 2095 1201 2133 1.
1223 2096 1245 2132 1.
1277 2109 1312 2146 p.
1340 2095 1420 2135 335
1445 2096 1526 2132 hinc
1547 2095 1744 2142 concludit,

1078 2152 1287 2189 Macrobios
1312 2153 1408 2200 agris
1427 2151 1591 2189 colendis
1613 2164 1745 2202 opera-

1078 2216 1137 2245 tos
1160 2221 1234 2245 non
1265 2221 1359 2255 esse,
1388 2222 1457 2246 nec
1477 2209 1624 2245 omnino
1645 2208 1744 2257 agri-

1077 2265 1252 2302 culturam
1282 2266 1450 2311 uovisse,
1496 2266 1661 2314 quamvis
1690 2265 1744 2302 vi-

1078 2326 1151 2358 tam
1186 2323 1273 2358 satis
1303 2321 1433 2358 cultam
1464 2321 1612 2370 degisse
1639 2322 1742 2359 vide-

1076 2382 1193 2414 antur.

1135 2433 1171 2472 εἰ
1200 2429 1254 2484 μή
1283 2453 1340 2462 --
1368 2427 1645 2484 ἀνέφερον]
1684 2432 1740 2470 lta

1076 2490 1242 2527 meliores
1278 2490 1378 2536 libri,
1429 2501 1522 2537 quos
1561 2502 1641 2526 cum
1682 2501 1741 2526 re-

1077 2551 1188 2584 centt.
1210 2546 1292 2584 edd.
1312 2551 1458 2582 secutus
1477 2557 1567 2582 sum.
1605 2544 1737 2582 Matth.

1077 2603 1225 2639 retinuit
1247 2597 1473 2651 ἅνὲφυρον,
1508 2606 1549 2637 ut
1577 2601 1660 2637 olim
1688 2601 1739 2638 le-

1078 2660 1245 2708 gebatur.
1299 2658 1365 2694 Est
1381 2659 1476 2695 enim
1497 2657 1553 2694 hic
1571 2659 1648 2694 scre
1670 2657 1738 2694 loci

1077 2727 1225 2753 sensus:
1272 2713 1436 2763 Namque
1464 2713 1591 2750 Persas
1616 2727 1657 2750 ne
1687 2717 1739 2750 tot

1077 2771 1211 2821 quidem
1241 2784 1347 2807 annos
1379 2773 1494 2807 vivere
1519 2783 1620 2820 posse
1644 2770 1738 2808 ‹lice-

1076 2828 1135 2863 bat
1164 2828 1236 2864 uisi
1262 2830 1338 2864 υιίιί
1352 2831 1437 2876 potu
1466 2840 1501 2864 se
1529 2831 1736 2874 recrearent,

1078 2888 1268 2921 monstrans
1296 2884 1428 2921 scilicet
1458 2883 1737 2936 Iclatluyoplmgis
