1863 3256
459 127 1147 169 MELPOMENE.1V.

420 239 669 256 .....

138 462 158 494 9
173 455 343 509 οὔνομα
363 452 656 509 Παντικάπης.

109 630 164 666 hic
191 627 402 665 consedisse
424 626 596 663 admixtis
617 624 770 662 Graecis

107 684 256 722 colonis.
309 683 408 727 Quin
431 683 467 719 in
488 682 619 719 Olbiae
652 681 771 718 numis

107 753 225 791 nuper
250 740 407 789 repertis
432 744 542 790 caput
566 740 772 776 invenimus

108 796 247 835 Matris
267 796 493 847 Plerygicae,
523 808 692 833 muracea
711 808 773 831 co-

107 855 199 891 rona
220 855 390 892 cinctum.
448 853 577 902 ltaque
600 853 697 889 haud
717 852 772 888 in-

107 911 201 947 iuria
232 910 380 961 Cybelen
415 910 472 947 hie
509 909 662 958 intelligi
696 907 773 945 vult

108 968 307 1006 Reiehard.
348 982 383 1018 p.
406 967 471 1007 45.
524 968 659 1004 Ritter.
680 965 773 1001 Vor-

109 1024 203 1062 halle
227 1039 263 1075 p.
287 1027 351 1065 57.
375 1025 476 1069 177,
514 1024 575 1072 qui
596 1028 632 1060 et
655 1023 733 1072 ipse
752 1035 773 1058 a

108 1081 265 1119 lectione
294 1077 464 1131 ,Μητρός
493 1081 665 1117 standum
688 1092 774 1116 cen-

111 1144 187 1185 set,
214 1150 282 1188 pro
300 1140 411 1174 totius
435 1137 555 1187 operis
579 1137 633 1173 sui
655 1136 777 1172 consi-

109 1195 157 1232 lio
200 1207 243 1231 ac
271 1195 414 1231 ratione
451 1193 499 1230 de
529 1193 656 1230 Indica
691 1192 776 1237 dea,

110 1251 270 1288 omnium
291 1251 328 1287 in
348 1255 480 1287 natura
500 1262 618 1287 rerum
643 1260 777 1299 paren-

109 1314 147 1345 te
167 1308 341 1356 lndisque
364 1320 386 1344 a
403 1306 541 1344 colonis
560 1306 608 1343 ad
631 1305 695 1342 has
717 1318 778 1342 re-

110 1365 240 1414 giones
262 1365 428 1411 advecta,
449 1363 612 1412 cogitare
629 1361 777 1401 mavult.

111 1443 164 1449 —
197 1421 238 1458 In
278 1433 383 1470 seqq.
427 1420 557 1470 reliqui
596 1418 679 1459 ἐπὶ
720 1420 777 1486 τῷ

107 1473 271 1525 ““Τπάνι,
302 1479 364 1515 ubi
381 1477 475 1515 male
495 1476 658 1514 nonnulli
683 1472 777 1515 υπὸ

110 1537 164 1573 τῶ
194 1530 352 1573 Τπανι.
400 1535 459 1571 Cf.
484 1534 560 1581 IV,
598 1534 660 1574 18.
719 1532 778 1570 De

111 1592 382 1642 Borysthenitis
411 1591 485 1628 vid.
514 1591 605 1628 ibid.
632 1589 699 1628 Cr.
730 1590 778 1626 ad

111 1705 313 1743 madverss.
344 1706 380 1742 in
400 1706 537 1754 Hymn.
562 1705 715 1741 Homer.
740 1717 776 1754 p.

115 1765 218 1807 1lO‚
257 1763 305 1799 ad
338 1763 476 1812 Hymn.
513 1762 549 1798 in
574 1761 695 1811 Apoll.
725 1773 776 1796 vs.

115 1820 178 1859 18.
215 1819 421 1857 Rambach.
452 1818 511 1855 De
528 1818 658 1855 Mileto
682 1818 776 1855 eius-

111 1889 183 1924 que
203 1875 321 1912 colon.
345 1889 380 1926 Ρ.
402 1876 454 1917 56
475 1888 554 1924 seq.
572 1879 610 1911 et
629 1874 776 1912 Raoul—

111 1932 294 1970 Rochette
316 1933 479 1970 Histoire
512 1934 560 1969 de
590 1932 744 1969 l'etablis
748 1944 776 1968 s.

113 1990 148 2026 d.
178 1989 246 2026 col.
268 1989 404 2039 Grecq.
430 1989 477 2026 [ΙΙ
509 2003 544 2039 Ρ.
567 1989 649 2030 315
673 2002 776 2038 seqq.

167 2048 292 2084 ταῦτα
325 2044 397 2097 μὲν
429 2043 476 2084 τοὶ
508 2042 587 2084 α’πὸ
623 2060 777 2085 τουτων

111 2104 193 2141 τῶν
218 2102 426 2155 ποταμῶν]
465 2103 503 2140 In
530 2103 631 2141 hisce
656 2103 778 2141 verbis

113 2155 208 2206 ἀπὸ,
239 2165 413 2198 monente
431 2160 659 2209 Schweigh.,
680 2161 778 2198 idem

112 2216 208 2254 valet
226 2229 268 2254 ac
286 2218 316 2254 si
337 2218 488 2254 dixisset
507 2213 554 2255 τοέ
574 2217 665 2267 περὶ
686 2212 779 2255 τού-

113 2288 206 2320 τους
237 2271 333 2320 τοῦς
364 2268 593 2324 ποταμούς,
643 2280 683 2311 ut
715 2274 777 2322 Ν,

117 2330 196 2371 195
216 2330 295 2368 coll.
315 2331 395 2378 Vll,
420 2331 513 2373 195.
541 2352 598 2358 —-
625 2327 779 2370 τούτων

116 2391 152 2422 et
176 2387 343 2425 hocloco
367 2393 405 2426 et
426 2387 537 2439 paulo
560 2392 670 2426 antea
700 2402 779 2426 cum

116 2442 234 2482 Gaisf.
257 2446 402 2496 reposui
421 2459 489 2496 pro
510 2444 693 2485 τουτέων.

324 2502 435 2553 Cap.
467 2501 564 2539 LIV.

173 2554 349 2605 πέμπτος
368 2556 543 2610 ποταμὸς
560 2556 695 2611 ἄλλος]
711 2558 781 2600 ἅλ-

116 2616 183 2658 tog
204 2615 361 2651 numeris
383 2617 435 2653 sic
458 2617 622 2665 iungitur
641 2617 670 2665 l,
690 2621 782 2660 197.

116 2670 236 2707 Affert
272 2669 443 2709 Larcher.
476 2672 645 2724 Aeschyl.
675 2676 714 2712 S.
751 2689 780 2713 c.

119 2726 192 2763 Th.
211 2724 305 2766 488.
327 2727 502 2778 Sophocl.
518 2728 644 2781 Antig.
662 2731 780 2774 1304.

117 2782 245 2834 Eurip.
267 2783 395 2835 Suppl.
417 2787 510 2826 871.

111 1649 148 1687 h.
168 1648 189 1686 l.
219 1649 375 1686 conferri
397 1648 473 1685 vult
491 1647 671 1685 Matthiae
690 1646 780 1684 Ani-

1359 135 1442 174 393

168 315 401 369 ΐοίκηνῖαι-
461 315 596 355 ταῦτα
627 327 706 366 μὲν
735 328 787 353 τα
806 308 892 353 ἄπο
917 307 1089 352 τούτων
1109 311 1199 350 τῶν
1220 324 1442 363 ποταμῶν.

886 626 944 678 τῷ
997 623 1155 675 οὕνομα
1208 621 1497 677 Παντικάπης]

830 681 1015 720 Observat
1046 684 1181 720 Struve
1207 684 1317 734 Spec.
1343 684 1496 727 Quaest.

830 738 919 775 Her.
944 740 959 776 1
994 752 1079 790 pag.
1102 742 1154 781 20
1189 740 1225 777 in
1254 740 1317 777 tali
1344 740 1498 778 formula

829 795 1044 845 plerumque
1077 798 1195 833 omitti
1216 797 1365 834 verbum
1393 797 1498 846 ἐστι’,·

830 853 1083 902 imperfectum
1102 847 1155 903 ἦν
1172 854 1330 892 minime.
1363 855 1422 891 Cf.
1433 855 1498 899 IV,

834 911 925 950 178.
959 910 1005 954 V,
1030 912 1084 951 52
1107 916 1176 948 etc.
1219 912 1340 961 Supra
1359 911 1421 959 lv,
1445 913 1498 952 18

831 967 999 1003 additum
1021 968 1225 1004 invenimus
1245 971 1381 1006 κεῖται.
1441 967 1499 1006 De

832 1023 914 1073 ipso
937 1024 1047 1060 fluvio
1070 1026 1164 1061 conf.
1187 1024 1285 1061 Mela
1304 1025 1349 1071 ll,
1386 1028 1421 1072 1,
1443 1024 1498 1066 49

833 1078 1117 1130 (‚‚Panticapes
1151 1079 1338 1117 Nomadas
1377 1082 1499 1119 Geor-

833 1149 975 1185 gosque
1017 1136 1354 1187 disterminans“).
1405 1138 1500 1175 Plin.

833 1193 882 1229 H.
905 1192 952 1230 N.
976 1194 1048 1239 IV,
1079 1196 1130 1234 12
1151 1196 1260 1242 (26).
1309 1193 1503 1232 samaram

834 1250 1005 1296 fluvium,
1045 1263 1153 1299 quem
1184 1250 1384 1288 arbitratus
1423 1256 1504 1289 erat

834 1306 1023 1354 Bayerus‚
1063 1307 1200 1344 nullum
1246 1309 1394 1344 omnino
1433 1322 1502 1346 un-

835 1376 944 1412 quam
979 1364 1091 1402 fuisse
1119 1365 1268 1401 fluvium
1296 1370 1422 1402 auctor
1446 1370 1503 1403 est

835 1419 991 1457 Danvill.
1032 1422 1164 1467 (Mem.
1196 1423 1245 1459 de
1266 1421 1355 1459 l'Ac.
1379 1423 1415 1459 d.
1440 1423 1502 1459 In-

835 1489 902 1514 scr.
921 1478 1061 1514 XXXV
1080 1491 1165 1528 pag.
1180 1480 1294 1527 579),
1316 1492 1424 1528 quem
1445 1492 1504 1517 se-

835 1535 961 1583 quitur
987 1534 1172 1572 Mannert.
1197 1535 1247 1573 1V
1277 1550 1312 1586 Ρ.
1336 1538 1389 1576 76
1410 1549 1504 1586 seq.,

835 1604 915 1628 curn
941 1592 1094 1628 Samara
1125 1592 1240 1629 multo
1267 1594 1432 1643 superius
1456 1594 1504 1629 ad

836 1649 1125 1698 septentrionem
1161 1650 1197 1685 in
1231 1649 1504 1698 Borysthenem

835 1705 978 1742 influat.
1024 1706 1066 1742 In
1101 1720 1174 1755 quo
1203 1705 1409 1744 Larcherus
1438 1707 1506 1744 ob-

834 1760 1009 1811 loquitur,
1040 1763 1076 1799 in
1097 1776 1204 1800 cursu
1222 1764 1321 1800 fluvii
1340 1764 1506 1802 indican-

835 1819 884 1855 do
904 1823 1047 1857 veteres
1068 1819 1141 1856 labi
1161 1821 1326 1870 potuisse
1348 1821 1504 1871 scripto—

834 1888 892 1913 res
920 1877 1086 1925 quamvis
1109 1878 1327 1915 concedens.
1362 1878 1503 1921 Quam-

835 1933 960 1970 obrem
978 1933 1135 1971 Rennel.
1166 1947 1201 1984 p.
1223 1934 1305 1974 407
1331 1935 1503 1972 Pantica-

834 2002 906 2040 pen
927 2003 995 2040 pro
1016 2003 1089 2027 uno
1119 1991 1280 2040 quodam
1301 1992 1503 2040 Borysthe-

835 2047 892 2084 nis
906 2047 1055 2084 brachio
1070 2047 1204 2094 habet3
1225 2061 1334 2097 quem
1354 2049 1502 2086 fluvium

837 2104 1081 2141 Cosaccorum
1106 2104 1325 2154 (Koclcasoff
1342 2119 1371 2143 s.
1385 2105 1504 2142 Kons-

837 2160 998 2211 cawodo)
1026 2175 1123 2199 nunc
1146 2163 1239 2209 dici,
1280 2163 1503 2211 Borystheni

836 2230 949 2268 supra
968 2219 1215 2256 catarrhactas
1238 2233 1277 2257 se
1296 2221 1505 2257 admiscen-

838 2279 936 2321 tem,
974 2277 1219 2314 contenderat
1254 2276 1313 2314 De
1347 2277 1503 2315 Brosses

839 2331 971 2380 (Mem.
985 2333 1032 2370 de
1044 2332 1181 2370 l’Acad.
1199 2334 1235 2370 d.
1246 2334 1354 2371 lnscr.
1363 2333 1505 2371 XXXV

838 2403 874 2440 p.
899 2390 1014 2437 526).
1045 2389 1136 2427 Post
1156 2390 1341 2428 Gatterer.
1362 2391 1505 2439 (Thra-

839 2447 919 2484 cien
946 2447 1038 2484 nach
1060 2446 1202 2485 Herod.
1236 2448 1313 2485 und
1333 2448 1505 2498 Thucyd.

838 2516 924 2554 pag.
959 2505 1051 2552 19).
1102 2505 1297 2542 Reichard.
1328 2517 1415 2556 pag.
1449 2504 1504 2546 48

839 2562 990 2598 fluvium
1035 2560 1218 2609 Konslcoje
1255 2562 1312 2599 hic
1353 2561 1505 2609 intelligi

838 2622 966 2668 putat,
1005 2618 1167 2656 Heeren.
1201 2618 1344 2665 (Ideen
1365 2618 1394 2665 ἶ,
1418 2621 1444 2659 2
1464 2630 1502 2667 p.

839 2674 943 2723 257)
973 2688 1082 2712 unum
1113 2689 1158 2713 ex
1186 2676 1228 2712 iis
1257 2675 1399 2720 fluviis,
1440 2673 1504 2722 qui

839 2733 958 2781 magis
981 2733 1169 2770 meridiem
1190 2743 1316 2768 versus
1337 2743 1417 2767 cum
1428 2730 1504 2766 Bo-

841 2789 1014 2837 rysthene
1036 2789 1257 2838 iungantur,
1300 2787 1376 2825 sive
1397 2785 1506 2835 Sala,

279 382 406 426 Meta
437 383 483 426 δὲ
513 382 701 434 τούτους
738 382 932 438 πέμπτος
960 379 1156 435 ποταμός
1185 379 1337 431 ἄλλος,
1383 397 1443 436 τῳ
1504 379 1638 447 0¹0¹
1642 382 1737 449 ‘¹2:¹²'
1732 384 1779 444 ‘die

719 451 805 506 ῥέει
836 451 881 495 δὲ
911 451 984 494 καὶ
1015 446 1147 502 οὗτος
1179 448 1264 494 ἀπο
1293 450 1470 506 βορέωό
1501 445 1596 506 ᾖξ’]
1582 480 1662 508 Ge„
1629 450 1780 516 “gazi
