1863 3256
258 702 355 746 118

84 764 276 801 lntaphernis
313 774 361 793 re-

107 799 265 838 mit-adire
292 808 360 835 pro-

87 833 360 901 „{{2⁶‡22ps¹⁵¹e¹}¹2¹f¹5,
389 835 664 879 Ξάποθανεῖν
694 831 850 877 αὐτίκα
879 831 984 888 μετὰ
1014 832 1094 889 τήν
1124 832 1426 876 ἐπανάστασιν.

86 899 154 926 dele
188 901 217 926 in
253 901 361 927 ianm·-

89 941 148 959 rmn
197 937 227 960 et
266 935 359 961 inter-

87 966 233 994 nuntium.

415 234 500 272 214

819 229 1295 269 HERODOTI

416 339 551 384 πύλαι
590 340 922 397 ἀποκληΐονται,
963 338 1093 387 ἄλλας
1135 335 1178 380 δ’
1217 336 1454 380 ἐντέλλεται
1492 334 1685 392 ἀνοίγειν

387 411 588 456 9ὀίλλοισι
622 417 737 455 τοῖσι
769 409 1010 466 δεομένοισι
1049 406 1234 462 μάλιστα
1265 413 1353 451 τῶν
1384 411 1565 450 λοιπῶν.
1624 404 1683 457 ὥς

414 484 462 527 δὲ
503 482 585 538 ἐγώ
625 481 725 526 οἴδα
769 480 983 530 οἰκούσας,
1027 477 1224 534 χρήματα
1253 478 1418 533 μεγάλα
1447 476 1741 534 πρησσόμε-95

412 571 489 604 νος
518 553 702 610 ἀνοίγει,
743 551 876 605 πάρεξ
905 553 985 592 τοῦ
1018 548 1177 604 φόρου.
1235 553 1373 593 ταῦτα
1403 550 1483 605 μὲν
1513 549 1565 605 δὴ
1601 549 1685 604 ἔχει

414 623 543 668 οὕτω.

530 697 628 737 Τῶν
658 692 703 735 δὲ
733 695 795 750 τῷ
825 689 969 747 Μάγῳ
1000 689 1335 734 ἐπαναστάντων
1368 690 1472 735 έπτά
1499 691 1687 746 ἀνδρῶν,

417 766 494 810 ἕνα
532 763 677 808 αὐτῶν
717 761 994 818 Ἰνταφέρνεα
1030 762 1259 817 κατέλαβε,
1301 761 1542 818 ὑβρίσαντα
1572 762 1686 815 τάδε,

1486 835 1611 889 ἤθελε
1643 834 1687 885 ἐς

415 907 469 949 τὰ
495 904 700 961 βασιλήϊα
729 903 919 947 ἐσελθὼν
948 905 1297 958 χρηματίσασθαι
1317 908 1377 959 τῷ
1399 906 1584 959 βασιλέϊ·
1614 906 1687 948 καὶ

415 976 499 1032 γάρ
529 975 581 1031 δή
611 976 683 1019 καὶ
714 975 737 1018 ὁ
767 975 903 1030 νόμος
933 973 1046 1016 οὕτω
1078 971 1160 1028 εἶχε
1189 979 1302 1016 τοῖσι
1331 974 1595 1018 ἐπαναστᾶσι
1623 980 1714 1032 τῷῑ

418 1046 587 1106 Μάγῳ,
627 1045 784 1090 ἔσοδον
826 1043 937 1089 εἶναι
978 1044 1096 1099 παρὰ
1134 1045 1315 1099 βασιλέα
1354 1044 1458 1088 ἄνευ
1489 1044 1689 1101 ἀγγέλου,

418 1117 474 1173 ἦν
524 1116 583 1173 μὴ
631 1116 808 1172 γυναικὶ
850 1115 1042 1173 τυγχάνῃ
1091 1114 1352 1171 μισγόμενος
1399 1115 1423 1159 ὁ
1473 1117 1689 1172 βασιλεύς.

390 1186 572 1232 δοῦκων
606 1187 658 1243 δὴ
685 1185 960 1244 Ἰνταφέρνης
991 1188 1178 1231 ἐδικαίευ
1216 1184 1376 1230 οὐδένα
1408 1189 1450 1230 οἱ
1489 1188 1717 1244 έσαγγεῖ-5

418 1264 511 1302 λαι·
550 1256 668 1310 ἀλλ’,
709 1257 776 1301 ὅτι
812 1260 867 1313 ἦν
905 1263 995 1301 τῶν
1033 1257 1158 1309 ἑπτά,
1200 1258 1360 1301 ἐσιέναι
1390 1258 1528 1315 ἤθελε.

1588 1258 1691 1303 ὁδε

414 1329 638 1384 πυλουρὸς
668 1330 740 1372 καὶ
769 1328 792 1373 ὁ
825 1327 1145 1385 ἀγγελιηφόρος
1176 1327 1230 1371 οὐ
1259 1329 1520 1384 περιώρεον,
1557 1329 1691 1386 φάμε-

388 1405 493 1446 4νοι
521 1400 600 1445 τὸν
628 1401 808 1456 βασιλέα
836 1400 1012 1456 γυναικὶ
1041 1402 1286 1455 μίσγεσθαι.

1346 1399 1370 1444 ὁ
1404 1401 1450 1444 δὲ
1477 1398 1691 1455 Ἰνταφέρ-

416 1490 523 1529 νης,
569 1471 737 1516 δοκέων
775 1471 912 1528 σφέας
950 1470 1114 1519 ψεύδεα
1145 1471 1306 1525 λέγειν,
1347 1472 1484 1515 ποιέει
1522 1471 1691 1515 τοιάδε·

375 1580 378 1584 .
423 1542 698 1599 σπασάμενος
734 1542 813 1587 τὸν
852 1541 1085 1594 ἀκινάκεα,
1125 1539 1364 1598 ἀποτάμνει
1393 1542 1540 1586 αὐτῶν
1568 1542 1621 1586 τά
1647 1559 1692 1587 τε

365 1724 474 1778 ὕδωρ
508 1728 603 1765 conf.
635 1725 837 1763 Anacreon.
868 1725 976 1771 XIX,
1003 1730 1024 1766 1

365 1785 453 1833 ibiq.
476 1783 637 1821 Fischer.
659 1783 799 1819 Herod.
821 1783 883 1828 IV,
907 1784 997 1823 198.

422 1835 546 1890 πάρεξ
561 1842 634 1878 τοῦ
651 1835 794 1889 φόρου]
827 1839 924 1875 Inter
940 1838 1029 1876 Per-

367 1909 487 1934 sarum
508 1909 635 1945 regum
654 1896 793 1933 reditus
817 1899 962 1945 praeter
971 1908 1030 1931 or-

368 1954 510 1990 dinaria
558 1953 695 1989 tributa
733 1956 898 1989 recenset
941 1951 1029 1988 haec

368 2009 528 2047 Heeren.
552 2009 580 2055 1,
606 2013 621 2049 l
644 2021 730 2058 pag.
744 2008 828 2048 482
847 2008 941 2045 bene
959 2007 1028 2044 anl-

367 2067 494 2112 iicens,
525 2065 680 2113 antiqua
699 2076 816 2112 aeque
840 2076 882 2100 ac
902 2076 1029 2101 recen-

367 2122 450 2158 tiori
472 2126 592 2158 aetate
618 2133 724 2169 reges
757 2120 946 2157 Persarum
974 2120 1030 2167 iis,

369 2191 464 2226 quae
487 2178 534 2214 ad
557 2177 624 2214 soli
643 2176 868 2214 fertilitatem
889 2188 1029 2224 augen-

369 2235 454 2271 dam
485 2235 651 2270 instituta
678 2236 804 2278 erant,
835 2245 919 2269 usos
952 2244 1031 2269 esse

369 2290 417 2326 ad
435 2290 626 2338 vectigalia
643 2289 860 2339 imponenda
874 2289 1033 2325 reditus-

371 2358 443 2394 que
455 2358 540 2382 suos
560 2346 642 2382 hinc
654 2346 855 2393 augendos.
886 2345 946 2382 Tu
958 2345 1030 2381 vid.

371 2402 481 2439 etiam
501 2407 593 2438 nott.
618 2402 664 2438 ad
687 2402 747 2446 ΙΙΙ,
769 2403 833 2440 97.

554 2459 660 2507 Cap.
688 2457 855 2494 CXVIII.

427 2512 633 2564 κατέλαβε]
664 2514 772 2550 Cons.
792 2518 885 2550 nott.
904 2514 951 2550 ad
970 2512 1032 2558 III,

373 2571 437 2612 42.
478 2571 517 2607 ln
540 2583 641 2618 seqq.
663 2569 781 2606 verbis
805 2570 1033 2617 distinguen-

373 2628 430 2663 ‹lis
451 2626 653 2674 Schweigli.
682 2630 719 2662 et
741 2626 858 2662 (laiss.
887 2630 1032 2662 secutus

374 2696 464 2720 sum.
489 2683 597 2719 Conf.
621 2682 684 2727 III,
712 2683 790 2720 119
814 2682 889 2717 init.
940 2681 1031 2718 Ver-

374 2740 460 2776 bum
481 2739 798 2788 χρηματὶζεσθαι,
817 2750 890 2786 quo
911 2737 1032 2774 Hero-

373 2796 483 2832 dotus
507 2796 633 2841 utitur,
647 2793 744 2832 valet
762 2806 880 2842 agere,
901 2795 1035 2829 transi-

373 2864 457 2900 gere
486 2852 534 2889 de
560 2851 679 2901 aliqua
701 2863 750 2888 re.
810 2851 911 2887 citat
933 2850 968 2887 T
971 2850 1034 2886 ho-

1086 1737 1163 1763 mas
1192 1724 1293 1772 Mag.
1321 1737 1356 1773 p.
1379 1726 1484 1771 919,
1514 1725 1577 1762 ubi
1599 1724 1672 1762 vid.
1693 1725 1750 1762 in-

1085 1786 1252 1831 terprett.
1303 1780 1364 1818 Tu
1391 1781 1462 1817 vid.
1487 1782 1570 1828 Vll,
1602 1783 1679 1822 163
1712 1786 1750 1820 et

1085 1851 1181 1888 quae
1205 1836 1312 1874 attuli
1336 1838 1385 1874 ad
1412 1838 1558 1876 etesiae
1581 1838 1750 1886 sragmm.

1086 1908 1171 1945 pag.
1197 1895 1289 1933 173.

1144 1946 1291 1989 οὐδένα
1313 1948 1355 1987 οἵ
1377 1947 1610 2002 ἐσαγγεῖλαι]
1642 1949 1748 1987 Conf.

1087 2007 1150 2053 ΙΙΙ,
1171 2005 1235 2046 84.
1276 2006 1346 2042 Pro
1367 2003 1586 2058 περιώρεον
1611 2006 1750 2055 aliquot

1088 2064 1167 2100 libri
1198 2058 1430 2113 περιώρων,·
1471 2062 1610 2108 nullus,
1649 2063 1751 2112 quod

1087 2119 1231 2163 vellem,
1262 2114 1486 2170 περιόρεον,
1519 2124 1559 2156 ut
1585 2119 1632 2167 ΙΙ,
1657 2121 1748 2159 106.

1092 2176 1182 2216 148.
1210 2177 1301 2221 150,
1337 2176 1434 2212 alibi.

1144 2228 1214 2270 τὸν
1232 2227 1439 2282 ἀκινάκεα]
1471 2232 1534 2269 Sic
1552 2231 1749 2268 vocabatur

1089 2288 1277 2325 Persarum
1298 2288 1452 2337 gladius,
1479 2290 1559 2339 ipso
1578 2292 1749 2325 monente

1087 2345 1281 2381 Herodoto
1320 2345 1407 2390 ΥΙΙ,
1439 2344 1504 2384 54.
1545 2344 1653 2380 Conf.
1686 2344 1749 2390 ΙΙΙ,

1092 2403 1170 2441 128
1199 2400 1360 2448 aliosque
1379 2400 1477 2437 locos
1503 2412 1525 2436 a
1545 2400 1749 2449 Schweigh.

1090 2457 1126 2493 in
1145 2456 1232 2493 Lex.
1257 2457 1396 2493 Herod.
1415 2456 1557 2493 allatos.
1593 2457 1749 2493 Brevem

1089 2513 1200 2549 fuisse
1220 2525 1357 2558 ensem,
1369 2517 1444 2549 tum
1459 2517 1620 2549 veterum
1637 2525 1751 2561 quae-

1090 2570 1174 2605 dum
1188 2569 1394 2605 testimonia
1415 2570 1562 2615 docent,
1576 2574 1649 2605 tum
1664 2569 1752 2606 Per-

1089 2625 1293 2674 sepolitnna
1320 2630 1576 2671 monumenta,
1607 2626 1644 2661 in
1669 2626 1751 2674 qui-

1089 2682 1156 2718 bus
1187 2682 1251 2717 wiri
1285 2682 1430 2718 acinace
1456 2683 1583 2718 armati
1610 2682 1659 2718 ad
1694 2683 1749 2719 fe-

1090 2749 1168 2774 mur
1197 2743 1527 2787 repraesentantur.
1584 2737 1750 2774 Pluribus

1090 2795 1233 2830 monuit
1275 2794 1448 2842 Mongez.
1491 2794 1656 2832 Mdmoir.
1704 2794 1751 2831 de

1092 2849 1233 2886 l’Instit.
1256 2850 1303 2886 lv
1326 2864 1409 2900 pag.
1433 2853 1486 2891 (50
1506 2863 1610 2901 seqq.
