<?xml version="1.0" encoding="UTF-8"?>
<!DOCTYPE html PUBLIC "-//W3C//DTD XHTML 1.0 Transitional//EN"
    "http://www.w3.org/TR/xhtml1/DTD/xhtml1-transitional.dtd">
<html xmlns="http://www.w3.org/1999/xhtml" xml:lang="en" lang="en">
 <head>
  <title>
</title>
<meta http-equiv="Content-Type" content="text/html;charset=utf-8" />
  <meta name='ocr-system' content='tesseract 3.04.00' />
  <meta name='ocr-capabilities' content='ocr_page ocr_carea ocr_par ocr_line ocrx_word'/>
</head>
<body>
  <div class='ocr_page' id='page_1' title='image "./musaeher02hero/musaeher02hero_0109.png"; bbox 0 0 1946 3272; ppageno 0'>
   <div class='ocr_carea' id='block_1_1' title="bbox 2 690 17 915">
    <p class='ocr_par' dir='ltr' id='par_1_1' title="bbox 2 690 17 915">
     <span class='ocr_line' id='line_1_1' title="bbox 5 690 10 753; baseline 0 0"><span class='ocrx_word' id='word_1_1' title='bbox 5 690 10 753; x_wconf 73' lang='lat' dir='ltr'>i</span> 
     </span>
     <span class='ocr_line' id='line_1_2' title="bbox 2 755 17 853; baseline 0.333 0"><span class='ocrx_word' id='word_1_2' title='bbox 2 755 17 853; x_wconf 62' lang='grc' dir='ltr'><em>ἑε</em></span> 
     </span>
     <span class='ocr_line' id='line_1_3' title="bbox 3 864 9 915; baseline 0 0"><span class='ocrx_word' id='word_1_3' title='bbox 3 864 9 915; x_wconf 64' lang='grc' dir='ltr'>ἓ</span> 
     </span>
    </p>
   </div>
   <div class='ocr_carea' id='block_1_2' title="bbox 0 1293 28 2336">
    <p class='ocr_par' dir='ltr' id='par_1_2' title="bbox 0 1293 28 2336">
     <span class='ocr_line' id='line_1_4' title="bbox 0 1293 28 2336; baseline 0 0"><span class='ocrx_word' id='word_1_4' title='bbox 0 1293 28 2336; x_wconf 95' lang='lat' dir='ltr'><em> </em></span> 
     </span>
    </p>
   </div>
   <div class='ocr_carea' id='block_1_3' title="bbox 606 230 1473 274">
    <p class='ocr_par' dir='ltr' id='par_1_3' title="bbox 606 230 1473 274">
     <span class='ocr_line' id='line_1_5' title="bbox 606 230 1473 274; baseline 0.003 -3"><span class='ocrx_word' id='word_1_5' title='bbox 606 230 962 271; x_wconf 88' lang='lat' dir='ltr'><strong>THALIA.</strong></span> <span class='ocrx_word' id='word_1_6' title='bbox 1022 231 1083 267; x_wconf 91' lang='lat'><em>111.</em></span> <span class='ocrx_word' id='word_1_7' title='bbox 1417 238 1473 274; x_wconf 72' lang='lat'><em>99</em></span> 
     </span>
    </p>
   </div>
   <div class='ocr_carea' id='block_1_4' title="bbox 194 337 1531 755">
    <p class='ocr_par' dir='ltr' id='par_1_4' title="bbox 194 337 1531 755">
     <span class='ocr_line' id='line_1_6' title="bbox 203 337 1475 401; baseline -0.008 -10"><span class='ocrx_word' id='word_1_8' title='bbox 203 344 516 401; x_wconf 86' lang='grc' dir='ltr'><em>συνεγενόμην·</em></span> <span class='ocrx_word' id='word_1_9' title='bbox 572 339 713 397; x_wconf 85' lang='grc' dir='ltr'><em>δήμου</em></span> <span class='ocrx_word' id='word_1_10' title='bbox 752 339 838 395; x_wconf 84' lang='grc' dir='ltr'><em>γὰρ</em></span> <span class='ocrx_word' id='word_1_11' title='bbox 883 337 1049 384; x_wconf 85' lang='grc' dir='ltr'><em>τούτου</em></span> <span class='ocrx_word' id='word_1_12' title='bbox 1095 353 1177 396; x_wconf 79' lang='grc' dir='ltr'><em>ην·</em></span> <span class='ocrx_word' id='word_1_13' title='bbox 1233 337 1282 389; x_wconf 81' lang='grc' dir='ltr'><em>ὃς</em></span> <span class='ocrx_word' id='word_1_14' title='bbox 1325 340 1475 391; x_wconf 84' lang='grc' dir='ltr'><em>ξείνων</em></span> 
     </span>
     <span class='ocr_line' id='line_1_7' title="bbox 200 409 1476 469; baseline -0.009 -8"><span class='ocrx_word' id='word_1_15' title='bbox 200 416 378 460; x_wconf 87' lang='grc' dir='ltr'><em>πάντων</em></span> <span class='ocrx_word' id='word_1_16' title='bbox 407 412 593 469; x_wconf 88' lang='grc' dir='ltr'><em>μάλιστα</em></span> <span class='ocrx_word' id='word_1_17' title='bbox 623 411 745 466; x_wconf 81' lang='grc' dir='ltr'><strong><em>ἐτίμα</em></strong></span> <span class='ocrx_word' id='word_1_18' title='bbox 772 427 818 454; x_wconf 88' lang='grc' dir='ltr'><em>τε</em></span> <span class='ocrx_word' id='word_1_19' title='bbox 847 413 1070 467; x_wconf 84' lang='grc' dir='ltr'><strong><em>Σαμίους,</em></strong></span> <span class='ocrx_word' id='word_1_20' title='bbox 1113 409 1187 452; x_wconf 83' lang='grc' dir='ltr'><em>καί</em></span> <span class='ocrx_word' id='word_1_21' title='bbox 1225 410 1270 451; x_wconf 83' lang='grc' dir='ltr'><em>οἱ</em></span> <span class='ocrx_word' id='word_1_22' title='bbox 1298 413 1358 466; x_wconf 76' lang='grc' dir='ltr'><em>τῷ</em></span> <span class='ocrx_word' id='word_1_23' title='bbox 1398 425 1476 451; x_wconf 87' lang='grc' dir='ltr'><em>πα-</em></span> 
     </span>
     <span class='ocr_line' id='line_1_8' title="bbox 200 478 1531 543; baseline -0.008 -12"><span class='ocrx_word' id='word_1_24' title='bbox 200 489 269 543; x_wconf 87' lang='grc' dir='ltr'><em>τρὶ</em></span> <span class='ocrx_word' id='word_1_25' title='bbox 305 487 387 542; x_wconf 75' lang='grc' dir='ltr'><em>ἔφη</em></span> <span class='ocrx_word' id='word_1_26' title='bbox 416 483 591 539; x_wconf 83' lang='grc' dir='ltr'><em>Σάμιον</em></span> <span class='ocrx_word' id='word_1_27' title='bbox 627 482 825 539; x_wconf 78' lang='grc' dir='ltr'><em>τοῦνομα</em></span> <span class='ocrx_word' id='word_1_28' title='bbox 854 486 1061 539; x_wconf 81' lang='grc' dir='ltr'><em>τεθῆναι,</em></span> <span class='ocrx_word' id='word_1_29' title='bbox 1109 480 1175 523; x_wconf 82' lang='grc' dir='ltr'><em>ὅτι</em></span> <span class='ocrx_word' id='word_1_30' title='bbox 1208 481 1251 522; x_wconf 80' lang='grc' dir='ltr'><em>οἱ</em></span> <span class='ocrx_word' id='word_1_31' title='bbox 1280 479 1303 522; x_wconf 94' lang='grc' dir='ltr'>ὁ</span> <span class='ocrx_word' id='word_1_32' title='bbox 1334 478 1531 535; x_wconf 62' lang='grc' dir='ltr'><em>πατήρῖὄ</em></span> 
     </span>
     <span class='ocr_line' id='line_1_9' title="bbox 194 550 1476 613; baseline -0.006 -12"><span class='ocrx_word' id='word_1_33' title='bbox 194 557 360 613; x_wconf 82' lang='grc' dir='ltr'><em>’Λρχίης</em></span> <span class='ocrx_word' id='word_1_34' title='bbox 398 556 444 599; x_wconf 86' lang='grc' dir='ltr'><em>ἐν</em></span> <span class='ocrx_word' id='word_1_35' title='bbox 473 552 611 611; x_wconf 82' lang='grc' dir='ltr'><em>Σάμῳ</em></span> <span class='ocrx_word' id='word_1_36' title='bbox 652 553 912 608; x_wconf 75' lang='grc' dir='ltr'><em>ἀριστεύσας</em></span> <span class='ocrx_word' id='word_1_37' title='bbox 948 551 1210 608; x_wconf 81' lang='grc' dir='ltr'><em>ἐτελεύτησε·</em></span> <span class='ocrx_word' id='word_1_38' title='bbox 1259 553 1390 606; x_wconf 84' lang='grc' dir='ltr'><em>τιμᾶν</em></span> <span class='ocrx_word' id='word_1_39' title='bbox 1430 550 1476 594; x_wconf 77' lang='grc' dir='ltr'><em>δὲ</em></span> 
     </span>
     <span class='ocr_line' id='line_1_10' title="bbox 198 621 1478 683; baseline -0.005 -12"><span class='ocrx_word' id='word_1_40' title='bbox 198 630 397 683; x_wconf 81' lang='grc' dir='ltr'><em>Σαμίους</em></span> <span class='ocrx_word' id='word_1_41' title='bbox 437 626 540 681; x_wconf 75' lang='grc' dir='ltr'><em>ἔφη,</em></span> <span class='ocrx_word' id='word_1_42' title='bbox 585 623 699 668; x_wconf 83' lang='grc' dir='ltr'><em>διότι</em></span> <span class='ocrx_word' id='word_1_43' title='bbox 727 626 922 680; x_wconf 83' lang='grc' dir='ltr'><em>ταφῆναί</em></span> <span class='ocrx_word' id='word_1_44' title='bbox 952 626 995 667; x_wconf 84' lang='grc' dir='ltr'><em>οἱ</em></span> <span class='ocrx_word' id='word_1_45' title='bbox 1027 622 1105 667; x_wconf 87' lang='grc' dir='ltr'><em>τὸν</em></span> <span class='ocrx_word' id='word_1_46' title='bbox 1133 621 1315 665; x_wconf 84' lang='grc' dir='ltr'><em>πάππον</em></span> <span class='ocrx_word' id='word_1_47' title='bbox 1347 623 1478 677; x_wconf 81' lang='grc' dir='ltr'><em>δημο-</em></span> 
     </span>
     <span class='ocr_line' id='line_1_11' title="bbox 198 692 1477 755; baseline -0.005 -13"><span class='ocrx_word' id='word_1_48' title='bbox 198 700 269 755; x_wconf 81' lang='grc' dir='ltr'><em>σίῃ</em></span> <span class='ocrx_word' id='word_1_49' title='bbox 299 696 387 741; x_wconf 80' lang='grc' dir='ltr'><em>ὑπὸ</em></span> <span class='ocrx_word' id='word_1_50' title='bbox 417 697 612 751; x_wconf 85' lang='grc' dir='ltr'><em>Σαμίων.</em></span> <span class='ocrx_word' id='word_1_51' title='bbox 670 694 1012 751; x_wconf 85' lang='grc' dir='ltr'><em>Λακεδαιμόνιοι</em></span> <span class='ocrx_word' id='word_1_52' title='bbox 1043 693 1109 744; x_wconf 76' lang='grc' dir='ltr'><em>δὲ,</em></span> <span class='ocrx_word' id='word_1_53' title='bbox 1144 692 1202 744; x_wconf 77' lang='grc' dir='ltr'><em>ὥς</em></span> <span class='ocrx_word' id='word_1_54' title='bbox 1232 706 1311 749; x_wconf 85' lang='grc' dir='ltr'><em>σφι</em></span> <span class='ocrx_word' id='word_1_55' title='bbox 1339 704 1477 737; x_wconf 84' lang='grc' dir='ltr'><em>τεσσε-</em></span> 
     </span>
    </p>
   </div>
   <div class='ocr_carea' id='block_1_5' title="bbox 198 763 1501 825">
    <p class='ocr_par' dir='ltr' id='par_1_5' title="bbox 198 763 1501 825">
     <span class='ocr_line' id='line_1_12' title="bbox 198 763 1501 825; baseline -0.005 -12"><span class='ocrx_word' id='word_1_56' title='bbox 198 769 391 825; x_wconf 88' lang='grc' dir='ltr'><em>ράκοντα</em></span> <span class='ocrx_word' id='word_1_57' title='bbox 442 767 697 823; x_wconf 80' lang='grc' dir='ltr'><em>ἐγεγόνεσαν</em></span> <span class='ocrx_word' id='word_1_58' title='bbox 744 766 903 824; x_wconf 79' lang='grc' dir='ltr'><em>ἡμέραι</em></span> <span class='ocrx_word' id='word_1_59' title='bbox 951 764 1263 820; x_wconf 80' lang='grc' dir='ltr'><em>πολιορκέουσι</em></span> <span class='ocrx_word' id='word_1_60' title='bbox 1300 763 1501 820; x_wconf 82' lang='grc' dir='ltr'><em>Σάμον,3</em></span> 
     </span>
    </p>
   </div>
   <div class='ocr_carea' id='block_1_6' title="bbox 168 835 1479 1039">
    <p class='ocr_par' dir='ltr' id='par_1_6' title="bbox 168 835 1479 1039">
     <span class='ocr_line' id='line_1_13' title="bbox 199 835 1479 894; baseline -0.006 -8"><span class='ocrx_word' id='word_1_61' title='bbox 199 842 240 893; x_wconf 92' lang='grc' dir='ltr'><em>ἐς</em></span> <span class='ocrx_word' id='word_1_62' title='bbox 268 842 317 885; x_wconf 88' lang='grc' dir='ltr'><em>τὸ</em></span> <span class='ocrx_word' id='word_1_63' title='bbox 349 837 499 894; x_wconf 88' lang='grc' dir='ltr'><em>πρόσω</em></span> <span class='ocrx_word' id='word_1_64' title='bbox 530 855 574 882; x_wconf 90' lang='grc' dir='ltr'><em>τε</em></span> <span class='ocrx_word' id='word_1_65' title='bbox 605 837 736 882; x_wconf 77' lang='grc' dir='ltr'><em>οὐδὲν</em></span> <span class='ocrx_word' id='word_1_66' title='bbox 767 838 1057 893; x_wconf 83' lang='grc' dir='ltr'><em>προεκόπτετο</em></span> <span class='ocrx_word' id='word_1_67' title='bbox 1087 840 1177 879; x_wconf 80' lang='grc' dir='ltr'><em>τῶν</em></span> <span class='ocrx_word' id='word_1_68' title='bbox 1199 835 1479 892; x_wconf 80' lang='grc' dir='ltr'><em>πρηγμάτων,</em></span> 
     </span>
     <span class='ocr_line' id='line_1_14' title="bbox 168 906 1477 968; baseline -0.001 -16"><span class='ocrx_word' id='word_1_69' title='bbox 168 909 537 954; x_wconf 74' lang='grc' dir='ltr'><em>Ξοῖπαλλάσσοντο</em></span> <span class='ocrx_word' id='word_1_70' title='bbox 575 911 619 962; x_wconf 84' lang='grc' dir='ltr'><em>ἐς</em></span> <span class='ocrx_word' id='word_1_71' title='bbox 658 910 1014 968; x_wconf 83' lang='grc' dir='ltr'><em>Πελοπόννησον.</em></span> <span class='ocrx_word' id='word_1_72' title='bbox 1073 906 1131 960; x_wconf 77' lang='grc' dir='ltr'><em>ὦς</em></span> <span class='ocrx_word' id='word_1_73' title='bbox 1161 908 1207 951; x_wconf 78' lang='grc' dir='ltr'><em>δὲ</em></span> <span class='ocrx_word' id='word_1_74' title='bbox 1245 908 1268 951; x_wconf 89' lang='grc' dir='ltr'><strong><em>ὁ</em></strong></span> <span class='ocrx_word' id='word_1_75' title='bbox 1299 907 1477 965; x_wconf 88' lang='grc' dir='ltr'><em>ματαιό-</em></span> 
     </span>
     <span class='ocr_line' id='line_1_15' title="bbox 197 978 1478 1039; baseline -0.002 -14"><span class='ocrx_word' id='word_1_76' title='bbox 197 999 321 1037; x_wconf 81' lang='grc' dir='ltr'><em>τερος</em></span> <span class='ocrx_word' id='word_1_77' title='bbox 359 981 490 1038; x_wconf 83' lang='grc' dir='ltr'><em>λόγος</em></span> <span class='ocrx_word' id='word_1_78' title='bbox 529 981 747 1039; x_wconf 74' lang='grc' dir='ltr'><em>ὥρμηται,</em></span> <span class='ocrx_word' id='word_1_79' title='bbox 788 982 954 1039; x_wconf 81' lang='grc' dir='ltr'><em>λέγεται</em></span> <span class='ocrx_word' id='word_1_80' title='bbox 994 978 1283 1035; x_wconf 85' lang='grc' dir='ltr'><em>Πολυκράτεα</em></span> <span class='ocrx_word' id='word_1_81' title='bbox 1321 978 1478 1036; x_wconf 79' lang='grc' dir='ltr'><em>ἐπιχώ-</em></span> 
     </span>
    </p>
   </div>
   <div class='ocr_carea' id='block_1_7' title="bbox 145 1099 301 1104">
    <p class='ocr_par' dir='ltr' id='par_1_7' title="bbox 145 1099 301 1104">
     <span class='ocr_line' id='line_1_16' title="bbox 145 1099 301 1104; baseline 0 0"><span class='ocrx_word' id='word_1_82' title='bbox 145 1099 301 1104; x_wconf 95' lang='lat' dir='ltr'><em> </em></span> 
     </span>
    </p>
   </div>
   <div class='ocr_carea' id='block_1_8' title="bbox 140 1177 810 2925">
    <p class='ocr_par' dir='ltr' id='par_1_8' title="bbox 140 1177 808 1568">
     <span class='ocr_line' id='line_1_17' title="bbox 141 1177 808 1229; baseline 0.003 -15"><span class='ocrx_word' id='word_1_83' title='bbox 141 1177 191 1214; x_wconf 83' lang='lat' dir='ltr'><em>cis</em></span> <span class='ocrx_word' id='word_1_84' title='bbox 212 1177 343 1221; x_wconf 83' lang='lat' dir='ltr'>fuisse,</span> <span class='ocrx_word' id='word_1_85' title='bbox 375 1179 505 1227; x_wconf 87' lang='lat' dir='ltr'><strong>quibus</strong></span> <span class='ocrx_word' id='word_1_86' title='bbox 527 1180 685 1229; x_wconf 81' lang='lat' dir='ltr'>Spartae</span> <span class='ocrx_word' id='word_1_87' title='bbox 708 1180 808 1226; x_wconf 88' lang='lat' dir='ltr'><strong>urbs,</strong></span> 
     </span>
     <span class='ocr_line' id='line_1_18' title="bbox 140 1233 806 1283; baseline 0.005 -14"><span class='ocrx_word' id='word_1_88' title='bbox 140 1238 289 1270; x_wconf 83' lang='lat' dir='ltr'><em>auctore</em></span> <span class='ocrx_word' id='word_1_89' title='bbox 320 1233 562 1283; x_wconf 73' lang='lat' dir='ltr'>Thucydide,</span> <span class='ocrx_word' id='word_1_90' title='bbox 599 1237 806 1272; x_wconf 76' lang='lat' dir='ltr'><strong>constabat.</strong></span> 
     </span>
     <span class='ocr_line' id='line_1_19' title="bbox 141 1289 805 1342; baseline 0.002 -15"><span class='ocrx_word' id='word_1_91' title='bbox 141 1289 238 1327; x_wconf 84' lang='lat' dir='ltr'><em>Nam</em></span> <span class='ocrx_word' id='word_1_92' title='bbox 266 1290 327 1327; x_wconf 81' lang='lat' dir='ltr'>ille</span> <span class='ocrx_word' id='word_1_93' title='bbox 357 1292 507 1328; x_wconf 83' lang='lat' dir='ltr'>Archias</span> <span class='ocrx_word' id='word_1_94' title='bbox 536 1293 699 1342; x_wconf 82' lang='lat' dir='ltr'><em>profecto</em></span> <span class='ocrx_word' id='word_1_95' title='bbox 731 1305 805 1328; x_wconf 89' lang='lat' dir='ltr'><em>non</em></span> 
     </span>
     <span class='ocr_line' id='line_1_20' title="bbox 140 1346 806 1400; baseline 0.003 -16"><span class='ocrx_word' id='word_1_96' title='bbox 140 1346 344 1396; x_wconf 82' lang='grc' dir='ltr'><em>περίοικος</em></span> <span class='ocrx_word' id='word_1_97' title='bbox 383 1348 471 1395; x_wconf 67' lang='lat' dir='ltr'><em>suit²</em></span> <span class='ocrx_word' id='word_1_98' title='bbox 510 1350 576 1386; x_wconf 79' lang='lat' dir='ltr'>sed</span> <span class='ocrx_word' id='word_1_99' title='bbox 602 1350 806 1400; x_wconf 80' lang='lat' dir='ltr'><em>Spartanus</em></span> 
     </span>
     <span class='ocr_line' id='line_1_21' title="bbox 142 1403 806 1455; baseline 0.005 -16"><span class='ocrx_word' id='word_1_100' title='bbox 142 1403 273 1449; x_wconf 86' lang='lat' dir='ltr'><strong>homo,</strong></span> <span class='ocrx_word' id='word_1_101' title='bbox 304 1403 382 1453; x_wconf 83' lang='lat' dir='ltr'>ipsa</span> <span class='ocrx_word' id='word_1_102' title='bbox 401 1405 538 1455; x_wconf 80' lang='lat' dir='ltr'>Sparta</span> <span class='ocrx_word' id='word_1_103' title='bbox 556 1407 743 1452; x_wconf 82' lang='lat' dir='ltr'><em>oriundus,</em></span> <span class='ocrx_word' id='word_1_104' title='bbox 766 1411 806 1443; x_wconf 86' lang='lat' dir='ltr'><em>ut</em></span> 
     </span>
     <span class='ocr_line' id='line_1_22' title="bbox 141 1460 808 1501; baseline 0.007 -5"><span class='ocrx_word' id='word_1_105' title='bbox 141 1460 218 1497; x_wconf 90' lang='lat' dir='ltr'>iure</span> <span class='ocrx_word' id='word_1_106' title='bbox 246 1462 440 1498; x_wconf 82' lang='lat' dir='ltr'><strong>contendit</strong></span> <span class='ocrx_word' id='word_1_107' title='bbox 471 1463 513 1498; x_wconf 91' lang='lat' dir='ltr'><em>C.</em></span> <span class='ocrx_word' id='word_1_108' title='bbox 538 1462 582 1499; x_wconf 94' lang='grc' dir='ltr'><em>Ο.</em></span> <span class='ocrx_word' id='word_1_109' title='bbox 606 1464 741 1501; x_wconf 84' lang='lat' dir='ltr'>Miiller</span> <span class='ocrx_word' id='word_1_110' title='bbox 769 1464 808 1500; x_wconf 90' lang='lat' dir='ltr'><em>in</em></span> 
     </span>
     <span class='ocr_line' id='line_1_23' title="bbox 141 1516 554 1568; baseline 0 -14"><span class='ocrx_word' id='word_1_111' title='bbox 141 1516 270 1554; x_wconf 85' lang='lat' dir='ltr'>Dorer.</span> <span class='ocrx_word' id='word_1_112' title='bbox 291 1517 320 1554; x_wconf 91' lang='grc' dir='ltr'><em>ΙΙ</em></span> <span class='ocrx_word' id='word_1_113' title='bbox 344 1531 378 1568; x_wconf 90' lang='lat' dir='ltr'><em>p.</em></span> <span class='ocrx_word' id='word_1_114' title='bbox 400 1521 454 1559; x_wconf 82' lang='lat'><em>50</em></span> <span class='ocrx_word' id='word_1_115' title='bbox 478 1531 554 1567; x_wconf 73' lang='lat' dir='ltr'>seq.</span> 
     </span>
    </p>

    <p class='ocr_par' dir='ltr' id='par_1_9' title="bbox 140 1569 810 2125">
     <span class='ocr_line' id='line_1_24' title="bbox 199 1569 807 1628; baseline 0.002 -17"><span class='ocrx_word' id='word_1_116' title='bbox 199 1569 331 1624; x_wconf 76' lang='grc' dir='ltr'><em>δήμου</em></span> <span class='ocrx_word' id='word_1_117' title='bbox 354 1571 429 1627; x_wconf 73' lang='grc' dir='ltr'><em>γάρ</em></span> <span class='ocrx_word' id='word_1_118' title='bbox 448 1572 592 1614; x_wconf 84' lang='grc' dir='ltr'><em>τούτου</em></span> <span class='ocrx_word' id='word_1_119' title='bbox 612 1569 692 1628; x_wconf 76' lang='grc' dir='ltr'><em>ἦν]</em></span> <span class='ocrx_word' id='word_1_120' title='bbox 728 1574 807 1612; x_wconf 89' lang='lat' dir='ltr'>Ali-</span> 
     </span>
     <span class='ocr_line' id='line_1_25' title="bbox 141 1629 809 1682; baseline 0.009 -16"><span class='ocrx_word' id='word_1_121' title='bbox 141 1635 232 1678; x_wconf 89' lang='lat' dir='ltr'><strong>quot</strong></span> <span class='ocrx_word' id='word_1_122' title='bbox 268 1631 348 1668; x_wconf 86' lang='lat' dir='ltr'>libri</span> <span class='ocrx_word' id='word_1_123' title='bbox 385 1645 497 1682; x_wconf 76' lang='lat' dir='ltr'>prave</span> <span class='ocrx_word' id='word_1_124' title='bbox 532 1629 676 1671; x_wconf 81' lang='grc' dir='ltr'><em>τούτου</em></span> <span class='ocrx_word' id='word_1_125' title='bbox 717 1635 809 1672; x_wconf 81' lang='grc' dir='ltr'><em>τοῦ</em></span> 
     </span>
     <span class='ocr_line' id='line_1_26' title="bbox 145 1681 809 1738; baseline 0 -13"><span class='ocrx_word' id='word_1_126' title='bbox 145 1681 216 1737; x_wconf 74' lang='grc' dir='ltr'><em>ἦν,</em></span> <span class='ocrx_word' id='word_1_127' title='bbox 250 1700 342 1737; x_wconf 84' lang='lat' dir='ltr'><strong>quos</strong></span> <span class='ocrx_word' id='word_1_128' title='bbox 369 1689 532 1737; x_wconf 84' lang='lat' dir='ltr'><em>sequitur</em></span> <span class='ocrx_word' id='word_1_129' title='bbox 553 1690 713 1738; x_wconf 80' lang='lat' dir='ltr'>Gregor.</span> <span class='ocrx_word' id='word_1_130' title='bbox 732 1691 809 1727; x_wconf 89' lang='lat' dir='ltr'><em>Co-</em></span> 
     </span>
     <span class='ocr_line' id='line_1_27' title="bbox 141 1743 807 1797; baseline 0.003 -17"><span class='ocrx_word' id='word_1_131' title='bbox 141 1743 249 1780; x_wconf 79' lang='lat' dir='ltr'><em>rinth.</em></span> <span class='ocrx_word' id='word_1_132' title='bbox 281 1744 328 1782; x_wconf 88' lang='lat' dir='ltr'><em>dc</em></span> <span class='ocrx_word' id='word_1_133' title='bbox 349 1744 432 1781; x_wconf 80' lang='lat' dir='ltr'><em>dial.</em></span> <span class='ocrx_word' id='word_1_134' title='bbox 459 1745 534 1781; x_wconf 84' lang='lat' dir='ltr'><em>Ion.</em></span> <span class='ocrx_word' id='word_1_135' title='bbox 557 1744 593 1796; x_wconf 60' lang='grc' dir='ltr'><em>ἓ.</em></span> <span class='ocrx_word' id='word_1_136' title='bbox 616 1750 641 1787; x_wconf 91' lang='grc'><strong>7</strong></span> <span class='ocrx_word' id='word_1_137' title='bbox 664 1760 699 1797; x_wconf 90' lang='lat' dir='ltr'><em>p.</em></span> <span class='ocrx_word' id='word_1_138' title='bbox 723 1747 807 1788; x_wconf 83' lang='grc'><em>385</em></span> 
     </span>
     <span class='ocr_line' id='line_1_28' title="bbox 141 1803 809 1851; baseline 0.003 -14"><span class='ocrx_word' id='word_1_139' title='bbox 141 1813 216 1849; x_wconf 88' lang='lat' dir='ltr'>seq.</span> <span class='ocrx_word' id='word_1_140' title='bbox 231 1830 242 1847; x_wconf 92' lang='lat'>‚</span> <span class='ocrx_word' id='word_1_141' title='bbox 269 1806 439 1851; x_wconf 81' lang='lat' dir='ltr'><em>corrupto</em></span> <span class='ocrx_word' id='word_1_142' title='bbox 457 1815 543 1838; x_wconf 79' lang='lat' dir='ltr'><strong>usus</strong></span> <span class='ocrx_word' id='word_1_143' title='bbox 564 1803 745 1840; x_wconf 82' lang='lat' dir='ltr'><strong>Herodoti</strong></span> <span class='ocrx_word' id='word_1_144' title='bbox 766 1803 809 1839; x_wconf 91' lang='lat' dir='ltr'><em>li-</em></span> 
     </span>
     <span class='ocr_line' id='line_1_29' title="bbox 142 1857 805 1907; baseline 0.005 -13"><span class='ocrx_word' id='word_1_145' title='bbox 142 1857 219 1894; x_wconf 86' lang='lat' dir='ltr'><em>bro.</em></span> <span class='ocrx_word' id='word_1_146' title='bbox 272 1858 331 1894; x_wconf 88' lang='lat' dir='ltr'><em>Ad</em></span> <span class='ocrx_word' id='word_1_147' title='bbox 361 1870 465 1907; x_wconf 83' lang='lat' dir='ltr'><strong>seqq.</strong></span> <span class='ocrx_word' id='word_1_148' title='bbox 498 1861 592 1896; x_wconf 88' lang='lat' dir='ltr'><em>conf.</em></span> <span class='ocrx_word' id='word_1_149' title='bbox 626 1859 805 1897; x_wconf 84' lang='lat' dir='ltr'><strong>Plutarch.</strong></span> 
     </span>
     <span class='ocr_line' id='line_1_30' title="bbox 141 1914 810 1967; baseline 0.006 -17"><span class='ocrx_word' id='word_1_150' title='bbox 141 1914 174 1951; x_wconf 88' lang='grc' dir='ltr'><em>ΙΙ</em></span> <span class='ocrx_word' id='word_1_151' title='bbox 196 1926 232 1964; x_wconf 88' lang='lat' dir='ltr'><em>p.</em></span> <span class='ocrx_word' id='word_1_152' title='bbox 252 1914 335 1956; x_wconf 87' lang='grc'><em>860</em></span> <span class='ocrx_word' id='word_1_153' title='bbox 355 1915 398 1951; x_wconf 89' lang='lat' dir='ltr'><em>C.</em></span> <span class='ocrx_word' id='word_1_154' title='bbox 447 1915 519 1952; x_wconf 89' lang='lat' dir='ltr'><em>Pro</em></span> <span class='ocrx_word' id='word_1_155' title='bbox 545 1914 704 1967; x_wconf 77' lang='grc' dir='ltr'><em>ἐτιμᾶτο</em></span> <span class='ocrx_word' id='word_1_156' title='bbox 730 1916 810 1967; x_wconf 87' lang='lat' dir='ltr'><em>plu-</em></span> 
     </span>
     <span class='ocr_line' id='line_1_31' title="bbox 141 1969 810 2022; baseline 0.003 -14"><span class='ocrx_word' id='word_1_157' title='bbox 141 1983 198 2008; x_wconf 85' lang='lat' dir='ltr'><em>res</em></span> <span class='ocrx_word' id='word_1_158' title='bbox 227 1969 309 2007; x_wconf 83' lang='lat' dir='ltr'>libri</span> <span class='ocrx_word' id='word_1_159' title='bbox 343 1969 465 2022; x_wconf 80' lang='grc' dir='ltr'><em>ἐτίμα</em></span> <span class='ocrx_word' id='word_1_160' title='bbox 495 1986 553 2011; x_wconf 89' lang='grc' dir='ltr'><em>τε.</em></span> <span class='ocrx_word' id='word_1_161' title='bbox 606 1974 667 2010; x_wconf 90' lang='lat' dir='ltr'><em>Ad</em></span> <span class='ocrx_word' id='word_1_162' title='bbox 698 1974 810 2011; x_wconf 81' lang='lat' dir='ltr'>verba</span> 
     </span>
     <span class='ocr_line' id='line_1_32' title="bbox 140 2026 808 2082; baseline 0.001 -17"><span class='ocrx_word' id='word_1_163' title='bbox 140 2027 210 2066; x_wconf 80' lang='grc' dir='ltr'><em>καί</em></span> <span class='ocrx_word' id='word_1_164' title='bbox 250 2026 301 2066; x_wconf 84' lang='grc' dir='ltr'><em>οἵ</em></span> <span class='ocrx_word' id='word_1_165' title='bbox 340 2029 395 2081; x_wconf 79' lang='grc' dir='ltr'><em>τῷ</em></span> <span class='ocrx_word' id='word_1_166' title='bbox 438 2027 559 2082; x_wconf 84' lang='grc' dir='ltr'><em>πατρὶ</em></span> <span class='ocrx_word' id='word_1_167' title='bbox 603 2031 699 2068; x_wconf 90' lang='lat' dir='ltr'><em>conf.</em></span> <span class='ocrx_word' id='word_1_168' title='bbox 742 2030 808 2078; x_wconf 86' lang='grc' dir='ltr'>ΙΙΙ,</span> 
     </span>
     <span class='ocr_line' id='line_1_33' title="bbox 141 2083 284 2125; baseline 0.014 -6"><span class='ocrx_word' id='word_1_169' title='bbox 141 2083 195 2125; x_wconf 83' lang='lat'><em>53</em></span> <span class='ocrx_word' id='word_1_170' title='bbox 221 2083 284 2121; x_wconf 88' lang='lat' dir='ltr'><em>fin.</em></span> 
     </span>
    </p>

    <p class='ocr_par' dir='ltr' id='par_1_10' title="bbox 141 2135 810 2925">
     <span class='ocr_line' id='line_1_34' title="bbox 199 2135 810 2193; baseline 0.005 -14"><span class='ocrx_word' id='word_1_171' title='bbox 199 2135 300 2179; x_wconf 82' lang='grc' dir='ltr'><em>διότι</em></span> <span class='ocrx_word' id='word_1_172' title='bbox 340 2141 522 2193; x_wconf 84' lang='grc' dir='ltr'><em>ταφῆναί</em></span> <span class='ocrx_word' id='word_1_173' title='bbox 564 2142 606 2182; x_wconf 84' lang='grc' dir='ltr'><em>οἷ</em></span> <span class='ocrx_word' id='word_1_174' title='bbox 635 2163 691 2170; x_wconf 89' lang='grc'>-</span> <span class='ocrx_word' id='word_1_175' title='bbox 732 2145 810 2182; x_wconf 89' lang='grc' dir='ltr'><em>Σα-</em></span> 
     </span>
     <span class='ocr_line' id='line_1_35' title="bbox 142 2195 807 2248; baseline 0.002 -12"><span class='ocrx_word' id='word_1_176' title='bbox 142 2195 261 2248; x_wconf 81' lang='grc' dir='ltr'><em>μίων]</em></span> <span class='ocrx_word' id='word_1_177' title='bbox 295 2197 356 2235; x_wconf 90' lang='lat' dir='ltr'><em>Tu</em></span> <span class='ocrx_word' id='word_1_178' title='bbox 377 2199 472 2236; x_wconf 88' lang='lat' dir='ltr'><em>conf.</em></span> <span class='ocrx_word' id='word_1_179' title='bbox 494 2199 628 2237; x_wconf 84' lang='lat' dir='ltr'><em>Matth.</em></span> <span class='ocrx_word' id='word_1_180' title='bbox 648 2201 714 2237; x_wconf 85' lang='lat' dir='ltr'><em>Gr.</em></span> <span class='ocrx_word' id='word_1_181' title='bbox 740 2201 807 2238; x_wconf 91' lang='lat' dir='ltr'><em>Gr.</em></span> 
     </span>
     <span class='ocr_line' id='line_1_36' title="bbox 142 2253 808 2305; baseline -0.003 -9"><span class='ocrx_word' id='word_1_182' title='bbox 142 2253 179 2305; x_wconf 63' lang='grc' dir='ltr'><em>ἓ·</em></span> <span class='ocrx_word' id='word_1_183' title='bbox 199 2256 282 2296; x_wconf 79' lang='grc'><em>538</em></span> <span class='ocrx_word' id='word_1_184' title='bbox 303 2267 387 2304; x_wconf 74' lang='lat' dir='ltr'><em>pag.</em></span> <span class='ocrx_word' id='word_1_185' title='bbox 414 2258 534 2297; x_wconf 85' lang='lat'><strong>1057.</strong></span> <span class='ocrx_word' id='word_1_186' title='bbox 589 2257 699 2301; x_wconf 88' lang='lat' dir='ltr'><em>Quod</em></span> <span class='ocrx_word' id='word_1_187' title='bbox 721 2270 808 2294; x_wconf 84' lang='lat' dir='ltr'>vero</span> 
     </span>
     <span class='ocr_line' id='line_1_37' title="bbox 141 2310 809 2360; baseline 0.004 -12"><span class='ocrx_word' id='word_1_188' title='bbox 141 2310 363 2360; x_wconf 58' lang='lat' dir='ltr'>VVesseling.</span> <span class='ocrx_word' id='word_1_189' title='bbox 406 2312 642 2350; x_wconf 80' lang='lat' dir='ltr'><strong>Eustathium</strong></span> <span class='ocrx_word' id='word_1_190' title='bbox 693 2316 809 2351; x_wconf 79' lang='lat' dir='ltr'><em>citans</em></span> 
     </span>
     <span class='ocr_line' id='line_1_38' title="bbox 141 2367 810 2420; baseline 0.004 -16"><span class='ocrx_word' id='word_1_191' title='bbox 141 2381 177 2418; x_wconf 87' lang='lat' dir='ltr'><em>p.</em></span> <span class='ocrx_word' id='word_1_192' title='bbox 191 2367 286 2414; x_wconf 87' lang='lat'>579,</span> <span class='ocrx_word' id='word_1_193' title='bbox 309 2370 363 2409; x_wconf 89' lang='lat'><em>41</em></span> <span class='ocrx_word' id='word_1_194' title='bbox 388 2368 622 2407; x_wconf 86' lang='lat' dir='ltr'><em>Herodotum</em></span> <span class='ocrx_word' id='word_1_195' title='bbox 644 2372 810 2420; x_wconf 84' lang='lat' dir='ltr'>scripsis-</span> 
     </span>
     <span class='ocr_line' id='line_1_39' title="bbox 142 2428 808 2477; baseline 0.005 -16"><span class='ocrx_word' id='word_1_196' title='bbox 142 2437 181 2462; x_wconf 87' lang='lat' dir='ltr'><em>se</em></span> <span class='ocrx_word' id='word_1_197' title='bbox 210 2430 317 2475; x_wconf 85' lang='lat' dir='ltr'><strong>putat</strong></span> <span class='ocrx_word' id='word_1_198' title='bbox 354 2429 591 2476; x_wconf 79' lang='grc' dir='ltr'><em>ταφθῆναι,</em></span> <span class='ocrx_word' id='word_1_199' title='bbox 635 2428 808 2477; x_wconf 80' lang='lat' dir='ltr'>equidem</span> 
     </span>
     <span class='ocr_line' id='line_1_40' title="bbox 143 2478 809 2535; baseline 0.006 -18"><span class='ocrx_word' id='word_1_200' title='bbox 143 2493 217 2517; x_wconf 88' lang='lat' dir='ltr'><em>non</em></span> <span class='ocrx_word' id='word_1_201' title='bbox 233 2483 423 2519; x_wconf 87' lang='lat' dir='ltr'>assentior.</span> <span class='ocrx_word' id='word_1_202' title='bbox 454 2483 629 2522; x_wconf 84' lang='lat' dir='ltr'><strong>Voculam</strong></span> <span class='ocrx_word' id='word_1_203' title='bbox 654 2478 700 2522; x_wconf 75' lang='grc' dir='ltr'><em>εὖ</em></span> <span class='ocrx_word' id='word_1_204' title='bbox 723 2489 809 2535; x_wconf 87' lang='lat' dir='ltr'><em>post</em></span> 
     </span>
     <span class='ocr_line' id='line_1_41' title="bbox 146 2539 808 2587; baseline 0.006 -12"><span class='ocrx_word' id='word_1_205' title='bbox 146 2539 309 2587; x_wconf 84' lang='grc' dir='ltr'><em>Σαμίων</em></span> <span class='ocrx_word' id='word_1_206' title='bbox 322 2539 439 2577; x_wconf 85' lang='lat' dir='ltr'>delevi</span> <span class='ocrx_word' id='word_1_207' title='bbox 454 2554 533 2578; x_wconf 91' lang='lat' dir='ltr'><em>cum</em></span> <span class='ocrx_word' id='word_1_208' title='bbox 545 2546 694 2579; x_wconf 88' lang='lat' dir='ltr'><em>recentt.</em></span> <span class='ocrx_word' id='word_1_209' title='bbox 708 2542 808 2587; x_wconf 67' lang='lat' dir='ltr'>edd„</span> 
     </span>
     <span class='ocr_line' id='line_1_42' title="bbox 147 2593 807 2646; baseline 0.009 -17"><span class='ocrx_word' id='word_1_210' title='bbox 147 2593 280 2644; x_wconf 90' lang='lat' dir='ltr'>quippe</span> <span class='ocrx_word' id='word_1_211' title='bbox 306 2609 400 2646; x_wconf 87' lang='lat' dir='ltr'>quae</span> <span class='ocrx_word' id='word_1_212' title='bbox 426 2610 448 2634; x_wconf 87' lang='lat' dir='ltr'>a</span> <span class='ocrx_word' id='word_1_213' title='bbox 475 2598 684 2635; x_wconf 86' lang='lat' dir='ltr'>melioribus</span> <span class='ocrx_word' id='word_1_214' title='bbox 707 2597 807 2635; x_wconf 81' lang='lat' dir='ltr'>libris</span> 
     </span>
     <span class='ocr_line' id='line_1_43' title="bbox 148 2649 806 2697; baseline 0.012 -13"><span class='ocrx_word' id='word_1_215' title='bbox 148 2649 262 2686; x_wconf 86' lang='lat' dir='ltr'><em>abest.</em></span> <span class='ocrx_word' id='word_1_216' title='bbox 312 2653 432 2697; x_wconf 83' lang='lat' dir='ltr'><strong>Quam</strong></span> <span class='ocrx_word' id='word_1_217' title='bbox 463 2659 587 2692; x_wconf 86' lang='lat' dir='ltr'><em>tuetur</em></span> <span class='ocrx_word' id='word_1_218' title='bbox 619 2655 806 2692; x_wconf 87' lang='lat' dir='ltr'>Schaefer.</span> 
     </span>
     <span class='ocr_line' id='line_1_44' title="bbox 149 2705 805 2761; baseline 0.012 -21"><span class='ocrx_word' id='word_1_219' title='bbox 149 2705 197 2740; x_wconf 86' lang='lat' dir='ltr'><em>ad</em></span> <span class='ocrx_word' id='word_1_220' title='bbox 211 2705 555 2758; x_wconf 80' lang='lat' dir='ltr'><em>Dionys.Halicarn.</em></span> <span class='ocrx_word' id='word_1_221' title='bbox 577 2712 625 2749; x_wconf 89' lang='lat' dir='ltr'>de</span> <span class='ocrx_word' id='word_1_222' title='bbox 643 2724 805 2761; x_wconf 88' lang='lat' dir='ltr'><em>compos.</em></span> 
     </span>
     <span class='ocr_line' id='line_1_45' title="bbox 150 2760 807 2817; baseline 0.012 -21"><span class='ocrx_word' id='word_1_223' title='bbox 150 2760 270 2799; x_wconf 80' lang='lat' dir='ltr'>verbb.</span> <span class='ocrx_word' id='word_1_224' title='bbox 288 2776 371 2813; x_wconf 82' lang='lat' dir='ltr'><strong>pag.</strong></span> <span class='ocrx_word' id='word_1_225' title='bbox 401 2769 479 2807; x_wconf 82' lang='lat'><em>113</em></span> <span class='ocrx_word' id='word_1_226' title='bbox 502 2768 674 2815; x_wconf 85' lang='lat' dir='ltr'><em>(notante</em></span> <span class='ocrx_word' id='word_1_227' title='bbox 698 2768 807 2817; x_wconf 85' lang='lat' dir='ltr'><strong>Cr.)3</strong></span> 
     </span>
     <span class='ocr_line' id='line_1_46' title="bbox 148 2822 808 2872; baseline 0.017 -20"><span class='ocrx_word' id='word_1_228' title='bbox 148 2830 242 2867; x_wconf 90' lang='lat' dir='ltr'><strong>quos</strong></span> <span class='ocrx_word' id='word_1_229' title='bbox 273 2823 394 2858; x_wconf 86' lang='lat' dir='ltr'>tamen</span> <span class='ocrx_word' id='word_1_230' title='bbox 418 2822 475 2861; x_wconf 86' lang='lat' dir='ltr'>ille</span> <span class='ocrx_word' id='word_1_231' title='bbox 495 2825 603 2862; x_wconf 84' lang='lat' dir='ltr'>affert</span> <span class='ocrx_word' id='word_1_232' title='bbox 630 2825 753 2872; x_wconf 91' lang='lat' dir='ltr'><strong>locos,</strong></span> <span class='ocrx_word' id='word_1_233' title='bbox 783 2826 808 2862; x_wconf 91' lang='lat' dir='ltr'><em>ii</em></span> 
     </span>
     <span class='ocr_line' id='line_1_47' title="bbox 148 2876 806 2925; baseline 0.015 -15"><span class='ocrx_word' id='word_1_234' title='bbox 148 2886 171 2911; x_wconf 84' lang='lat' dir='ltr'>a</span> <span class='ocrx_word' id='word_1_235' title='bbox 202 2879 326 2913; x_wconf 83' lang='lat' dir='ltr'><em>nostro</em></span> <span class='ocrx_word' id='word_1_236' title='bbox 362 2876 441 2925; x_wconf 85' lang='lat' dir='ltr'><strong>loco</strong></span> <span class='ocrx_word' id='word_1_237' title='bbox 477 2882 642 2919; x_wconf 89' lang='lat' dir='ltr'>nonnihil</span> <span class='ocrx_word' id='word_1_238' title='bbox 670 2882 806 2920; x_wconf 85' lang='lat' dir='ltr'>discre-</span> 
     </span>
    </p>
   </div>
   <div class='ocr_carea' id='block_1_9' title="bbox 864 1175 1534 2934">
    <p class='ocr_par' dir='ltr' id='par_1_11' title="bbox 864 1175 1534 1852">
     <span class='ocr_line' id='line_1_48' title="bbox 865 1175 1531 1229; baseline 0.002 -16"><span class='ocrx_word' id='word_1_239' title='bbox 865 1191 954 1229; x_wconf 85' lang='lat' dir='ltr'><em>pare</em></span> <span class='ocrx_word' id='word_1_240' title='bbox 975 1177 1154 1214; x_wconf 84' lang='lat' dir='ltr'>videntur.</span> <span class='ocrx_word' id='word_1_241' title='bbox 1194 1175 1315 1226; x_wconf 77' lang='lat' dir='ltr'>Magis</span> <span class='ocrx_word' id='word_1_242' title='bbox 1333 1177 1417 1224; x_wconf 93' lang='lat' dir='ltr'><strong>huc,</strong></span> <span class='ocrx_word' id='word_1_243' title='bbox 1448 1179 1531 1228; x_wconf 88' lang='lat' dir='ltr'><em>opi-</em></span> 
     </span>
     <span class='ocr_line' id='line_1_49' title="bbox 864 1231 1533 1285; baseline 0.003 -14"><span class='ocrx_word' id='word_1_244' title='bbox 864 1247 947 1282; x_wconf 88' lang='lat' dir='ltr'><em>nor,</em></span> <span class='ocrx_word' id='word_1_245' title='bbox 966 1234 1052 1270; x_wconf 85' lang='lat' dir='ltr'><strong>facit</strong></span> <span class='ocrx_word' id='word_1_246' title='bbox 1071 1233 1134 1280; x_wconf 84' lang='lat'>111,</span> <span class='ocrx_word' id='word_1_247' title='bbox 1155 1234 1208 1273; x_wconf 76' lang='lat'><em>82</em></span> <span class='ocrx_word' id='word_1_248' title='bbox 1228 1235 1311 1272; x_wconf 88' lang='lat' dir='ltr'><em>fin.:</em></span> <span class='ocrx_word' id='word_1_249' title='bbox 1346 1231 1401 1285; x_wconf 68' lang='grc' dir='ltr'><em>μή</em></span> <span class='ocrx_word' id='word_1_250' title='bbox 1423 1231 1533 1273; x_wconf 78' lang='grc' dir='ltr'><em>λύειν</em></span> 
     </span>
     <span class='ocr_line' id='line_1_50' title="bbox 865 1284 1532 1344; baseline 0.003 -15"><span class='ocrx_word' id='word_1_251' title='bbox 865 1290 1026 1341; x_wconf 74' lang='grc' dir='ltr'><em>ἔχοντας</em></span> <span class='ocrx_word' id='word_1_252' title='bbox 1047 1284 1111 1328; x_wconf 75' lang='grc' dir='ltr'><em>εὖ.</em></span> <span class='ocrx_word' id='word_1_253' title='bbox 1140 1290 1287 1337; x_wconf 82' lang='lat'><strong>111‚63:</strong></span> <span class='ocrx_word' id='word_1_254' title='bbox 1321 1290 1424 1344; x_wconf 79' lang='grc' dir='ltr'><em>ἔλεγε</em></span> <span class='ocrx_word' id='word_1_255' title='bbox 1443 1289 1532 1340; x_wconf 68' lang='grc' dir='ltr'><em>ἄρα.</em></span> 
     </span>
     <span class='ocr_line' id='line_1_51' title="bbox 865 1343 1533 1397; baseline 0.003 -13"><span class='ocrx_word' id='word_1_256' title='bbox 865 1348 928 1395; x_wconf 84' lang='grc' dir='ltr'>ΙΙΙ,</span> <span class='ocrx_word' id='word_1_257' title='bbox 949 1350 1019 1389; x_wconf 90' lang='lat'><em>80:</em></span> <span class='ocrx_word' id='word_1_258' title='bbox 1052 1345 1273 1397; x_wconf 70' lang='grc' dir='ltr'><em>ἐλέχθησαν</em></span> <span class='ocrx_word' id='word_1_259' title='bbox 1295 1343 1328 1387; x_wconf 82' lang='grc' dir='ltr'><em>δ’</em></span> <span class='ocrx_word' id='word_1_260' title='bbox 1350 1343 1421 1387; x_wconf 68' lang='grc' dir='ltr'><em>ὦν.</em></span> <span class='ocrx_word' id='word_1_261' title='bbox 1467 1349 1533 1386; x_wconf 93' lang='lat' dir='ltr'><em>Vi-</em></span> 
     </span>
     <span class='ocr_line' id='line_1_52' title="bbox 866 1404 1533 1443; baseline 0.003 -2"><span class='ocrx_word' id='word_1_262' title='bbox 866 1405 975 1441; x_wconf 87' lang='lat' dir='ltr'>detur</span> <span class='ocrx_word' id='word_1_263' title='bbox 1002 1410 1124 1442; x_wconf 87' lang='lat' dir='ltr'>autem</span> <span class='ocrx_word' id='word_1_264' title='bbox 1146 1404 1387 1442; x_wconf 79' lang='lat' dir='ltr'>Valckenario</span> <span class='ocrx_word' id='word_1_265' title='bbox 1409 1406 1533 1443; x_wconf 88' lang='lat' dir='ltr'>Hero-</span> 
     </span>
     <span class='ocr_line' id='line_1_53' title="bbox 865 1462 1534 1511; baseline 0.001 -12"><span class='ocrx_word' id='word_1_266' title='bbox 865 1462 974 1499; x_wconf 82' lang='lat' dir='ltr'><strong>dotus</strong></span> <span class='ocrx_word' id='word_1_267' title='bbox 1007 1462 1067 1508; x_wconf 88' lang='lat' dir='ltr'><em>(ut</em></span> <span class='ocrx_word' id='word_1_268' title='bbox 1091 1474 1203 1511; x_wconf 79' lang='lat' dir='ltr'>saepe</span> <span class='ocrx_word' id='word_1_269' title='bbox 1236 1462 1393 1500; x_wconf 78' lang='lat' dir='ltr'><strong>humana</strong></span> <span class='ocrx_word' id='word_1_270' title='bbox 1424 1463 1534 1500; x_wconf 84' lang='lat' dir='ltr'>fuerit</span> 
     </span>
     <span class='ocr_line' id='line_1_54' title="bbox 864 1518 1534 1569; baseline 0.003 -15"><span class='ocrx_word' id='word_1_271' title='bbox 864 1518 1013 1569; x_wconf 81' lang='lat' dir='ltr'><em>passus)</em></span> <span class='ocrx_word' id='word_1_272' title='bbox 1044 1522 1242 1569; x_wconf 84' lang='lat' dir='ltr'>propterea</span> <span class='ocrx_word' id='word_1_273' title='bbox 1271 1520 1372 1568; x_wconf 84' lang='lat' dir='ltr'><em>quod</em></span> <span class='ocrx_word' id='word_1_274' title='bbox 1401 1520 1534 1557; x_wconf 82' lang='lat' dir='ltr'>Archia</span> 
     </span>
     <span class='ocr_line' id='line_1_55' title="bbox 865 1575 1533 1624; baseline 0 -12"><span class='ocrx_word' id='word_1_275' title='bbox 865 1575 1091 1612; x_wconf 83' lang='lat' dir='ltr'>familiariter</span> <span class='ocrx_word' id='word_1_276' title='bbox 1111 1576 1219 1612; x_wconf 88' lang='lat' dir='ltr'>suerit</span> <span class='ocrx_word' id='word_1_277' title='bbox 1241 1589 1340 1624; x_wconf 83' lang='lat' dir='ltr'><strong>usus,</strong></span> <span class='ocrx_word' id='word_1_278' title='bbox 1363 1577 1457 1613; x_wconf 81' lang='lat' dir='ltr'><em>hanc</em></span> <span class='ocrx_word' id='word_1_279' title='bbox 1476 1576 1533 1614; x_wconf 81' lang='lat' dir='ltr'><em>avi</em></span> 
     </span>
     <span class='ocr_line' id='line_1_56' title="bbox 866 1631 1534 1683; baseline 0 -13"><span class='ocrx_word' id='word_1_280' title='bbox 866 1631 1100 1670; x_wconf 83' lang='lat' dir='ltr'><em>collaudandi</em></span> <span class='ocrx_word' id='word_1_281' title='bbox 1155 1637 1326 1683; x_wconf 79' lang='lat' dir='ltr'><em>captasse</em></span> <span class='ocrx_word' id='word_1_282' title='bbox 1372 1635 1534 1671; x_wconf 77' lang='lat' dir='ltr'><em>occasio-</em></span> 
     </span>
     <span class='ocr_line' id='line_1_57' title="bbox 865 1688 1531 1737; baseline 0.003 -11"><span class='ocrx_word' id='word_1_283' title='bbox 865 1702 970 1726; x_wconf 84' lang='lat' dir='ltr'>nem:</span> <span class='ocrx_word' id='word_1_284' title='bbox 1015 1693 1053 1725; x_wconf 88' lang='lat' dir='ltr'><em>ut</em></span> <span class='ocrx_word' id='word_1_285' title='bbox 1077 1689 1139 1737; x_wconf 92' lang='lat' dir='ltr'><em>qui</em></span> <span class='ocrx_word' id='word_1_286' title='bbox 1157 1688 1194 1725; x_wconf 91' lang='lat' dir='ltr'><em>in</em></span> <span class='ocrx_word' id='word_1_287' title='bbox 1216 1689 1295 1727; x_wconf 84' lang='lat' dir='ltr'>aliis</span> <span class='ocrx_word' id='word_1_288' title='bbox 1318 1691 1414 1728; x_wconf 89' lang='lat' dir='ltr'>idem</span> <span class='ocrx_word' id='word_1_289' title='bbox 1443 1691 1531 1728; x_wconf 83' lang='lat' dir='ltr'>sub-</span> 
     </span>
     <span class='ocr_line' id='line_1_58' title="bbox 864 1744 1108 1783; baseline 0 -1"><span class='ocrx_word' id='word_1_290' title='bbox 864 1746 951 1783; x_wconf 87' lang='lat' dir='ltr'>inde</span> <span class='ocrx_word' id='word_1_291' title='bbox 970 1744 1108 1783; x_wconf 85' lang='lat' dir='ltr'><em>fecerit.</em></span> 
     </span>
     <span class='ocr_line' id='line_1_59' title="bbox 1073 1801 1307 1852; baseline 0 -14"><span class='ocrx_word' id='word_1_292' title='bbox 1073 1801 1181 1852; x_wconf 84' lang='lat' dir='ltr'><strong>Cap.</strong></span> <span class='ocrx_word' id='word_1_293' title='bbox 1211 1801 1307 1839; x_wconf 78' lang='lat' dir='ltr'><strong>LVI.</strong></span> 
     </span>
    </p>

    <p class='ocr_par' dir='ltr' id='par_1_12' title="bbox 866 1854 1532 2023">
     <span class='ocr_line' id='line_1_60' title="bbox 924 1854 1529 1911; baseline 0.002 -14"><span class='ocrx_word' id='word_1_294' title='bbox 924 1854 978 1905; x_wconf 75' lang='grc' dir='ltr'><em>ὥς</em></span> <span class='ocrx_word' id='word_1_295' title='bbox 1018 1871 1091 1907; x_wconf 84' lang='grc' dir='ltr'><em>σφι</em></span> <span class='ocrx_word' id='word_1_296' title='bbox 1129 1880 1183 1885; x_wconf 90' lang='lat'>—</span> <span class='ocrx_word' id='word_1_297' title='bbox 1226 1858 1529 1911; x_wconf 82' lang='grc' dir='ltr'><em>πολιορκέουσι]</em></span> 
     </span>
     <span class='ocr_line' id='line_1_61' title="bbox 866 1915 1531 1967; baseline 0.002 -14"><span class='ocrx_word' id='word_1_298' title='bbox 866 1915 1017 1953; x_wconf 79' lang='lat' dir='ltr'><em>Consul.</em></span> <span class='ocrx_word' id='word_1_299' title='bbox 1041 1915 1176 1954; x_wconf 74' lang='lat' dir='ltr'><em>Matth.</em></span> <span class='ocrx_word' id='word_1_300' title='bbox 1201 1916 1265 1952; x_wconf 91' lang='lat' dir='ltr'><em>Gr.</em></span> <span class='ocrx_word' id='word_1_301' title='bbox 1291 1916 1356 1954; x_wconf 87' lang='lat' dir='ltr'><em>Gr.</em></span> <span class='ocrx_word' id='word_1_302' title='bbox 1388 1915 1424 1967; x_wconf 59' lang='grc' dir='ltr'><em>ἓ.</em></span> <span class='ocrx_word' id='word_1_303' title='bbox 1446 1918 1531 1957; x_wconf 82' lang='grc'><em>388</em></span> 
     </span>
     <span class='ocr_line' id='line_1_62' title="bbox 866 1969 1532 2023; baseline 0.003 -15"><span class='ocrx_word' id='word_1_304' title='bbox 866 1986 896 2009; x_wconf 91' lang='lat' dir='ltr'><em>c.</em></span> <span class='ocrx_word' id='word_1_305' title='bbox 927 1973 985 2009; x_wconf 86' lang='lat' dir='ltr'><em>Ad</em></span> <span class='ocrx_word' id='word_1_306' title='bbox 1003 1969 1264 2023; x_wconf 82' lang='grc' dir='ltr'><em>προεκόπτετο</em></span> <span class='ocrx_word' id='word_1_307' title='bbox 1284 1974 1378 2010; x_wconf 81' lang='lat' dir='ltr'><em>conf.</em></span> <span class='ocrx_word' id='word_1_308' title='bbox 1397 1974 1424 2020; x_wconf 91' lang='lat' dir='ltr'><em>l,</em></span> <span class='ocrx_word' id='word_1_309' title='bbox 1439 1975 1532 2014; x_wconf 83' lang='lat'><strong>190.</strong></span> 
     </span>
    </p>

    <p class='ocr_par' dir='ltr' id='par_1_13' title="bbox 864 2024 1534 2934">
     <span class='ocr_line' id='line_1_63' title="bbox 926 2024 1532 2081; baseline 0.002 -13"><span class='ocrx_word' id='word_1_310' title='bbox 926 2027 980 2076; x_wconf 70' lang='grc' dir='ltr'><em>αἷς</em></span> <span class='ocrx_word' id='word_1_311' title='bbox 1002 2026 1045 2067; x_wconf 77' lang='grc' dir='ltr'><em>δὲ</em></span> <span class='ocrx_word' id='word_1_312' title='bbox 1076 2026 1099 2068; x_wconf 83' lang='grc' dir='ltr'>ὁ</span> <span class='ocrx_word' id='word_1_313' title='bbox 1136 2024 1391 2081; x_wconf 79' lang='grc' dir='ltr'><em>ματαιότερος</em></span> <span class='ocrx_word' id='word_1_314' title='bbox 1416 2025 1532 2080; x_wconf 85' lang='grc' dir='ltr'><em>λόγος</em></span> 
     </span>
     <span class='ocr_line' id='line_1_64' title="bbox 867 2082 1533 2138; baseline -0.005 -13"><span class='ocrx_word' id='word_1_315' title='bbox 867 2082 1065 2138; x_wconf 73' lang='grc' dir='ltr'><em>ὥρμηται,</em></span> <span class='ocrx_word' id='word_1_316' title='bbox 1097 2086 1260 2137; x_wconf 82' lang='grc' dir='ltr'><em>λέγεται]</em></span> <span class='ocrx_word' id='word_1_317' title='bbox 1287 2087 1308 2123; x_wconf 92' lang='lat' dir='ltr'><em>i.</em></span> <span class='ocrx_word' id='word_1_318' title='bbox 1331 2100 1363 2124; x_wconf 85' lang='lat' dir='ltr'><em>e.</em></span> <span class='ocrx_word' id='word_1_319' title='bbox 1388 2087 1436 2123; x_wconf 82' lang='lat' dir='ltr'><em>ad</em></span> <span class='ocrx_word' id='word_1_320' title='bbox 1452 2100 1533 2124; x_wconf 89' lang='lat' dir='ltr'>ver-</span> 
     </span>
     <span class='ocr_line' id='line_1_65' title="bbox 866 2142 1532 2194; baseline -0.002 -13"><span class='ocrx_word' id='word_1_321' title='bbox 866 2145 969 2181; x_wconf 87' lang='lat' dir='ltr'><strong>bum:</strong></span> <span class='ocrx_word' id='word_1_322' title='bbox 1014 2146 1054 2179; x_wconf 83' lang='lat' dir='ltr'><em>ut</em></span> <span class='ocrx_word' id='word_1_323' title='bbox 1084 2156 1165 2180; x_wconf 78' lang='lat' dir='ltr'><em>vero</em></span> <span class='ocrx_word' id='word_1_324' title='bbox 1186 2142 1311 2194; x_wconf 58' lang='lat' dir='ltr'><em>salsus</em></span> <span class='ocrx_word' id='word_1_325' title='bbox 1333 2143 1453 2194; x_wconf 72' lang='lat' dir='ltr'><em>sertui·</em></span> <span class='ocrx_word' id='word_1_326' title='bbox 1471 2157 1532 2180; x_wconf 74' lang='lat' dir='ltr'><em>ru-</em></span> 
     </span>
     <span class='ocr_line' id='line_1_66' title="bbox 866 2198 1533 2250; baseline -0.001 -14"><span class='ocrx_word' id='word_1_327' title='bbox 866 2212 959 2246; x_wconf 85' lang='lat' dir='ltr'><em>mor,</em></span> <span class='ocrx_word' id='word_1_328' title='bbox 987 2213 1014 2237; x_wconf 84' lang='lat' dir='ltr'><em>s.</em></span> <span class='ocrx_word' id='word_1_329' title='bbox 1033 2198 1162 2250; x_wconf 82' lang='lat' dir='ltr'><strong><em>fama,</em></strong></span> <span class='ocrx_word' id='word_1_330' title='bbox 1194 2200 1341 2247; x_wconf 77' lang='lat' dir='ltr'><em>dicunt,</em></span> <span class='ocrx_word' id='word_1_331' title='bbox 1363 2202 1461 2247; x_wconf 83' lang='lat' dir='ltr'>sive,</span> <span class='ocrx_word' id='word_1_332' title='bbox 1493 2206 1533 2236; x_wconf 91' lang='lat' dir='ltr'><em>ut</em></span> 
     </span>
     <span class='ocr_line' id='line_1_67' title="bbox 865 2256 1534 2307; baseline -0.001 -14"><span class='ocrx_word' id='word_1_333' title='bbox 865 2257 1068 2305; x_wconf 80' lang='lat' dir='ltr'>Schweigh.</span> <span class='ocrx_word' id='word_1_334' title='bbox 1103 2257 1385 2307; x_wconf 82' lang='lat' dir='ltr'>interpretatur:</span> <span class='ocrx_word' id='word_1_335' title='bbox 1426 2256 1534 2307; x_wconf 78' lang='lat' dir='ltr'>„fer—</span> 
     </span>
     <span class='ocr_line' id='line_1_68' title="bbox 866 2312 1532 2363; baseline 0 -13"><span class='ocrx_word' id='word_1_336' title='bbox 866 2317 927 2350; x_wconf 79' lang='lat' dir='ltr'><em>tur</em></span> <span class='ocrx_word' id='word_1_337' title='bbox 944 2318 1060 2351; x_wconf 82' lang='lat' dir='ltr'><em>autem</em></span> <span class='ocrx_word' id='word_1_338' title='bbox 1072 2312 1200 2363; x_wconf 86' lang='lat' dir='ltr'><strong><em>fama,</em></strong></span> <span class='ocrx_word' id='word_1_339' title='bbox 1238 2317 1360 2350; x_wconf 78' lang='lat' dir='ltr'>temere</span> <span class='ocrx_word' id='word_1_340' title='bbox 1391 2314 1532 2363; x_wconf 69' lang='lat' dir='ltr'>quidem</span> 
     </span>
     <span class='ocr_line' id='line_1_69' title="bbox 865 2370 1532 2422; baseline 0 -15"><span class='ocrx_word' id='word_1_341' title='bbox 865 2384 1015 2421; x_wconf 78' lang='lat' dir='ltr'><em>sparsa,</em></span> <span class='ocrx_word' id='word_1_342' title='bbox 1056 2383 1143 2420; x_wconf 81' lang='lat' dir='ltr'><em>quae</em></span> <span class='ocrx_word' id='word_1_343' title='bbox 1171 2372 1274 2407; x_wconf 67' lang='lat' dir='ltr'><em>aa‘t.“</em></span> <span class='ocrx_word' id='word_1_344' title='bbox 1323 2370 1532 2422; x_wconf 86' lang='lat' dir='ltr'>Displicent</span> 
     </span>
     <span class='ocr_line' id='line_1_70' title="bbox 864 2426 1531 2476; baseline -0.001 -12"><span class='ocrx_word' id='word_1_345' title='bbox 864 2428 977 2465; x_wconf 87' lang='lat' dir='ltr'>verba</span> <span class='ocrx_word' id='word_1_346' title='bbox 996 2427 1142 2465; x_wconf 84' lang='lat' dir='ltr'>Graeca</span> <span class='ocrx_word' id='word_1_347' title='bbox 1165 2426 1436 2476; x_wconf 80' lang='lat' dir='ltr'>wesselingio‚</span> <span class='ocrx_word' id='word_1_348' title='bbox 1477 2427 1531 2464; x_wconf 86' lang='lat' dir='ltr'><em>cui</em></span> 
     </span>
     <span class='ocr_line' id='line_1_71' title="bbox 865 2480 1532 2536; baseline 0 -15"><span class='ocrx_word' id='word_1_349' title='bbox 865 2484 923 2522; x_wconf 88' lang='lat' dir='ltr'>vel</span> <span class='ocrx_word' id='word_1_350' title='bbox 958 2482 1109 2536; x_wconf 82' lang='grc' dir='ltr'><em>λέγεται</em></span> <span class='ocrx_word' id='word_1_351' title='bbox 1148 2480 1224 2535; x_wconf 67' lang='grc' dir='ltr'><em>γάρ</em></span> <span class='ocrx_word' id='word_1_352' title='bbox 1259 2483 1316 2522; x_wconf 88' lang='lat' dir='ltr'>vel</span> <span class='ocrx_word' id='word_1_353' title='bbox 1353 2481 1532 2535; x_wconf 77' lang='grc' dir='ltr'><em>ὥρμηται</em></span> 
     </span>
     <span class='ocr_line' id='line_1_72' title="bbox 865 2540 1531 2593; baseline -0.003 -13"><span class='ocrx_word' id='word_1_354' title='bbox 865 2540 1051 2593; x_wconf 81' lang='grc' dir='ltr'><em>λέγεσθαι</em></span> <span class='ocrx_word' id='word_1_355' title='bbox 1089 2541 1322 2578; x_wconf 88' lang='lat' dir='ltr'>scribendum</span> <span class='ocrx_word' id='word_1_356' title='bbox 1369 2542 1531 2587; x_wconf 85' lang='lat' dir='ltr'><em>videtur,</em></span> 
     </span>
     <span class='ocr_line' id='line_1_73' title="bbox 865 2597 1527 2645; baseline -0.002 -10"><span class='ocrx_word' id='word_1_357' title='bbox 865 2606 905 2635; x_wconf 93' lang='lat' dir='ltr'><em>ut</em></span> <span class='ocrx_word' id='word_1_358' title='bbox 922 2598 984 2645; x_wconf 82' lang='lat' dir='ltr'><em>IV,</em></span> <span class='ocrx_word' id='word_1_359' title='bbox 1011 2600 1073 2639; x_wconf 87' lang='lat'><em>16.</em></span> <span class='ocrx_word' id='word_1_360' title='bbox 1112 2597 1176 2644; x_wconf 86' lang='lat' dir='ltr'><em>VI,</em></span> <span class='ocrx_word' id='word_1_361' title='bbox 1201 2600 1254 2639; x_wconf 88' lang='lat'><em>86</em></span> <span class='ocrx_word' id='word_1_362' title='bbox 1289 2597 1368 2634; x_wconf 81' lang='lat' dir='ltr'><em>coil.</em></span> <span class='ocrx_word' id='word_1_363' title='bbox 1395 2598 1441 2644; x_wconf 91' lang='lat' dir='ltr'><em>V,</em></span> <span class='ocrx_word' id='word_1_364' title='bbox 1460 2599 1527 2637; x_wconf 84' lang='lat'><em>50.</em></span> 
     </span>
     <span class='ocr_line' id='line_1_74' title="bbox 866 2655 1530 2705; baseline -0.003 -14"><span class='ocrx_word' id='word_1_365' title='bbox 866 2655 950 2698; x_wconf 88' lang='lat' dir='ltr'><em>Quo</em></span> <span class='ocrx_word' id='word_1_366' title='bbox 983 2659 1116 2692; x_wconf 89' lang='lat' dir='ltr'><em>neutro</em></span> <span class='ocrx_word' id='word_1_367' title='bbox 1153 2667 1247 2705; x_wconf 87' lang='lat' dir='ltr'><em>opus</em></span> <span class='ocrx_word' id='word_1_368' title='bbox 1285 2667 1365 2693; x_wconf 80' lang='lat' dir='ltr'>esse</span> <span class='ocrx_word' id='word_1_369' title='bbox 1405 2659 1530 2692; x_wconf 88' lang='lat' dir='ltr'>censet</span> 
     </span>
     <span class='ocr_line' id='line_1_75' title="bbox 865 2711 1529 2761; baseline -0.003 -12"><span class='ocrx_word' id='word_1_370' title='bbox 865 2711 1093 2761; x_wconf 85' lang='lat' dir='ltr'>Schweigh.‚</span> <span class='ocrx_word' id='word_1_371' title='bbox 1118 2724 1199 2748; x_wconf 91' lang='lat' dir='ltr'><em>cum</em></span> <span class='ocrx_word' id='word_1_372' title='bbox 1219 2711 1327 2761; x_wconf 85' lang='lat' dir='ltr'>plena</span> <span class='ocrx_word' id='word_1_373' title='bbox 1346 2711 1405 2748; x_wconf 80' lang='lat' dir='ltr'><em>hic</em></span> <span class='ocrx_word' id='word_1_374' title='bbox 1429 2712 1529 2747; x_wconf 85' lang='lat' dir='ltr'>inve-</span> 
     </span>
     <span class='ocr_line' id='line_1_76' title="bbox 865 2762 1529 2817; baseline -0.003 -12"><span class='ocrx_word' id='word_1_375' title='bbox 865 2769 985 2805; x_wconf 81' lang='lat' dir='ltr'><em>niatur</em></span> <span class='ocrx_word' id='word_1_376' title='bbox 1023 2768 1175 2814; x_wconf 82' lang='lat' dir='ltr'><em>locutio,</em></span> <span class='ocrx_word' id='word_1_377' title='bbox 1224 2768 1260 2804; x_wconf 89' lang='lat' dir='ltr'><em>in</em></span> <span class='ocrx_word' id='word_1_378' title='bbox 1299 2781 1372 2817; x_wconf 83' lang='lat' dir='ltr'><em>qua</em></span> <span class='ocrx_word' id='word_1_379' title='bbox 1411 2762 1529 2816; x_wconf 83' lang='grc' dir='ltr'><em>λόγος</em></span> 
     </span>
     <span class='ocr_line' id='line_1_77' title="bbox 866 2821 1529 2875; baseline -0.008 -12"><span class='ocrx_word' id='word_1_380' title='bbox 866 2821 1046 2875; x_wconf 74' lang='grc' dir='ltr'><em>ὥρμηται</em></span> <span class='ocrx_word' id='word_1_381' title='bbox 1065 2837 1154 2862; x_wconf 86' lang='lat' dir='ltr'>sane</span> <span class='ocrx_word' id='word_1_382' title='bbox 1173 2824 1270 2862; x_wconf 89' lang='lat' dir='ltr'>idem</span> <span class='ocrx_word' id='word_1_383' title='bbox 1282 2825 1399 2861; x_wconf 77' lang='lat' dir='ltr'>valeat</span> <span class='ocrx_word' id='word_1_384' title='bbox 1417 2828 1529 2870; x_wconf 81' lang='lat' dir='ltr'><strong>atque</strong></span> 
     </span>
     <span class='ocr_line' id='line_1_78' title="bbox 864 2878 1528 2934; baseline -0.011 -13"><span class='ocrx_word' id='word_1_385' title='bbox 864 2880 1037 2934; x_wconf 73' lang='grc' dir='ltr'><em>λέγεταις</em></span> <span class='ocrx_word' id='word_1_386' title='bbox 1075 2881 1175 2931; x_wconf 86' lang='lat' dir='ltr'><em>quod</em></span> <span class='ocrx_word' id='word_1_387' title='bbox 1194 2880 1408 2917; x_wconf 84' lang='lat' dir='ltr'><strong>vocabulum</strong></span> <span class='ocrx_word' id='word_1_388' title='bbox 1433 2879 1463 2915; x_wconf 90' lang='lat' dir='ltr'><em>si</em></span> <span class='ocrx_word' id='word_1_389' title='bbox 1481 2878 1528 2915; x_wconf 78' lang='lat' dir='ltr'><em>ab</em></span> 
     </span>
    </p>
   </div>
   <div class='ocr_carea' id='block_1_10' title="bbox 1195 2934 1251 2976">
    <p class='ocr_par' dir='ltr' id='par_1_14' title="bbox 1195 2934 1251 2976">
     <span class='ocr_line' id='line_1_79' title="bbox 1195 2934 1251 2976; baseline 0 -23"><span class='ocrx_word' id='word_1_390' title='bbox 1195 2934 1251 2976; x_wconf 67' lang='lat'><em>7.</em></span> 
     </span>
    </p>
   </div>
   <div class='ocr_carea' id='block_1_11' title="bbox 1505 695 1812 892">
    <p class='ocr_par' dir='ltr' id='par_1_15' title="bbox 1505 695 1812 892">
     <span class='ocr_line' id='line_1_80' title="bbox 1558 695 1785 724; baseline 0.009 -2"><span class='ocrx_word' id='word_1_391' title='bbox 1558 695 1785 724; x_wconf 74' lang='lat' dir='ltr'><em>Lacedaemonii</em></span> 
     </span>
     <span class='ocr_line' id='line_1_81' title="bbox 1533 729 1810 764; baseline 0.007 -9"><span class='ocrx_word' id='word_1_392' title='bbox 1533 734 1601 764; x_wconf 71' lang='lat' dir='ltr'><em>post</em></span> <span class='ocrx_word' id='word_1_393' title='bbox 1619 729 1671 756; x_wconf 77' lang='lat' dir='ltr'><em>XL</em></span> <span class='ocrx_word' id='word_1_394' title='bbox 1690 731 1752 756; x_wconf 62' lang='lat' dir='ltr'>dies</span> <span class='ocrx_word' id='word_1_395' title='bbox 1774 731 1810 757; x_wconf 85' lang='lat' dir='ltr'><em>ob</em></span> 
     </span>
     <span class='ocr_line' id='line_1_82' title="bbox 1505 762 1810 803; baseline 0.003 -14"><span class='ocrx_word' id='word_1_396' title='bbox 1505 763 1578 803; x_wconf 82' lang='lat' dir='ltr'>orei</span> <span class='ocrx_word' id='word_1_397' title='bbox 1603 762 1810 790; x_wconf 72' lang='lat' dir='ltr'><em>difficultatem</em></span> 
     </span>
     <span class='ocr_line' id='line_1_83' title="bbox 1535 796 1789 823; baseline 0 0"><span class='ocrx_word' id='word_1_398' title='bbox 1535 796 1648 823; x_wconf 81' lang='lat' dir='ltr'>abeunt</span> <span class='ocrx_word' id='word_1_399' title='bbox 1667 806 1674 823; x_wconf 91' lang='lat'>:</span> <span class='ocrx_word' id='word_1_400' title='bbox 1733 805 1789 823; x_wconf 72' lang='lat' dir='ltr'><em>van</em></span> 
     </span>
     <span class='ocr_line' id='line_1_84' title="bbox 1535 830 1812 857; baseline 0 0"><span class='ocrx_word' id='word_1_401' title='bbox 1535 838 1657 857; x_wconf 84' lang='lat' dir='ltr'>rumore</span> <span class='ocrx_word' id='word_1_402' title='bbox 1670 830 1747 857; x_wconf 83' lang='lat' dir='ltr'>tradi</span> <span class='ocrx_word' id='word_1_403' title='bbox 1758 831 1812 857; x_wconf 80' lang='lat' dir='ltr'>ali-</span> 
     </span>
     <span class='ocr_line' id='line_1_85' title="bbox 1537 864 1811 892; baseline 0.007 -2"><span class='ocrx_word' id='word_1_404' title='bbox 1537 872 1583 890; x_wconf 80' lang='lat' dir='ltr'><em>am</em></span> <span class='ocrx_word' id='word_1_405' title='bbox 1596 864 1696 891; x_wconf 75' lang='lat' dir='ltr'><strong>abitus</strong></span> <span class='ocrx_word' id='word_1_406' title='bbox 1708 873 1811 892; x_wconf 84' lang='lat' dir='ltr'>eorum</span> 
     </span>
    </p>
   </div>
   <div class='ocr_carea' id='block_1_12' title="bbox 1535 905 1668 926">
    <p class='ocr_par' dir='ltr' id='par_1_16' title="bbox 1535 905 1668 926">
     <span class='ocr_line' id='line_1_86' title="bbox 1535 905 1668 926; baseline 0 -1"><span class='ocrx_word' id='word_1_407' title='bbox 1535 905 1668 926; x_wconf 70' lang='lat' dir='ltr'><strong>causam.</strong></span> 
     </span>
    </p>
   </div>
  </div>
 </body>
</html>
