1863 3256
114 225 171 253 do:
197 229 298 254 crater
314 226 392 255 Pau-

113 260 216 287 saniae
230 261 266 287 ad
277 269 308 287 os
319 262 393 288 Pon-

112 293 154 326 ti,
194 298 224 321 et
257 296 391 328 sextuplo

112 326 208 353 maior
233 327 390 362 Scythicus»

112 359 142 386 in
161 360 327 395 Exampaeo
346 363 387 388 lo-

112 400 147 419 co
159 413 168 424 ‚
202 394 232 427 [c
265 395 323 429 52.]
353 396 390 422 ab

113 427 239 455 Arianta
256 435 330 462 rege
346 429 390 457 sa-

112 463 189 489 ctus.

447 121 531 162 432
833 124 1305 164 HERODOTI

449 227 659 282 ἀτρεκέως
695 233 935 285 πυθέσθαι,
982 234 1091 276 ἀλλὰ
1127 233 1368 290 διαφόρους
1403 234 1563 290 λόγους
1605 239 1704 293 περὶ

447 303 528 343 τοῦ
548 298 742 356 ἀριθμοῦ
767 303 954 357 ἤκουον·
995 304 1069 345 καὶ
1097 304 1178 358 γὰρ
1208 304 1347 357 κάρτα
1373 306 1564 358 πολλοὺς
1591 306 1734 352 εἶναί5

445 382 607 427 σφεας,
636 372 708 415 καὶ
738 371 937 426 ὀλίγους,
968 371 1026 423 ὡς
1043 374 1226 426 Σκύθας
1246 373 1370 418 εἶναι.
1408 375 1589 419 τοσόνδε
1607 377 1705 432 μέν-

418 448 520 485 Ξτοι
549 440 794 497 ἀπέφαινόν
819 458 895 496 μοι
925 442 967 494 ἐς
997 443 1112 495 ὄψιν.
1159 444 1278 488 ’Ἐστι
1307 446 1464 500 μεταξύ
1486 447 1706 501 Βορυσθέ·

443 511 543 562 νεός
583 528 626 554 τε
663 516 865 566 ποταμοῦ
904 513 978 556 καὶ
1003 512 1206 567 Ὑπάνιος
1235 520 1398 571 χῶρος,
1449 516 1619 573 οὔνομα
1657 517 1705 562 δέ

446 585 494 626 οἴ
527 582 615 625 ἐστι
651 579 933 636 Ἐξαμπαῖος·
982 590 1065 629 τοῦ
1102 588 1177 630 καὶ
1216 585 1366 643 ὀλίγον
1404 605 1444 631 τι
1490 589 1706 643 πρότερον

447 652 616 696 τούτων
653 652 824 708 μνήμην
865 653 1004 710 εἶχον,
1054 657 1247 713 φάμενος
1287 659 1334 702 ἐν
1373 659 1492 716 αὐτῷ
1535 659 1704 716 κρήνην

445 721 608 772 ὕδατος
649 727 812 778 πικροῦ
851 723 986 779 εἶναι,
1028 726 1104 770 ἀπ’
1141 724 1192 785 ἧς
1234 728 1283 771 τὸ
1325 729 1445 784 ὕδωρ
1485 728 1704 786 ᾰποῤῥέον
1719 738 1761 772 10

417 792 529 835 3τὸν
555 793 746 837 “”’Τπανιν
785 794 951 839 ἄποτον
988 797 1162 842 ποιέειν.
1221 800 1269 842 ἐν
1303 799 1442 856 τούτῳ
1480 803 1541 854 τῷ
1576 799 1703 859 χώρῳ

443 862 584 906 κέεται
636 865 845 922 χαλκήϊον
862 899 874 921 ,

558 1006 590 1043 c
602 1018 623 1043 a
636 1019 672 1056 p.
709 1005 879 1043 LXXXI.

450 1082 505 1131 ὥς
529 1080 694 1131 Σκύθας
719 1081 834 1135 εἶναι]
877 1084 965 1123 Non
984 1085 1050 1123 ali-

391 1144 447 1179 ter
484 1142 572 1180 haec
605 1146 697 1192 puto
727 1154 808 1179 esse
839 1143 1050 1192 accipienda

391 1210 433 1234 ac
454 1210 563 1247 supra
580 1197 626 1245 ΙΙ,
651 1198 749 1238 135:
791 1196 844 1244 ὥς
869 1193 920 1236 ἂν
948 1195 1049 1237 εἶναι

388 1252 582 1292 Ῥοδῶπιν
603 1283 614 1301 ,
670 1254 732 1290 ubi
763 1255 834 1291 vid.
869 1259 963 1291 nott.
993 1277 1049 1282 ——

389 1310 530 1358 „Tota
550 1315 670 1348 autem
691 1310 782 1347 haec
809 1310 1048 1348 multitudinis

392 1367 586 1416 Scythicae
649 1367 821 1404 indicatio
890 1368 1048 1417 speciem

391 1423 553 1473 praefert
593 1423 777 1472 scriptoris
813 1423 1049 1460 coniectantis

393 1491 437 1515 ac
458 1478 546 1515 nihil
565 1479 818 1515 definientis.“
880 1478 1050 1516 Wesse-

392 1535 507 1582 ling.
545 1554 603 1561 —-
658 1534 699 1570 In
743 1534 906 1584 proxime
947 1548 1049 1585 seqq.

393 1585 620 1639 ἀπέφαινον
647 1588 686 1636 ἐς
705 1587 804 1639 ὄψιν
822 1591 941 1630 valet:
989 1592 1051 1628 (le-

332 1647 335 1651 “
393 1650 633 1684 monstrarunt
657 1646 745 1683 milti
758 1649 795 1683 ιἰι
816 1647 951 1694 oculos,
981 1648 1003 1684 i.
1019 1661 1052 1686 e.

395 1704 505 1741 oculis
529 1700 612 1740 meis
642 1716 712 1739 rem
734 1705 843 1753 ipsam
867 1705 1053 1743 subiicien-

395 1764 457 1798 tes.
488 1761 546 1798 Cf.
564 1760 593 1807 l,
618 1763 710 1801 129.
743 1761 788 1808 V,
806 1760 871 1800 84.

455 1833 588 1891 ὀλίγον
617 1854 655 1878 τι
686 1834 896 1890 πρότερον]
947 1840 1054 1877 Conf.

394 1895 467 1943 IV,
498 1897 563 1936 52.
614 1894 767 1944 Aliquot
798 1897 902 1933 codd.
933 1891 1052 1949 ὀλίγῳ

394 1967 456 2000 τι,
487 1953 534 1990 de
554 1965 627 2002 quo
647 1953 740 1989 conf.
761 1952 824 1998 IV,
847 1955 913 1992 79.
934 1975 984 1980 —-
1012 1953 1053 1990 ln

395 2021 499 2058 seqq.
528 2022 596 2059 pro
626 2007 751 2047 ποιέει
787 2022 868 2045 cum
898 2013 1051 2047 reeentt.

395 2066 479 2104 edd.
501 2065 645 2115 reposui
666 2063 824 2103 ποιέειν.

450 2128 666 2182 χαλκήϊον]
717 2131 802 2169 Non
842 2131 1053 2181 intelligitur

392 2188 486 2225 fabri
506 2189 632 2226 aerarii
654 2188 820 2238 officina,
859 2193 899 2225 ut
918 2189 951 2237 1,
984 2191 1051 2236 68,

393 2244 458 2280 sed
482 2257 545 2280 vas
569 2245 754 2290 aheneum,
795 2245 963 2292 ahenum,
988 2245 1050 2282 ubi

393 2300 501 2347 vulgo
523 2301 694 2350 supplent
711 2297 891 2351 α’γγεῖονς
912 2303 959 2339 de
977 2314 1050 2349 qua

393 2355 509 2405 ellipsi
540 2357 612 2392 vid.
635 2357 835 2395 Schwcbel.
863 2359 912 2395 ad
938 2357 1050 2394 Lam-

393 2411 483 2448 bert.
509 2413 597 2448 Bos.
624 2425 708 2461 pag.
742 2416 803 2452 13.
873 2414 922 2449 Et
955 2414 1049 2449 conf.

394 2467 513 2516 ipsum
543 2468 720 2504 Herodot.
753 2468 822 2512 lv,
850 2471 938 2509 152.
989 2467 1051 2505 Ad

395 2519 632 2573 ἑξαπλήσιον
656 2525 749 2560 conf.
779 2524 852 2569 ΙΙΙ,
882 2524 972 2564 135.
1000 2545 1050 2551 —-

393 2579 453 2616 Ad
471 2584 724 2628 argumentum
744 2579 811 2616 loci
822 2580 906 2616 facit
918 2579 1051 2617 Athen.

399 2635 480 2681 Xll‚
503 2638 527 2675 9
549 2649 584 2686 p.
605 2638 685 2676 536
707 2635 829 2683 A.B.‚
860 2637 917 2672 ubi
935 2635 1052 2685 Nym-

400 2691 479 2740 phis
499 2698 665 2738 enarrat,
709 2692 803 2728 hunc
832 2698 1005 2729 craterem
1030 2704 1052 2728 a

401 2748 601 2795 Pausania,
649 2748 711 2799 qui
739 2748 969 2786 Mardonium
1004 2748 1053 2785 ad

937 868 1120 923 μεγάθεϊ
1180 870 1254 913 καὶ
1309 869 1568 927 ἑξαπλήσιον
1621 874 1704 915 τοῦ

1105 1007 1273 1046 Plataeas
1303 1008 1408 1056 vicit,
1451 1009 1535 1046 dum
1567 1009 1660 1046 circa
1685 1009 1762 1060 By-

1105 1065 1218 1101 zantii
1256 1066 1426 1114 regiones
1465 1071 1761 1114 commoraretur,

1107 1126 1354 1158 consecratum
1375 1122 1485 1159 fuisse
1507 1123 1587 1169 diis,
1607 1134 1762 1171 quorum

1107 1182 1252 1215 statuae
1279 1178 1398 1215 adhuc
1426 1179 1474 1214 ad
1495 1179 1604 1216 Ponti
1630 1175 1762 1216 ostium

1107 1234 1423 1283 conspicerentur,
1474 1235 1762 1284 inscriptionem-

1105 1302 1176 1339 que
1197 1290 1313 1338 addit,
1346 1303 1388 1327 ex
1408 1291 1480 1339 qua
1497 1290 1673 1340 Neptuno
1691 1291 1761 1328 hoc

1106 1347 1261 1383 ahenum
1282 1346 1485 1383 dedicatum
1516 1348 1626 1384 fuisse
1644 1359 1761 1397 appa-

1105 1406 1173 1439 ret.
1231 1401 1280 1438 At
1308 1402 1455 1439 Rittero
1480 1404 1625 1440 auctore
1648 1404 1762 1452 (Vor-

1106 1457 1200 1495 halle
1220 1471 1304 1506 pag.
1324 1459 1517 1505 345)³h0c
1543 1459 1648 1496 aheni
1668 1472 1760 1510 opus

1108 1527 1188 1551 cum
1209 1514 1359 1550 Graecis
1374 1514 1510 1552 colonis
1528 1515 1684 1552 adscribi
1697 1528 1762 1553 ne-

1109 1573 1242 1619 queat,
1280 1583 1354 1607 non
1389 1570 1459 1607 nisi
1487 1571 1763 1610 Cimmeriorum

1109 1627 1360 1675 antiquorum,
1399 1626 1461 1675 qui
1478 1627 1672 1664 Buddham
1701 1641 1764 1666 co-

1109 1682 1225 1720 lentes
1244 1695 1287 1720 ex
1304 1682 1406 1719 India
1438 1684 1660 1721 occidentem
1682 1697 1764 1722 ver-

1112 1752 1173 1776 sus
1202 1740 1414 1787 migrarint,
1457 1740 1571 1778 fuisse
1596 1745 1763 1778 statuen-

1111 1796 1210 1832 dum.
1240 1796 1361 1844 Atque
1378 1797 1496 1846 ipsum
1513 1797 1686 1833 Ariautae
1700 1809 1762 1834 re-

1110 1853 1166 1901 gis
1190 1864 1321 1889 nomen
1342 1853 1389 1888 ad
1417 1852 1560 1899 Atiam,
1596 1853 1763 1890 Buddhi-

1109 1913 1245 1945 starum
1264 1909 1417 1958 patriam
1437 1909 1472 1944 in
1486 1908 1763 1956 Aria-Bactria,

1107 1964 1258 2001 relatum
1288 1964 1362 2000 vult
1396 1970 1627 2013 crateresque
1660 1965 1762 2002 istius

1108 2021 1208 2058 modi
1224 2021 1473 2070 praegrandes
1487 2022 1534 2057 ad
1553 2022 1764 2070 antiquissi-

1109 2089 1169 2114 ma
1188 2077 1340 2113 donaria
1357 2076 1453 2113 Solis
1473 2089 1500 2113 s.
1523 2077 1704 2115 Buddhae
1725 2078 1763 2115 in

1107 2132 1293 2170 honorem.
1360 2133 1432 2177 Qui
1476 2133 1575 2169 illum
1611 2146 1761 2181 morem,

1108 2202 1180 2238 quo
1212 2189 1369 2237 Scythae
1406 2201 1522 2237 aeque
1559 2202 1601 2226 ac
1629 2190 1762 2226 Graeci

1107 2246 1143 2282 in
1162 2246 1329 2282 omnibus
1347 2244 1565 2282 solemnibus
1590 2257 1632 2280 ac
1650 2245 1760 2281 sacris

1105 2301 1262 2338 lebetum
1281 2301 1470 2338 maximam
1488 2300 1680 2337 habuerint
1703 2314 1763 2338 ra-

1106 2358 1264 2402 tionem,
1295 2369 1337 2393 ex
1356 2356 1456 2392 lndia
1475 2357 1521 2392 ad
1542 2356 1649 2394 hasce
1671 2370 1762 2405 gen-

1107 2418 1163 2449 tes
1197 2412 1360 2449 boreales
1397 2413 1646 2449 transmissum
1679 2425 1762 2450 esse

1106 2469 1227 2516 ibique
1255 2469 1302 2504 ad
1328 2480 1403 2504 rem
1433 2468 1590 2504 divinam
1622 2469 1762 2505 faciun-

1108 2525 1191 2561 dam
1216 2525 1370 2561 maxime
1395 2523 1552 2562 valuisse
1577 2525 1759 2574 opinatur.

1109 2580 1167 2616 Cs.
1200 2593 1235 2629 p.
1265 2581 1345 2620 346
1371 2592 1447 2628 seq.
1473 2600 1529 2607 -—
1569 2580 1681 2624 Quod
1711 2582 1761 2618 ad

1107 2637 1254 2673 crateris
1292 2636 1577 2684 magnitudinem
1617 2637 1762 2684 attinet,

1108 2693 1263 2729 conferri
1281 2692 1445 2728 volumus
1469 2692 1496 2738 l,
1518 2694 1583 2739 51,
1604 2693 1664 2729 ubi
1682 2705 1760 2730 cra·

1109 2754 1164 2786 ter
1182 2754 1378 2797 argenteus
1395 2761 1418 2786 a
1435 2748 1575 2786 Croeso
1594 2748 1759 2800 Delphos
