1863 3256
471 246 565 284 AD
623 239 1065 282 HERODOT.
1126 241 1324 287 111‚116.
1569 246 1654 286 655

143 365 266 412 gatam
287 360 399 398 fuisse
416 358 636 404 arbitratum
665 369 778 408 supra
802 356 874 393 iam
895 352 1268 393 commemoravimus,
1299 355 1412 392 Cuius
1436 359 1654 395 confusionis

141 429 378 480 praecipuum
399 430 584 464 auctorem
604 425 720 463 videri
739 424 922 469 Ctesiam3
951 423 1067 472 ipsam
1087 421 1134 458 de
1161 419 1312 469 gryphis
1342 423 1497 461 fabulam
1527 438 1547 462 e
1566 438 1656 476 poe-

139 502 257 534 tarum
280 494 586 545 descriptionibus
607 494 655 531 de
673 496 805 541 gente,
834 503 929 540 quae
949 488 1181 527 venationem
1199 487 1378 525 falconum
1399 502 1469 540 ope
1489 505 1657 530 εχει-ωε-

141 565 211 611 rit,
256 564 343 600 oriri
375 561 540 613 potuisse
569 560 666 597 idem
696 560 902 609 suspicatur
930 557 1039 594 Liuk.
1090 557 1211 600 Quam
1241 557 1363 606 potius
1394 569 1437 593 ex
1467 559 1658 597 Persarum

140 632 307 669 doctrina
331 643 433 668 sacra
456 630 506 665 ita
527 628 698 678 explicari
718 629 794 664 vult
815 626 949 663 Rhode
985 625 1129 670 (Ueber
1148 624 1249 662 Alter
1269 626 1342 662 und
1364 624 1493 662 werth
1524 628 1661 675 einiger

140 698 325 748 Morgenl.
345 696 516 735 Urkund.
538 707 626 745 pag.
646 696 699 734 98
719 707 824 744 seqq.
877 693 948 731 Die
966 692 1097 742 heilige
1115 694 1215 742 Sage
1239 693 1306 731 ‹ler
1320 693 1479 731 Baktrer
1490 722 1502 739 ,
1532 693 1662 731 Meder

141 771 210 805 etc.
244 778 330 816 pag.
349 766 431 805 227
460 764 558 812 seq.)
573 790 584 809 ,
615 767 656 798 ut
678 761 820 812 Gryphi
849 761 921 797 sint
942 760 1146 797 Altrz'mam'z'
1167 761 1265 810 genii
1288 774 1315 797 s.
1340 761 1468 808 Dews,
1509 773 1662 810 quorum

139 835 312 882 frequens
342 831 380 868 in
408 830 507 868 libris
528 831 721 868 Persarum
744 829 901 875 mentio,
929 829 992 877 qui
1009 841 1076 878 per
1097 830 1241 866 deserta
1259 829 1425 879 palantes
1444 828 1658 880 peregrina·

140 901 278 938 toribus
302 900 424 937 infesti
445 911 525 937 esse
548 899 772 947 eosdemque
795 896 979 946 quibusvis
1004 896 1108 934 malis
1135 910 1299 947 premere
1316 902 1510 948 putentur,
1541 909 1658 946 aqua-

140 981 220 1005 rum
250 967 396 1017 iuopia,
424 967 542 1004 ventis
572 967 750 1004 sabulosis
768 970 880 1015 atque
904 965 1153 1012 internecivis,
1185 978 1278 1014 quos
1303 967 1447 1004 nonnisi
1473 966 1533 1016 qui
1558 966 1660 1003 velo-

140 1036 289 1074 cissimis
316 1039 438 1072 utatur
466 1035 569 1083 equis
598 1034 762 1083 effugere
785 1034 913 1084 possit.
976 1032 1083 1076 Quae
1103 1037 1226 1070 tamen
1245 1035 1375 1071 merito
1399 1035 1660 1085 displicuerunt

140 1104 341 1142 Hammero
369 1104 406 1140 in
426 1102 570 1140 Annali.
603 1103 822 1141 Viennenss.
844 1101 897 1138 IX
916 1114 1003 1151 pag.
1028 1100 1081 1140 53
1103 1105 1194 1138 nott.
1214 1101 1291 1138 coll.
1321 1102 1465 1140 Annall.
1489 1102 1660 1140 Heidelb.

144 1174 252 1212 1823
283 1184 362 1208 nro.
384 1173 409 1212 6
431 1184 517 1222 pag.
541 1173 606 1213 92.
629 1173 682 1212 93
697 1200 708 1218 ,
738 1183 817 1208 cum
838 1182 960 1218 neque
980 1169 1038 1205 avi
1059 1169 1216 1218 Simurg.
1249 1169 1435 1220 (sphingi)
1465 1183 1586 1220 neque
1602 1170 1660 1206 avi

139 1240 243 1277 Roeh
261 1239 445 1290 (grypho)
472 1239 672 1289 quidquam
694 1240 741 1276 sit
759 1250 951 1277 commune
969 1249 1048 1273 cum
1072 1237 1150 1274 istis
1170 1237 1274 1274 malis
1295 1240 1423 1287 geniis,
1468 1239 1566 1282 Quin
1585 1250 1660 1275 non

141 1307 357 1355 defuerunt,
388 1307 452 1356 qui
471 1307 644 1357 Gryphos
674 1319 798 1344 aurum
827 1305 1080 1343 custodientes
1105 1318 1184 1342 cum
1204 1305 1400 1344 Cherubim
1430 1319 1554 1344 sacrae
1576 1306 1662 1343 scri-

140 1379 285 1426 pturae,
307 1375 466 1424 paradisi
491 1376 681 1412 introitum
703 1373 1004 1419 custodientibus,
1031 1374 1309 1422 contenderent,
1340 1375 1534 1425 ipsumque
1553 1386 1662 1425 para-

142 1443 263 1480 disum
283 1455 362 1479 cum
384 1442 427 1480 ea
441 1443 561 1490 terra,
591 1456 700 1492 quam
720 1442 795 1480 auri
821 1441 965 1493 plenam
987 1441 1130 1491 Gryphi
1162 1442 1272 1478 tutari
1298 1443 1487 1489 dicuntur,
1530 1444 1566 1479 in
1589 1454 1662 1492 qua

141 1522 301 1558 auream,
325 1522 433 1559 quam
457 1510 594 1557 dicunt,
616 1515 773 1549 aetatem
793 1510 964 1559 degerint
982 1508 1161 1547 homines.
1219 1510 1305 1547 vid.
1332 1510 1455 1550 Hasse.
1474 1509 1661 1548 Entdeck.

141 1578 191 1615 im
207 1579 238 1615 F
241 1577 322 1615 elde
347 1578 414 1614 der
439 1578 560 1615 iiltest.
582 1578 685 1614 Erd-
706 1579 782 1615 und
801 1577 1128 1625 Menschengesch.
1154 1590 1240 1627 pag.
1262 1577 1344 1618 235
1367 1579 1406 1615 ff.
1438 1579 1660 1616 Hartmann.

141 1644 411 1694 Aufklarungg.
430 1646 519 1683 iiber
535 1646 648 1683 Asien
671 1647 687 1682 1
708 1658 793 1697 pag.
815 1648 895 1687 137
919 1657 1023 1694 seqq.
1068 1643 1126 1681 Ad
1147 1646 1310 1682 Indicam
1331 1658 1433 1683 avem
1454 1659 1591 1683 sacram
1611 1644 1660 1681 dii

142 1713 327 1760 Vischnu,
356 1725 451 1761 quae
479 1717 628 1751 vocetur
650 1714 846 1760 Garouda,
879 1714 1021 1764 capite,
1054 1713 1208 1763 pennis,
1238 1714 1422 1763 unguibus
1441 1714 1586 1764 aquilae
1605 1714 1660 1750 in-

143 1784 338 1828 structam,
378 1780 532 1817 hominis
559 1794 712 1832 corpore
739 1795 782 1820 ac
811 1782 988 1833 pedibus,
1030 1781 1277 1819 narrationem
1303 1783 1350 1818 de
1380 1782 1541 1833 Gryphis
1572 1795 1659 1832 spe-

141 1854 241 1887 ctare
263 1853 386 1887 censet
403 1849 559 1887 Wilford
580 1851 616 1887 in
634 1850 777 1888 Asiatik
796 1849 990 1888 Research.
1014 1849 1115 1895 XIV,
1142 1851 1224 1891 373
1256 1850 1338 1888 coll.
1360 1850 1492 1890 Vienn.
1514 1848 1658 1887 Annall.

141 1917 193 1954 LI
210 1930 297 1969 pag.
317 1919 370 1957 33
387 1930 491 1967 seqq.
521 1917 603 1955 Alia
628 1932 723 1956 nunc
746 1919 875 1957 lubens
900 1923 1070 1964 transeo;
1100 1918 1170 1955 hoc
1189 1930 1300 1955 unum
1318 1919 1513 1964 adficiens,
1541 1918 1659 1968 ipsam

142 1998 269 2024 vocem
298 1981 412 2037 γρύψ
442 1985 614 2024 Persicae
641 1988 791 2038 originis
813 1987 928 2025 videri
949 1986 984 2023 T
986 1986 1160 2036 ychsenio
1199 1987 1277 2037 (ap.
1305 1986 1467 2025 Heeren.
1489 1987 1602 2024 Ideen
1631 1984 1661 2030 I,

143 2055 170 2093 2
193 2065 279 2104 pag·
300 2054 415 2102 386).
468 2054 651 2093 Persicam
674 2057 771 2095 enim
791 2069 917 2094 vocem
940 2055 1102 2105 gereifen
1122 2054 1243 2092 valere
1261 2055 1338 2091 vult
1358 2055 1520 2104 greisen3
1559 2054 1660 2091 cuius

143 2122 401 2160 terminatione
428 2123 592 2170 abiecta,
621 2137 771 2163 manere
790 2123 906 2174 grets,
938 2124 1039 2173 quod
1058 2124 1176 2173 ipsum
1199 2124 1394 2160 conveniat
1414 2136 1493 2160 cum
1518 2122 1662 2159 Graeca

143 2201 234 2226 voce
256 2184 380 2241 γρύψ.
419 2188 516 2227 Utut
536 2195 613 2239 est,
649 2205 694 2229 ex
711 2193 853 2230 oriente
882 2191 1043 2229 fabulam
1062 2192 1110 2229 de
1136 2190 1298 2241 Gryphis
1325 2192 1373 2228 ad
1394 2191 1556 2228 Graecos
1576 2188 1665 2226 alla-

142 2260 220 2294 tam
257 2269 360 2301 esse‚
398 2257 547 2297 minime
586 2260 749 2298 dubium.
805 2260 917 2311 Apud
947 2272 1041 2309 quos
1071 2264 1247 2309 quantum
1272 2259 1392 2296 locum
1422 2263 1564 2296 mature
1591 2258 1663 2294 iam

143 2325 324 2372 tenuerit,
354 2325 573 2364 documento
601 2332 689 2366 sunt
717 2329 809 2365 artis
832 2340 966 2378 opera:
1004 2328 1041 2364 in
1067 2328 1199 2377 quibus
1226 2328 1440 2376 frequenter
1472 2327 1665 2363 occurrunt

142 2393 275 2444 gryphi
292 2394 393 2431 varia
412 2395 529 2432 forma
549 2407 591 2433 ac
611 2396 877 2445 significatione
899 2398 1046 2432 ornatus
1073 2407 1182 2433 eausa
1211 2393 1384 2439 adhibiti3
1421 2398 1460 2431 at
1478 2394 1566 2443 quid
1594 2405 1663 2443 po-

143 2460 325 2498 tissimum
362 2461 406 2499 iis
447 2462 646 2513 indicetur,
685 2464 783 2501 haud
814 2476 963 2514 prorsus
994 2463 1135 2512 liquere
1165 2463 1309 2500 videtur
1333 2460 1515 2499 Viilckero
1542 2459 1662 2509 Myth.

146 2527 286 2577 Geogr.
304 2529 321 2565 I
339 2542 427 2579 pag·
449 2530 549 2578 184,
582 2532 651 2569 nisi
670 2536 712 2569 ut
738 2532 956 2583 sphingibus
984 2532 1035 2568 ita
1065 2531 1214 2581 gryphis
1241 2530 1347 2568 altius
1377 2530 1464 2579 quid
1485 2542 1527 2566 ac
1545 2528 1662 2576 magis

145 2595 383 2643 reconditum,
406 2611 574 2636 arcanam
591 2600 775 2649 quandam
799 2599 1016 2650 sapientiam
1038 2598 1234 2647 significari
1252 2602 1405 2635 statuas.
1440 2596 1516 2633 Sed
1537 2596 1583 2633 de
1605 2595 1660 2632 his

145 2663 310 2714 pluribus
339 2664 547 2715 disputare,
577 2666 681 2704 huius
711 2666 780 2705 loci
801 2680 876 2704 non
899 2672 965 2705 est.
1017 2667 1078 2705 Tu
1099 2667 1172 2703 vid.
1191 2666 1370 2712 Bouiger.
1393 2662 1661 2713 Kunstmytho-

143 2730 216 2781 log.
246 2731 260 2767 Ι
298 2744 385 2781 pag.
404 2731 498 2775 422.
544 2734 838 2785 Vasengemalde
868 2736 939 2782 111,
982 2735 1074 2776 105.
1128 2734 1300 2771 Creuzer.
1329 2730 1492 2780 Symbol.
1524 2730 1539 2766 I
1571 2741 1659 2781 pag,

144 2797 241 2839 443.
271 2799 367 2840 540.
418 2801 421 2803 ’
