<?xml version="1.0" encoding="UTF-8"?>
<!DOCTYPE html PUBLIC "-//W3C//DTD XHTML 1.0 Transitional//EN"
    "http://www.w3.org/TR/xhtml1/DTD/xhtml1-transitional.dtd">
<html xmlns="http://www.w3.org/1999/xhtml" xml:lang="en" lang="en">
 <head>
  <title>
</title>
<meta http-equiv="Content-Type" content="text/html;charset=utf-8" />
  <meta name='ocr-system' content='tesseract 3.04.00' />
  <meta name='ocr-capabilities' content='ocr_page ocr_carea ocr_par ocr_line ocrx_word'/>
</head>
<body>
  <div class='ocr_page' id='page_1' title='image "./musaeher02hero/musaeher02hero_0045.png"; bbox 0 0 1946 3272; ppageno 0'>
   <div class='ocr_carea' id='block_1_1' title="bbox 0 712 34 3264">
    <p class='ocr_par' dir='ltr' id='par_1_1' title="bbox 0 712 34 3264">
     <span class='ocr_line' id='line_1_1' title="bbox 0 712 34 3264; baseline 0 0"><span class='ocrx_word' id='word_1_1' title='bbox 0 712 34 3264; x_wconf 95' lang='lat' dir='ltr'> </span> 
     </span>
    </p>
   </div>
   <div class='ocr_carea' id='block_1_2' title="bbox 613 201 1483 250">
    <p class='ocr_par' dir='ltr' id='par_1_2' title="bbox 613 201 1483 250">
     <span class='ocr_line' id='line_1_2' title="bbox 613 201 1483 250; baseline 0 -10"><span class='ocrx_word' id='word_1_2' title='bbox 613 201 958 241; x_wconf 82' lang='lat' dir='ltr'>THALIA.</span> <span class='ocrx_word' id='word_1_3' title='bbox 1014 202 1078 242; x_wconf 86' lang='lat'>111.</span> <span class='ocrx_word' id='word_1_4' title='bbox 1426 210 1483 250; x_wconf 81' lang='lat'>35</span> 
     </span>
    </p>
   </div>
   <div class='ocr_carea' id='block_1_3' title="bbox 174 309 1539 798">
    <p class='ocr_par' dir='ltr' id='par_1_3' title="bbox 174 309 1539 798">
     <span class='ocr_line' id='line_1_3' title="bbox 174 309 1480 373; baseline -0.003 -16"><span class='ocrx_word' id='word_1_5' title='bbox 174 316 467 373; x_wconf 70' lang='grc' dir='ltr'><strong><em>Ξοίκημένους</em></strong></span> <span class='ocrx_word' id='word_1_6' title='bbox 496 311 542 355; x_wconf 82' lang='grc' dir='ltr'>δὲ</span> <span class='ocrx_word' id='word_1_7' title='bbox 571 311 740 368; x_wconf 85' lang='grc' dir='ltr'><strong><em>Λιβύης</em></strong></span> <span class='ocrx_word' id='word_1_8' title='bbox 769 311 838 355; x_wconf 77' lang='grc' dir='ltr'>ἐπὶ</span> <span class='ocrx_word' id='word_1_9' title='bbox 866 315 920 369; x_wconf 86' lang='grc' dir='ltr'>τῇ</span> <span class='ocrx_word' id='word_1_10' title='bbox 948 312 1075 370; x_wconf 82' lang='grc' dir='ltr'><em>νοτίῃ</em></span> <span class='ocrx_word' id='word_1_11' title='bbox 1105 309 1320 368; x_wconf 76' lang='grc' dir='ltr'><em>θαλάσσῃ.</em></span> <span class='ocrx_word' id='word_1_12' title='bbox 1379 316 1480 369; x_wconf 86' lang='grc' dir='ltr'>βου.</span> 
     </span>
     <span class='ocr_line' id='line_1_4' title="bbox 203 381 1539 441; baseline -0.004 -9"><span class='ocrx_word' id='word_1_13' title='bbox 203 385 420 441; x_wconf 85' lang='grc' dir='ltr'><strong><em>λευομένῳ</em></strong></span> <span class='ocrx_word' id='word_1_14' title='bbox 459 381 505 426; x_wconf 83' lang='grc' dir='ltr'>δέ</span> <span class='ocrx_word' id='word_1_15' title='bbox 544 384 588 425; x_wconf 83' lang='grc' dir='ltr'>οἱ</span> <span class='ocrx_word' id='word_1_16' title='bbox 624 383 762 436; x_wconf 77' lang='grc' dir='ltr'><strong><em>ἔδοξε,</em></strong></span> <span class='ocrx_word' id='word_1_17' title='bbox 808 383 876 427; x_wconf 79' lang='grc' dir='ltr'>ἐπὶ</span> <span class='ocrx_word' id='word_1_18' title='bbox 917 383 998 439; x_wconf 79' lang='grc' dir='ltr'><strong><em>μὲν</em></strong></span> <span class='ocrx_word' id='word_1_19' title='bbox 1028 384 1366 438; x_wconf 82' lang='grc' dir='ltr'><strong><em>Καρχηδονίους</em></strong></span> <span class='ocrx_word' id='word_1_20' title='bbox 1402 383 1539 427; x_wconf 86' lang='grc' dir='ltr'><strong><em>τὸν30</em></strong></span> 
     </span>
     <span class='ocr_line' id='line_1_5' title="bbox 203 452 1479 509; baseline -0.003 -8"><span class='ocrx_word' id='word_1_21' title='bbox 203 455 411 501; x_wconf 85' lang='grc' dir='ltr'><strong><em>ναυτικὸν</em></strong></span> <span class='ocrx_word' id='word_1_22' title='bbox 441 453 629 509; x_wconf 79' lang='grc' dir='ltr'><strong><em>στρατὸν</em></strong></span> <span class='ocrx_word' id='word_1_23' title='bbox 655 454 956 498; x_wconf 76' lang='grc' dir='ltr'><strong><em>ἀποστέλλειν·</em></strong></span> <span class='ocrx_word' id='word_1_24' title='bbox 1013 454 1082 497; x_wconf 80' lang='grc' dir='ltr'>ἐπὶ</span> <span class='ocrx_word' id='word_1_25' title='bbox 1111 454 1157 498; x_wconf 79' lang='grc' dir='ltr'>δὲ</span> <span class='ocrx_word' id='word_1_26' title='bbox 1193 452 1479 509; x_wconf 76' lang='grc' dir='ltr'><strong><em>Ἀμμωνίους,</em></strong></span> 
     </span>
     <span class='ocr_line' id='line_1_6' title="bbox 202 524 1479 582; baseline -0.002 -11"><span class='ocrx_word' id='word_1_27' title='bbox 202 531 281 571; x_wconf 86' lang='grc' dir='ltr'>τοῦ</span> <span class='ocrx_word' id='word_1_28' title='bbox 309 530 441 579; x_wconf 80' lang='grc' dir='ltr'><strong><em>πεζοῦ</em></strong></span> <span class='ocrx_word' id='word_1_29' title='bbox 471 524 792 582; x_wconf 81' lang='grc' dir='ltr'><strong><em>ἀποκρίναντα·</em></strong></span> <span class='ocrx_word' id='word_1_30' title='bbox 834 526 901 570; x_wconf 82' lang='grc' dir='ltr'>ἐπὶ</span> <span class='ocrx_word' id='word_1_31' title='bbox 933 525 980 569; x_wconf 81' lang='grc' dir='ltr'>δὲ</span> <span class='ocrx_word' id='word_1_32' title='bbox 1009 526 1112 577; x_wconf 82' lang='grc' dir='ltr'><strong><em>τοὺς</em></strong></span> <span class='ocrx_word' id='word_1_33' title='bbox 1137 527 1374 578; x_wconf 79' lang='grc' dir='ltr'><strong><em>Αἰθίοπας,</em></strong></span> <span class='ocrx_word' id='word_1_34' title='bbox 1405 543 1479 568; x_wconf 82' lang='grc' dir='ltr'>κα-</span> 
     </span>
     <span class='ocr_line' id='line_1_7' title="bbox 198 596 1483 654; baseline -0.001 -13"><span class='ocrx_word' id='word_1_35' title='bbox 198 597 360 648; x_wconf 84' lang='grc' dir='ltr'><strong><em>τόπτας</em></strong></span> <span class='ocrx_word' id='word_1_36' title='bbox 388 602 586 650; x_wconf 78' lang='grc' dir='ltr'><strong><em>πρῶτον,</em></strong></span> <span class='ocrx_word' id='word_1_37' title='bbox 619 598 868 654; x_wconf 83' lang='grc' dir='ltr'><strong><em>ὀψομένους</em></strong></span> <span class='ocrx_word' id='word_1_38' title='bbox 899 615 943 642; x_wconf 83' lang='grc' dir='ltr'>τε</span> <span class='ocrx_word' id='word_1_39' title='bbox 971 596 1052 654; x_wconf 78' lang='grc' dir='ltr'><strong><em>τὴν</em></strong></span> <span class='ocrx_word' id='word_1_40' title='bbox 1083 597 1130 641; x_wconf 80' lang='grc' dir='ltr'><strong><em>ἐν</em></strong></span> <span class='ocrx_word' id='word_1_41' title='bbox 1150 596 1348 641; x_wconf 83' lang='grc' dir='ltr'><strong><em>τούτοισι</em></strong></span> <span class='ocrx_word' id='word_1_42' title='bbox 1369 601 1483 640; x_wconf 85' lang='grc' dir='ltr'><strong><em>τοῖσι</em></strong></span> 
     </span>
     <span class='ocr_line' id='line_1_8' title="bbox 198 668 1483 726; baseline 0.001 -14"><span class='ocrx_word' id='word_1_43' title='bbox 198 670 387 721; x_wconf 77' lang='grc' dir='ltr'><strong><em>Αἰθίοψι</em></strong></span> <span class='ocrx_word' id='word_1_44' title='bbox 427 669 667 726; x_wconf 81' lang='grc' dir='ltr'><strong><em>λεγομένην</em></strong></span> <span class='ocrx_word' id='word_1_45' title='bbox 703 669 816 713; x_wconf 79' lang='grc' dir='ltr'><strong><em>εἶναι</em></strong></span> <span class='ocrx_word' id='word_1_46' title='bbox 857 669 985 726; x_wconf 82' lang='grc' dir='ltr'><strong><em>ἡλίου</em></strong></span> <span class='ocrx_word' id='word_1_47' title='bbox 1036 668 1270 724; x_wconf 80' lang='grc' dir='ltr'><strong><em>τράπεζαν,</em></strong></span> <span class='ocrx_word' id='word_1_48' title='bbox 1318 671 1354 712; x_wconf 84' lang='grc' dir='ltr'>εἰ</span> <span class='ocrx_word' id='word_1_49' title='bbox 1393 669 1483 713; x_wconf 75' lang='grc' dir='ltr'><strong><em>ἔστι</em></strong></span> 
     </span>
     <span class='ocr_line' id='line_1_9' title="bbox 199 738 1480 798; baseline 0 -14"><span class='ocrx_word' id='word_1_50' title='bbox 199 738 422 798; x_wconf 77' lang='grc' dir='ltr'><strong><em>ἀληθέως,</em></strong></span> <span class='ocrx_word' id='word_1_51' title='bbox 463 741 537 785; x_wconf 81' lang='grc' dir='ltr'>καὶ</span> <span class='ocrx_word' id='word_1_52' title='bbox 573 741 683 796; x_wconf 81' lang='grc' dir='ltr'><strong><em>πρὸς</em></strong></span> <span class='ocrx_word' id='word_1_53' title='bbox 720 740 857 798; x_wconf 81' lang='grc' dir='ltr'><strong><em>ταύτῃ</em></strong></span> <span class='ocrx_word' id='word_1_54' title='bbox 891 741 945 784; x_wconf 81' lang='grc' dir='ltr'>τὰ</span> <span class='ocrx_word' id='word_1_55' title='bbox 977 739 1088 784; x_wconf 82' lang='grc' dir='ltr'><strong><em>ἄλλα</em></strong></span> <span class='ocrx_word' id='word_1_56' title='bbox 1128 740 1480 797; x_wconf 80' lang='grc' dir='ltr'><strong><em>κατοψομένους·</em></strong></span> 
     </span>
    </p>
   </div>
   <div class='ocr_carea' id='block_1_4' title="bbox 144 863 419 869">
    <p class='ocr_par' dir='ltr' id='par_1_4' title="bbox 144 863 419 869">
     <span class='ocr_line' id='line_1_10' title="bbox 144 863 419 869; baseline 0 0"><span class='ocrx_word' id='word_1_57' title='bbox 144 863 419 869; x_wconf 95' lang='lat' dir='ltr'> </span> 
     </span>
    </p>
   </div>
   <div class='ocr_carea' id='block_1_5' title="bbox 141 926 818 2905">
    <p class='ocr_par' dir='ltr' id='par_1_5' title="bbox 141 926 818 2905">
     <span class='ocr_line' id='line_1_11' title="bbox 141 926 810 978; baseline 0.001 -14"><span class='ocrx_word' id='word_1_58' title='bbox 141 931 303 965; x_wconf 85' lang='lat' dir='ltr'>statuere</span> <span class='ocrx_word' id='word_1_59' title='bbox 320 940 497 978; x_wconf 86' lang='lat' dir='ltr'>perquam</span> <span class='ocrx_word' id='word_1_60' title='bbox 511 926 669 966; x_wconf 89' lang='lat' dir='ltr'>difficile.</span> <span class='ocrx_word' id='word_1_61' title='bbox 699 927 810 971; x_wconf 88' lang='lat' dir='ltr'>Quod</span> 
     </span>
     <span class='ocr_line' id='line_1_12' title="bbox 143 984 810 1023; baseline -0.001 -1"><span class='ocrx_word' id='word_1_62' title='bbox 143 985 239 1023; x_wconf 89' lang='lat' dir='ltr'>enim</span> <span class='ocrx_word' id='word_1_63' title='bbox 260 984 345 1021; x_wconf 91' lang='lat' dir='ltr'>olim</span> <span class='ocrx_word' id='word_1_64' title='bbox 370 984 582 1022; x_wconf 87' lang='lat' dir='ltr'>Macrobios</span> <span class='ocrx_word' id='word_1_65' title='bbox 604 985 651 1022; x_wconf 88' lang='lat' dir='ltr'>ad</span> <span class='ocrx_word' id='word_1_66' title='bbox 672 985 810 1022; x_wconf 80' lang='lat' dir='ltr'><strong>tribum</strong></span> 
     </span>
     <span class='ocr_line' id='line_1_13' title="bbox 143 1039 809 1090; baseline -0.002 -11"><span class='ocrx_word' id='word_1_67' title='bbox 143 1042 330 1090; x_wconf 88' lang='lat' dir='ltr'>quandam</span> <span class='ocrx_word' id='word_1_68' title='bbox 344 1039 462 1089; x_wconf 92' lang='lat' dir='ltr'>(nunc</span> <span class='ocrx_word' id='word_1_69' title='bbox 482 1042 663 1079; x_wconf 88' lang='lat' dir='ltr'>nominari</span> <span class='ocrx_word' id='word_1_70' title='bbox 682 1041 809 1078; x_wconf 88' lang='lat' dir='ltr'>dicunt</span> 
     </span>
     <span class='ocr_line' id='line_1_14' title="bbox 144 1096 809 1148; baseline -0.002 -13"><span class='ocrx_word' id='word_1_71' title='bbox 144 1096 380 1148; x_wconf 85' lang='lat' dir='ltr'>Shangallas)</span> <span class='ocrx_word' id='word_1_72' title='bbox 407 1103 556 1136; x_wconf 88' lang='lat' dir='ltr'>auctore</span> <span class='ocrx_word' id='word_1_73' title='bbox 578 1099 716 1144; x_wconf 89' lang='lat' dir='ltr'>Bruce,</span> <span class='ocrx_word' id='word_1_74' title='bbox 748 1111 809 1135; x_wconf 88' lang='lat' dir='ltr'>ce-</span> 
     </span>
     <span class='ocr_line' id='line_1_15' title="bbox 143 1153 810 1204; baseline -0.003 -11"><span class='ocrx_word' id='word_1_75' title='bbox 143 1155 335 1193; x_wconf 87' lang='lat' dir='ltr'>leberrimo</span> <span class='ocrx_word' id='word_1_76' title='bbox 353 1155 642 1204; x_wconf 87' lang='lat' dir='ltr'>peregrinatore,</span> <span class='ocrx_word' id='word_1_77' title='bbox 671 1153 810 1192; x_wconf 91' lang='lat' dir='ltr'>retule-</span> 
     </span>
     <span class='ocr_line' id='line_1_16' title="bbox 143 1211 811 1261; baseline 0 -13"><span class='ocrx_word' id='word_1_78' title='bbox 143 1217 250 1259; x_wconf 88' lang='lat' dir='ltr'>runt,</span> <span class='ocrx_word' id='word_1_79' title='bbox 281 1211 320 1248; x_wconf 87' lang='lat' dir='ltr'>id</span> <span class='ocrx_word' id='word_1_80' title='bbox 349 1212 514 1260; x_wconf 90' lang='lat' dir='ltr'>quamvis</span> <span class='ocrx_word' id='word_1_81' title='bbox 537 1224 655 1261; x_wconf 84' lang='lat' dir='ltr'>nuper</span> <span class='ocrx_word' id='word_1_82' title='bbox 678 1211 725 1248; x_wconf 90' lang='lat' dir='ltr'>ab</span> <span class='ocrx_word' id='word_1_83' title='bbox 747 1223 811 1248; x_wconf 88' lang='lat' dir='ltr'>eo-</span> 
     </span>
     <span class='ocr_line' id='line_1_17' title="bbox 144 1266 809 1317; baseline -0.005 -11"><span class='ocrx_word' id='word_1_84' title='bbox 144 1269 227 1306; x_wconf 88' lang='lat' dir='ltr'>dem</span> <span class='ocrx_word' id='word_1_85' title='bbox 251 1266 472 1304; x_wconf 84' lang='lat' dir='ltr'>Maltebrun.</span> <span class='ocrx_word' id='word_1_86' title='bbox 507 1267 530 1304; x_wconf 91' lang='grc' dir='ltr'>Ι.</span> <span class='ocrx_word' id='word_1_87' title='bbox 559 1267 581 1304; x_wconf 95' lang='grc' dir='ltr'>Ι.</span> <span class='ocrx_word' id='word_1_88' title='bbox 611 1280 697 1317; x_wconf 89' lang='lat' dir='ltr'>pag.</span> <span class='ocrx_word' id='word_1_89' title='bbox 726 1269 809 1309; x_wconf 86' lang='lat'>360</span> 
     </span>
     <span class='ocr_line' id='line_1_18' title="bbox 143 1324 811 1375; baseline 0 -14"><span class='ocrx_word' id='word_1_90' title='bbox 143 1325 224 1375; x_wconf 89' lang='lat' dir='ltr'>(ubi</span> <span class='ocrx_word' id='word_1_91' title='bbox 254 1325 463 1362; x_wconf 87' lang='lat' dir='ltr'>Macrobios</span> <span class='ocrx_word' id='word_1_92' title='bbox 493 1325 540 1361; x_wconf 87' lang='lat' dir='ltr'>ab</span> <span class='ocrx_word' id='word_1_93' title='bbox 563 1324 811 1375; x_wconf 78' lang='lat' dir='ltr'>Ichthyopha-</span> 
     </span>
     <span class='ocr_line' id='line_1_19' title="bbox 144 1378 809 1431; baseline 0 -13"><span class='ocrx_word' id='word_1_94' title='bbox 144 1382 200 1431; x_wconf 88' lang='lat' dir='ltr'>gis</span> <span class='ocrx_word' id='word_1_95' title='bbox 219 1381 331 1430; x_wconf 88' lang='lat' dir='ltr'>longe</span> <span class='ocrx_word' id='word_1_96' title='bbox 357 1385 519 1419; x_wconf 89' lang='lat' dir='ltr'>remotos</span> <span class='ocrx_word' id='word_1_97' title='bbox 545 1382 656 1419; x_wconf 85' lang='lat' dir='ltr'>fuisse</span> <span class='ocrx_word' id='word_1_98' title='bbox 675 1378 809 1431; x_wconf 86' lang='lat' dir='ltr'>negat)</span> 
     </span>
     <span class='ocr_line' id='line_1_20' title="bbox 144 1438 811 1489; baseline 0.003 -15"><span class='ocrx_word' id='word_1_99' title='bbox 144 1439 267 1476; x_wconf 89' lang='lat' dir='ltr'>denuo</span> <span class='ocrx_word' id='word_1_100' title='bbox 288 1443 519 1489; x_wconf 87' lang='lat' dir='ltr'>susceptum,</span> <span class='ocrx_word' id='word_1_101' title='bbox 550 1438 681 1475; x_wconf 90' lang='lat' dir='ltr'>falsum</span> <span class='ocrx_word' id='word_1_102' title='bbox 704 1451 811 1489; x_wconf 84' lang='lat' dir='ltr'>repe-</span> 
     </span>
     <span class='ocr_line' id='line_1_21' title="bbox 143 1494 811 1533; baseline -0.001 0"><span class='ocrx_word' id='word_1_103' title='bbox 143 1495 234 1533; x_wconf 92' lang='lat' dir='ltr'>ritur</span> <span class='ocrx_word' id='word_1_104' title='bbox 269 1495 502 1533; x_wconf 91' lang='lat' dir='ltr'>monentibus</span> <span class='ocrx_word' id='word_1_105' title='bbox 540 1494 728 1532; x_wconf 89' lang='lat' dir='ltr'>Larchero</span> <span class='ocrx_word' id='word_1_106' title='bbox 774 1498 811 1533; x_wconf 87' lang='lat' dir='ltr'>et</span> 
     </span>
     <span class='ocr_line' id='line_1_22' title="bbox 144 1552 811 1601; baseline 0 -12"><span class='ocrx_word' id='word_1_107' title='bbox 144 1553 351 1599; x_wconf 86' lang='lat' dir='ltr'>Heereni0‚</span> <span class='ocrx_word' id='word_1_108' title='bbox 382 1565 461 1589; x_wconf 93' lang='lat' dir='ltr'>cum</span> <span class='ocrx_word' id='word_1_109' title='bbox 491 1553 560 1589; x_wconf 86' lang='lat' dir='ltr'>ista</span> <span class='ocrx_word' id='word_1_110' title='bbox 594 1565 686 1601; x_wconf 87' lang='lat' dir='ltr'>gens</span> <span class='ocrx_word' id='word_1_111' title='bbox 716 1552 811 1589; x_wconf 82' lang='lat' dir='ltr'>infra</span> 
     </span>
     <span class='ocr_line' id='line_1_23' title="bbox 143 1608 810 1658; baseline 0 -12"><span class='ocrx_word' id='word_1_112' title='bbox 143 1609 335 1658; x_wconf 81' lang='lat' dir='ltr'>regionem</span> <span class='ocrx_word' id='word_1_113' title='bbox 357 1609 550 1647; x_wconf 86' lang='lat' dir='ltr'>auriferam</span> <span class='ocrx_word' id='word_1_114' title='bbox 563 1608 669 1646; x_wconf 92' lang='lat' dir='ltr'>Gaba</span> <span class='ocrx_word' id='word_1_115' title='bbox 684 1614 720 1647; x_wconf 90' lang='lat' dir='ltr'>et</span> <span class='ocrx_word' id='word_1_116' title='bbox 730 1608 810 1647; x_wconf 91' lang='lat' dir='ltr'>Nu-</span> 
     </span>
     <span class='ocr_line' id='line_1_24' title="bbox 144 1665 812 1716; baseline 0 -13"><span class='ocrx_word' id='word_1_117' title='bbox 144 1666 193 1703; x_wconf 88' lang='lat' dir='ltr'>ba</span> <span class='ocrx_word' id='word_1_118' title='bbox 213 1667 261 1702; x_wconf 89' lang='lat' dir='ltr'>ad</span> <span class='ocrx_word' id='word_1_119' title='bbox 279 1669 473 1715; x_wconf 86' lang='lat' dir='ltr'>utramque</span> <span class='ocrx_word' id='word_1_120' title='bbox 492 1665 568 1703; x_wconf 90' lang='lat' dir='ltr'>Nili</span> <span class='ocrx_word' id='word_1_121' title='bbox 592 1666 723 1716; x_wconf 83' lang='lat' dir='ltr'>ripam,</span> <span class='ocrx_word' id='word_1_122' title='bbox 754 1679 812 1703; x_wconf 85' lang='lat' dir='ltr'>se-</span> 
     </span>
     <span class='ocr_line' id='line_1_25' title="bbox 144 1721 812 1773; baseline -0.001 -14"><span class='ocrx_word' id='word_1_123' title='bbox 144 1723 389 1773; x_wconf 87' lang='lat' dir='ltr'>ptentrionem</span> <span class='ocrx_word' id='word_1_124' title='bbox 428 1735 552 1760; x_wconf 88' lang='lat' dir='ltr'>versus</span> <span class='ocrx_word' id='word_1_125' title='bbox 589 1734 611 1758; x_wconf 91' lang='lat' dir='ltr'>a</span> <span class='ocrx_word' id='word_1_126' title='bbox 646 1721 812 1759; x_wconf 84' lang='lat' dir='ltr'>Fazukla</span> 
     </span>
     <span class='ocr_line' id='line_1_26' title="bbox 144 1779 813 1828; baseline -0.001 -11"><span class='ocrx_word' id='word_1_127' title='bbox 144 1779 299 1825; x_wconf 83' lang='lat' dir='ltr'>habitet,</span> <span class='ocrx_word' id='word_1_128' title='bbox 321 1783 357 1816; x_wconf 91' lang='lat' dir='ltr'>et</span> <span class='ocrx_word' id='word_1_129' title='bbox 376 1779 525 1828; x_wconf 88' lang='lat' dir='ltr'>quidem</span> <span class='ocrx_word' id='word_1_130' title='bbox 547 1779 668 1817; x_wconf 89' lang='lat' dir='ltr'>media</span> <span class='ocrx_word' id='word_1_131' title='bbox 685 1779 722 1816; x_wconf 88' lang='lat' dir='ltr'>in</span> <span class='ocrx_word' id='word_1_132' title='bbox 739 1784 813 1816; x_wconf 88' lang='lat' dir='ltr'>ter-</span> 
     </span>
     <span class='ocr_line' id='line_1_27' title="bbox 144 1835 811 1886; baseline -0.001 -13"><span class='ocrx_word' id='word_1_133' title='bbox 144 1849 185 1873; x_wconf 86' lang='lat' dir='ltr'>ra</span> <span class='ocrx_word' id='word_1_134' title='bbox 210 1835 338 1886; x_wconf 87' lang='lat' dir='ltr'>procul</span> <span class='ocrx_word' id='word_1_135' title='bbox 365 1848 388 1872; x_wconf 90' lang='lat' dir='ltr'>a</span> <span class='ocrx_word' id='word_1_136' title='bbox 417 1836 530 1883; x_wconf 88' lang='lat' dir='ltr'>mari,</span> <span class='ocrx_word' id='word_1_137' title='bbox 560 1848 627 1873; x_wconf 92' lang='lat' dir='ltr'>nec</span> <span class='ocrx_word' id='word_1_138' title='bbox 649 1848 811 1885; x_wconf 89' lang='lat' dir='ltr'>uuquam</span> 
     </span>
     <span class='ocr_line' id='line_1_28' title="bbox 145 1893 811 1939; baseline 0.002 -10"><span class='ocrx_word' id='word_1_139' title='bbox 145 1893 182 1930; x_wconf 87' lang='lat' dir='ltr'>in</span> <span class='ocrx_word' id='word_1_140' title='bbox 210 1893 316 1930; x_wconf 88' lang='lat' dir='ltr'>urbes</span> <span class='ocrx_word' id='word_1_141' title='bbox 344 1897 492 1939; x_wconf 88' lang='lat' dir='ltr'>coacta,</span> <span class='ocrx_word' id='word_1_142' title='bbox 523 1905 592 1930; x_wconf 85' lang='lat' dir='ltr'>nec</span> <span class='ocrx_word' id='word_1_143' title='bbox 621 1893 669 1929; x_wconf 89' lang='lat' dir='ltr'>ad</span> <span class='ocrx_word' id='word_1_144' title='bbox 698 1893 811 1930; x_wconf 81' lang='lat' dir='ltr'>vitam</span> 
     </span>
     <span class='ocr_line' id='line_1_29' title="bbox 144 1948 812 1998; baseline -0.003 -11"><span class='ocrx_word' id='word_1_145' title='bbox 144 1950 263 1998; x_wconf 85' lang='lat' dir='ltr'>magis</span> <span class='ocrx_word' id='word_1_146' title='bbox 295 1949 455 1996; x_wconf 81' lang='lat' dir='ltr'>civilem,</span> <span class='ocrx_word' id='word_1_147' title='bbox 494 1948 637 1998; x_wconf 88' lang='lat' dir='ltr'>qualem</span> <span class='ocrx_word' id='word_1_148' title='bbox 664 1948 812 1986; x_wconf 89' lang='lat' dir='ltr'>Macro-</span> 
     </span>
     <span class='ocr_line' id='line_1_30' title="bbox 145 2006 813 2055; baseline -0.003 -11"><span class='ocrx_word' id='word_1_149' title='bbox 145 2007 226 2044; x_wconf 90' lang='lat' dir='ltr'>bios</span> <span class='ocrx_word' id='word_1_150' title='bbox 261 2007 379 2055; x_wconf 83' lang='lat' dir='ltr'>egisse</span> <span class='ocrx_word' id='word_1_151' title='bbox 415 2007 502 2043; x_wconf 85' lang='lat' dir='ltr'>satis</span> <span class='ocrx_word' id='word_1_152' title='bbox 534 2006 697 2043; x_wconf 88' lang='lat' dir='ltr'>ostendit</span> <span class='ocrx_word' id='word_1_153' title='bbox 732 2007 813 2055; x_wconf 87' lang='lat' dir='ltr'>ipsa</span> 
     </span>
     <span class='ocr_line' id='line_1_31' title="bbox 143 2063 814 2110; baseline -0.001 -9"><span class='ocrx_word' id='word_1_154' title='bbox 143 2063 327 2101; x_wconf 86' lang='lat' dir='ltr'>Herodoti</span> <span class='ocrx_word' id='word_1_155' title='bbox 336 2063 512 2110; x_wconf 89' lang='lat' dir='ltr'>narratio,</span> <span class='ocrx_word' id='word_1_156' title='bbox 523 2063 701 2100; x_wconf 88' lang='lat' dir='ltr'>traducta.</span> <span class='ocrx_word' id='word_1_157' title='bbox 733 2063 814 2100; x_wconf 91' lang='lat' dir='ltr'>He-</span> 
     </span>
     <span class='ocr_line' id='line_1_32' title="bbox 144 2119 812 2157; baseline 0 -1"><span class='ocrx_word' id='word_1_158' title='bbox 144 2120 267 2157; x_wconf 87' lang='lat' dir='ltr'>rodoti</span> <span class='ocrx_word' id='word_1_159' title='bbox 293 2119 472 2157; x_wconf 85' lang='lat' dir='ltr'>Macrobii</span> <span class='ocrx_word' id='word_1_160' title='bbox 498 2121 544 2157; x_wconf 87' lang='lat' dir='ltr'>ad</span> <span class='ocrx_word' id='word_1_161' title='bbox 575 2132 676 2157; x_wconf 86' lang='lat' dir='ltr'>mare</span> <span class='ocrx_word' id='word_1_162' title='bbox 703 2120 812 2157; x_wconf 88' lang='lat' dir='ltr'>sedes</span> 
     </span>
     <span class='ocr_line' id='line_1_33' title="bbox 145 2177 813 2222; baseline 0.001 -8"><span class='ocrx_word' id='word_1_163' title='bbox 145 2177 282 2215; x_wconf 89' lang='lat' dir='ltr'>habere</span> <span class='ocrx_word' id='word_1_164' title='bbox 308 2177 489 2222; x_wconf 78' lang='lat' dir='ltr'>dicuntur,</span> <span class='ocrx_word' id='word_1_165' title='bbox 515 2177 553 2213; x_wconf 90' lang='lat' dir='ltr'>in</span> <span class='ocrx_word' id='word_1_166' title='bbox 574 2177 729 2215; x_wconf 84' lang='lat' dir='ltr'>maxime</span> <span class='ocrx_word' id='word_1_167' title='bbox 756 2189 813 2215; x_wconf 87' lang='lat' dir='ltr'>re-</span> 
     </span>
     <span class='ocr_line' id='line_1_34' title="bbox 146 2234 813 2284; baseline -0.001 -13"><span class='ocrx_word' id='word_1_168' title='bbox 146 2234 256 2271; x_wconf 86' lang='lat' dir='ltr'>motis</span> <span class='ocrx_word' id='word_1_169' title='bbox 291 2239 469 2271; x_wconf 88' lang='lat' dir='ltr'>terrarum</span> <span class='ocrx_word' id='word_1_170' title='bbox 506 2234 605 2271; x_wconf 88' lang='lat' dir='ltr'>orbis</span> <span class='ocrx_word' id='word_1_171' title='bbox 647 2234 813 2284; x_wconf 86' lang='lat' dir='ltr'>partibus</span> 
     </span>
     <span class='ocr_line' id='line_1_35' title="bbox 146 2289 813 2341; baseline -0.001 -13"><span class='ocrx_word' id='word_1_172' title='bbox 146 2291 241 2338; x_wconf 86' lang='grc' dir='ltr'>(ΙΙΙ,</span> <span class='ocrx_word' id='word_1_173' title='bbox 265 2289 385 2341; x_wconf 82' lang='grc'>114),</span> <span class='ocrx_word' id='word_1_174' title='bbox 416 2291 464 2327; x_wconf 84' lang='lat' dir='ltr'>ad</span> <span class='ocrx_word' id='word_1_175' title='bbox 492 2303 584 2340; x_wconf 90' lang='lat' dir='ltr'>quos</span> <span class='ocrx_word' id='word_1_176' title='bbox 611 2290 813 2339; x_wconf 77' lang='lat' dir='ltr'>Cambyses</span> 
     </span>
     <span class='ocr_line' id='line_1_36' title="bbox 146 2348 815 2396; baseline 0 -11"><span class='ocrx_word' id='word_1_177' title='bbox 146 2349 214 2386; x_wconf 86' lang='lat' dir='ltr'>iter</span> <span class='ocrx_word' id='word_1_178' title='bbox 234 2348 385 2394; x_wconf 84' lang='lat' dir='ltr'>faciens,</span> <span class='ocrx_word' id='word_1_179' title='bbox 414 2348 576 2396; x_wconf 82' lang='lat' dir='ltr'>quintam</span> <span class='ocrx_word' id='word_1_180' title='bbox 601 2348 712 2384; x_wconf 86' lang='lat' dir='ltr'>modo</span> <span class='ocrx_word' id='word_1_181' title='bbox 734 2348 815 2385; x_wconf 86' lang='lat' dir='ltr'>viae</span> 
     </span>
     <span class='ocr_line' id='line_1_37' title="bbox 146 2405 816 2455; baseline -0.001 -14"><span class='ocrx_word' id='word_1_182' title='bbox 146 2407 289 2455; x_wconf 89' lang='lat' dir='ltr'>partem</span> <span class='ocrx_word' id='word_1_183' title='bbox 309 2405 481 2455; x_wconf 80' lang='lat' dir='ltr'>explevit,</span> <span class='ocrx_word' id='word_1_184' title='bbox 512 2418 592 2441; x_wconf 90' lang='lat' dir='ltr'>cum</span> <span class='ocrx_word' id='word_1_185' title='bbox 615 2418 654 2442; x_wconf 89' lang='lat' dir='ltr'>re</span> <span class='ocrx_word' id='word_1_186' title='bbox 678 2405 816 2443; x_wconf 86' lang='lat' dir='ltr'>infecta</span> 
     </span>
     <span class='ocr_line' id='line_1_38' title="bbox 149 2460 813 2512; baseline 0.002 -15"><span class='ocrx_word' id='word_1_187' title='bbox 149 2460 251 2511; x_wconf 87' lang='grc' dir='ltr'>(ΙΙΙ,</span> <span class='ocrx_word' id='word_1_188' title='bbox 300 2460 385 2512; x_wconf 83' lang='lat'>25)</span> <span class='ocrx_word' id='word_1_189' title='bbox 427 2461 656 2499; x_wconf 86' lang='lat' dir='ltr'>redeundum</span> <span class='ocrx_word' id='word_1_190' title='bbox 703 2467 813 2499; x_wconf 89' lang='lat' dir='ltr'>esset.</span> 
     </span>
     <span class='ocr_line' id='line_1_39' title="bbox 150 2517 816 2568; baseline 0.002 -14"><span class='ocrx_word' id='word_1_191' title='bbox 150 2517 275 2560; x_wconf 87' lang='lat' dir='ltr'>Quare</span> <span class='ocrx_word' id='word_1_192' title='bbox 294 2519 352 2555; x_wconf 81' lang='lat' dir='ltr'>vix</span> <span class='ocrx_word' id='word_1_193' title='bbox 377 2518 541 2565; x_wconf 90' lang='lat' dir='ltr'>dubium,</span> <span class='ocrx_word' id='word_1_194' title='bbox 571 2519 688 2568; x_wconf 85' lang='lat' dir='ltr'>magis</span> <span class='ocrx_word' id='word_1_195' title='bbox 707 2519 816 2555; x_wconf 89' lang='lat' dir='ltr'>meri-</span> 
     </span>
     <span class='ocr_line' id='line_1_40' title="bbox 152 2574 815 2613; baseline 0.003 -4"><span class='ocrx_word' id='word_1_196' title='bbox 152 2574 246 2612; x_wconf 89' lang='lat' dir='ltr'>diem</span> <span class='ocrx_word' id='word_1_197' title='bbox 266 2588 392 2613; x_wconf 85' lang='lat' dir='ltr'>versus</span> <span class='ocrx_word' id='word_1_198' title='bbox 416 2576 523 2613; x_wconf 86' lang='lat' dir='ltr'>sedes</span> <span class='ocrx_word' id='word_1_199' title='bbox 542 2575 815 2613; x_wconf 83' lang='lat' dir='ltr'>Macrobiorum</span> 
     </span>
     <span class='ocr_line' id='line_1_41' title="bbox 151 2632 815 2681; baseline 0.002 -15"><span class='ocrx_word' id='word_1_200' title='bbox 151 2642 233 2668; x_wconf 85' lang='lat' dir='ltr'>esse</span> <span class='ocrx_word' id='word_1_201' title='bbox 261 2632 516 2681; x_wconf 86' lang='lat' dir='ltr'>quaerendas,</span> <span class='ocrx_word' id='word_1_202' title='bbox 551 2637 591 2669; x_wconf 88' lang='lat' dir='ltr'>ut</span> <span class='ocrx_word' id='word_1_203' title='bbox 616 2636 714 2670; x_wconf 89' lang='lat' dir='ltr'>recte</span> <span class='ocrx_word' id='word_1_204' title='bbox 740 2637 815 2668; x_wconf 82' lang='lat' dir='ltr'>sta-</span> 
     </span>
     <span class='ocr_line' id='line_1_42' title="bbox 153 2686 816 2739; baseline 0.005 -17"><span class='ocrx_word' id='word_1_205' title='bbox 153 2686 224 2723; x_wconf 83' lang='lat' dir='ltr'>tuit</span> <span class='ocrx_word' id='word_1_206' title='bbox 242 2687 402 2727; x_wconf 85' lang='lat' dir='ltr'>Heeren.</span> <span class='ocrx_word' id='word_1_207' title='bbox 422 2688 445 2725; x_wconf 86' lang='lat'>1.</span> <span class='ocrx_word' id='word_1_208' title='bbox 462 2690 486 2726; x_wconf 95' lang='lat' dir='ltr'>l.</span> <span class='ocrx_word' id='word_1_209' title='bbox 506 2701 592 2739; x_wconf 85' lang='lat' dir='ltr'>pag.</span> <span class='ocrx_word' id='word_1_210' title='bbox 613 2690 696 2730; x_wconf 84' lang='grc'>337</span> <span class='ocrx_word' id='word_1_211' title='bbox 709 2717 721 2736; x_wconf 84' lang='grc'><em>,</em></span> <span class='ocrx_word' id='word_1_212' title='bbox 752 2689 816 2737; x_wconf 90' lang='lat' dir='ltr'>qui</span> 
     </span>
     <span class='ocr_line' id='line_1_43' title="bbox 155 2741 818 2783; baseline 0.008 -6"><span class='ocrx_word' id='word_1_213' title='bbox 155 2741 309 2782; x_wconf 78' lang='lat' dir='ltr'>cosmae</span> <span class='ocrx_word' id='word_1_214' title='bbox 346 2746 593 2783; x_wconf 82' lang='lat' dir='ltr'>narrationem</span> <span class='ocrx_word' id='word_1_215' title='bbox 632 2746 680 2783; x_wconf 92' lang='lat' dir='ltr'>de</span> <span class='ocrx_word' id='word_1_216' title='bbox 718 2749 818 2783; x_wconf 86' lang='lat' dir='ltr'>terra</span> 
     </span>
     <span class='ocr_line' id='line_1_44' title="bbox 154 2798 816 2849; baseline 0.008 -16"><span class='ocrx_word' id='word_1_217' title='bbox 154 2798 246 2836; x_wconf 87' lang='lat' dir='ltr'>Susa</span> <span class='ocrx_word' id='word_1_218' title='bbox 275 2800 395 2849; x_wconf 92' lang='lat' dir='ltr'>(quod</span> <span class='ocrx_word' id='word_1_219' title='bbox 415 2815 550 2840; x_wconf 89' lang='lat' dir='ltr'>nomen</span> <span class='ocrx_word' id='word_1_220' title='bbox 575 2803 646 2840; x_wconf 89' lang='lat' dir='ltr'>iam</span> <span class='ocrx_word' id='word_1_221' title='bbox 671 2802 816 2839; x_wconf 86' lang='lat' dir='ltr'>duobus</span> 
     </span>
     <span class='ocr_line' id='line_1_45' title="bbox 153 2856 817 2905; baseline 0.011 -14"><span class='ocrx_word' id='word_1_222' title='bbox 153 2859 239 2905; x_wconf 89' lang='lat' dir='ltr'>post</span> <span class='ocrx_word' id='word_1_223' title='bbox 274 2856 503 2897; x_wconf 85' lang='lat' dir='ltr'>Herodotum</span> <span class='ocrx_word' id='word_1_224' title='bbox 549 2858 700 2898; x_wconf 86' lang='lat' dir='ltr'>saeculis</span> <span class='ocrx_word' id='word_1_225' title='bbox 742 2860 817 2898; x_wconf 89' lang='lat' dir='ltr'>fre-</span> 
     </span>
    </p>
   </div>
   <div class='ocr_carea' id='block_1_6' title="bbox 866 925 1543 2844">
    <p class='ocr_par' dir='ltr' id='par_1_6' title="bbox 866 925 1543 2844">
     <span class='ocr_line' id='line_1_46' title="bbox 868 925 1538 977; baseline -0.001 -14"><span class='ocrx_word' id='word_1_226' title='bbox 868 939 984 976; x_wconf 90' lang='lat' dir='ltr'>quens</span> <span class='ocrx_word' id='word_1_227' title='bbox 1014 925 1235 977; x_wconf 86' lang='lat' dir='ltr'>reperitur),</span> <span class='ocrx_word' id='word_1_228' title='bbox 1266 927 1344 964; x_wconf 84' lang='lat' dir='ltr'>auri</span> <span class='ocrx_word' id='word_1_229' title='bbox 1371 925 1431 963; x_wconf 73' lang='lat' dir='ltr'>illa</span> <span class='ocrx_word' id='word_1_230' title='bbox 1456 927 1538 975; x_wconf 84' lang='lat' dir='ltr'>qui-</span> 
     </span>
     <span class='ocr_line' id='line_1_47' title="bbox 868 983 1539 1034; baseline -0.001 -14"><span class='ocrx_word' id='word_1_231' title='bbox 868 984 951 1021; x_wconf 92' lang='lat' dir='ltr'>dem</span> <span class='ocrx_word' id='word_1_232' title='bbox 993 984 1101 1034; x_wconf 66' lang='lat' dir='ltr'>plena</span> <span class='ocrx_word' id='word_1_233' title='bbox 1144 985 1192 1020; x_wconf 90' lang='lat' dir='ltr'>ad</span> <span class='ocrx_word' id='word_1_234' title='bbox 1236 983 1331 1021; x_wconf 89' lang='lat' dir='ltr'>hanc</span> <span class='ocrx_word' id='word_1_235' title='bbox 1371 984 1417 1021; x_wconf 88' lang='lat' dir='ltr'>de</span> <span class='ocrx_word' id='word_1_236' title='bbox 1456 983 1539 1020; x_wconf 90' lang='lat' dir='ltr'>Ma-</span> 
     </span>
     <span class='ocr_line' id='line_1_48' title="bbox 866 1040 1538 1085; baseline -0.001 -8"><span class='ocrx_word' id='word_1_237' title='bbox 866 1040 997 1077; x_wconf 85' lang='lat' dir='ltr'>crobiis</span> <span class='ocrx_word' id='word_1_238' title='bbox 1054 1041 1300 1077; x_wconf 82' lang='lat' dir='ltr'>narrationem</span> <span class='ocrx_word' id='word_1_239' title='bbox 1354 1040 1538 1085; x_wconf 87' lang='lat' dir='ltr'>referens,</span> 
     </span>
     <span class='ocr_line' id='line_1_49' title="bbox 866 1097 1538 1147; baseline -0.001 -13"><span class='ocrx_word' id='word_1_240' title='bbox 866 1097 1077 1134; x_wconf 88' lang='lat' dir='ltr'>Macrobios</span> <span class='ocrx_word' id='word_1_241' title='bbox 1108 1097 1176 1133; x_wconf 88' lang='lat' dir='ltr'>hac</span> <span class='ocrx_word' id='word_1_242' title='bbox 1198 1097 1277 1147; x_wconf 87' lang='lat' dir='ltr'>ipsa</span> <span class='ocrx_word' id='word_1_243' title='bbox 1306 1097 1343 1132; x_wconf 90' lang='lat' dir='ltr'>in</span> <span class='ocrx_word' id='word_1_244' title='bbox 1370 1101 1468 1134; x_wconf 86' lang='lat' dir='ltr'>terra</span> <span class='ocrx_word' id='word_1_245' title='bbox 1490 1097 1538 1134; x_wconf 88' lang='lat' dir='ltr'>ad</span> 
     </span>
     <span class='ocr_line' id='line_1_50' title="bbox 868 1153 1539 1203; baseline -0.001 -12"><span class='ocrx_word' id='word_1_246' title='bbox 868 1166 972 1191; x_wconf 89' lang='lat' dir='ltr'>oram</span> <span class='ocrx_word' id='word_1_247' title='bbox 1017 1153 1232 1191; x_wconf 85' lang='lat' dir='ltr'>maritimam</span> <span class='ocrx_word' id='word_1_248' title='bbox 1286 1165 1405 1203; x_wconf 82' lang='lat' dir='ltr'>prope</span> <span class='ocrx_word' id='word_1_249' title='bbox 1453 1166 1539 1202; x_wconf 88' lang='lat' dir='ltr'>pro-</span> 
     </span>
     <span class='ocr_line' id='line_1_51' title="bbox 867 1210 1539 1256; baseline -0.003 -8"><span class='ocrx_word' id='word_1_250' title='bbox 867 1211 1090 1248; x_wconf 91' lang='lat' dir='ltr'>montorium</span> <span class='ocrx_word' id='word_1_251' title='bbox 1122 1210 1337 1256; x_wconf 86' lang='lat' dir='ltr'>Gardefan,</span> <span class='ocrx_word' id='word_1_252' title='bbox 1386 1210 1423 1246; x_wconf 92' lang='lat' dir='ltr'>in</span> <span class='ocrx_word' id='word_1_253' title='bbox 1465 1216 1539 1247; x_wconf 86' lang='lat' dir='ltr'>ter·</span> 
     </span>
     <span class='ocr_line' id='line_1_52' title="bbox 867 1266 1538 1316; baseline -0.001 -11"><span class='ocrx_word' id='word_1_254' title='bbox 867 1280 933 1314; x_wconf 89' lang='lat' dir='ltr'>ra,</span> <span class='ocrx_word' id='word_1_255' title='bbox 973 1280 1084 1316; x_wconf 86' lang='lat' dir='ltr'>quam</span> <span class='ocrx_word' id='word_1_256' title='bbox 1117 1279 1214 1306; x_wconf 85' lang='lat' dir='ltr'>nunc</span> <span class='ocrx_word' id='word_1_257' title='bbox 1249 1270 1377 1304; x_wconf 84' lang='lat' dir='ltr'>tenent</span> <span class='ocrx_word' id='word_1_258' title='bbox 1404 1266 1538 1304; x_wconf 83' lang='lat' dir='ltr'>Sama-</span> 
     </span>
     <span class='ocr_line' id='line_1_53' title="bbox 868 1323 1538 1374; baseline -0.003 -13"><span class='ocrx_word' id='word_1_259' title='bbox 868 1324 926 1371; x_wconf 73' lang='lat' dir='ltr'>lis,</span> <span class='ocrx_word' id='word_1_260' title='bbox 958 1324 1066 1361; x_wconf 90' lang='lat' dir='ltr'>sedes</span> <span class='ocrx_word' id='word_1_261' title='bbox 1092 1324 1264 1361; x_wconf 86' lang='lat' dir='ltr'>habuisse</span> <span class='ocrx_word' id='word_1_262' title='bbox 1283 1323 1399 1374; x_wconf 90' lang='lat' dir='ltr'>ponit.</span> <span class='ocrx_word' id='word_1_263' title='bbox 1452 1324 1538 1360; x_wconf 71' lang='lat' dir='ltr'>Vid.</span> 
     </span>
     <span class='ocr_line' id='line_1_54' title="bbox 868 1378 1538 1431; baseline -0.001 -13"><span class='ocrx_word' id='word_1_264' title='bbox 868 1381 983 1419; x_wconf 83' lang='lat' dir='ltr'>ldeen</span> <span class='ocrx_word' id='word_1_265' title='bbox 1001 1381 1032 1427; x_wconf 88' lang='grc' dir='ltr'>Ι,</span> <span class='ocrx_word' id='word_1_266' title='bbox 1055 1383 1075 1422; x_wconf 90' lang='grc'><strong>1</strong></span> <span class='ocrx_word' id='word_1_267' title='bbox 1099 1394 1136 1431; x_wconf 88' lang='lat' dir='ltr'>p.</span> <span class='ocrx_word' id='word_1_268' title='bbox 1148 1382 1231 1423; x_wconf 83' lang='lat'>337</span> <span class='ocrx_word' id='word_1_269' title='bbox 1249 1393 1353 1430; x_wconf 91' lang='lat' dir='ltr'>seqq.</span> <span class='ocrx_word' id='word_1_270' title='bbox 1381 1393 1418 1430; x_wconf 89' lang='lat' dir='ltr'>p.</span> <span class='ocrx_word' id='word_1_271' title='bbox 1439 1378 1538 1421; x_wconf 86' lang='lat'>345.</span> 
     </span>
     <span class='ocr_line' id='line_1_55' title="bbox 869 1437 1538 1487; baseline -0.003 -12"><span class='ocrx_word' id='word_1_272' title='bbox 869 1438 1049 1487; x_wconf 86' lang='lat' dir='ltr'>Idemque</span> <span class='ocrx_word' id='word_1_273' title='bbox 1070 1442 1197 1475; x_wconf 87' lang='lat' dir='ltr'>monet</span> <span class='ocrx_word' id='word_1_274' title='bbox 1214 1437 1271 1474; x_wconf 86' lang='lat' dir='ltr'>vir</span> <span class='ocrx_word' id='word_1_275' title='bbox 1297 1438 1450 1484; x_wconf 84' lang='lat' dir='ltr'>doctus,</span> <span class='ocrx_word' id='word_1_276' title='bbox 1482 1449 1538 1481; x_wconf 88' lang='lat' dir='ltr'>ea,</span> 
     </span>
     <span class='ocr_line' id='line_1_56' title="bbox 869 1493 1539 1545; baseline -0.001 -14"><span class='ocrx_word' id='word_1_277' title='bbox 869 1508 965 1545; x_wconf 91' lang='lat' dir='ltr'>quae</span> <span class='ocrx_word' id='word_1_278' title='bbox 981 1494 1200 1532; x_wconf 83' lang='lat' dir='ltr'>Herodotus</span> <span class='ocrx_word' id='word_1_279' title='bbox 1225 1497 1385 1540; x_wconf 89' lang='lat' dir='ltr'>enarret,</span> <span class='ocrx_word' id='word_1_280' title='bbox 1406 1493 1539 1531; x_wconf 85' lang='lat' dir='ltr'>nonni-</span> 
     </span>
     <span class='ocr_line' id='line_1_57' title="bbox 868 1550 1540 1601; baseline -0.004 -12"><span class='ocrx_word' id='word_1_281' title='bbox 868 1551 917 1589; x_wconf 89' lang='lat' dir='ltr'>hil</span> <span class='ocrx_word' id='word_1_282' title='bbox 939 1556 1165 1601; x_wconf 86' lang='lat' dir='ltr'>exaggerata</span> <span class='ocrx_word' id='word_1_283' title='bbox 1184 1551 1301 1590; x_wconf 80' lang='lat' dir='ltr'>videri</span> <span class='ocrx_word' id='word_1_284' title='bbox 1320 1555 1357 1589; x_wconf 87' lang='lat' dir='ltr'>et</span> <span class='ocrx_word' id='word_1_285' title='bbox 1376 1550 1424 1587; x_wconf 88' lang='lat' dir='ltr'>ad</span> <span class='ocrx_word' id='word_1_286' title='bbox 1442 1550 1540 1588; x_wconf 85' lang='lat' dir='ltr'>exci-</span> 
     </span>
     <span class='ocr_line' id='line_1_58' title="bbox 869 1606 1538 1654; baseline -0.003 -9"><span class='ocrx_word' id='word_1_287' title='bbox 869 1610 1023 1646; x_wconf 87' lang='lat' dir='ltr'>tandam</span> <span class='ocrx_word' id='word_1_288' title='bbox 1070 1609 1354 1646; x_wconf 88' lang='lat' dir='ltr'>admirationem</span> <span class='ocrx_word' id='word_1_289' title='bbox 1400 1606 1538 1654; x_wconf 85' lang='lat' dir='ltr'>efficta,</span> 
     </span>
     <span class='ocr_line' id='line_1_59' title="bbox 868 1663 1540 1716; baseline -0.004 -13"><span class='ocrx_word' id='word_1_290' title='bbox 868 1666 1085 1716; x_wconf 86' lang='lat' dir='ltr'>praesertim</span> <span class='ocrx_word' id='word_1_291' title='bbox 1115 1679 1197 1704; x_wconf 91' lang='lat' dir='ltr'>cum</span> <span class='ocrx_word' id='word_1_292' title='bbox 1229 1678 1347 1715; x_wconf 87' lang='lat' dir='ltr'>aeque</span> <span class='ocrx_word' id='word_1_293' title='bbox 1382 1677 1424 1702; x_wconf 88' lang='lat' dir='ltr'>ac</span> <span class='ocrx_word' id='word_1_294' title='bbox 1454 1663 1540 1701; x_wconf 90' lang='lat' dir='ltr'>reli-</span> 
     </span>
     <span class='ocr_line' id='line_1_60' title="bbox 868 1720 1538 1772; baseline -0.001 -14"><span class='ocrx_word' id='word_1_295' title='bbox 868 1735 963 1772; x_wconf 88' lang='lat' dir='ltr'>qua,</span> <span class='ocrx_word' id='word_1_296' title='bbox 995 1722 1042 1759; x_wconf 88' lang='lat' dir='ltr'>de</span> <span class='ocrx_word' id='word_1_297' title='bbox 1081 1722 1270 1772; x_wconf 84' lang='lat' dir='ltr'>Cambyse</span> <span class='ocrx_word' id='word_1_298' title='bbox 1309 1734 1405 1771; x_wconf 87' lang='lat' dir='ltr'>quae</span> <span class='ocrx_word' id='word_1_299' title='bbox 1436 1720 1538 1771; x_wconf 85' lang='lat' dir='ltr'>apud</span> 
     </span>
     <span class='ocr_line' id='line_1_61' title="bbox 867 1776 1540 1828; baseline -0.001 -13"><span class='ocrx_word' id='word_1_300' title='bbox 867 1779 1100 1816; x_wconf 88' lang='lat' dir='ltr'>Herodotum</span> <span class='ocrx_word' id='word_1_301' title='bbox 1124 1779 1314 1828; x_wconf 83' lang='lat' dir='ltr'>legantur,</span> <span class='ocrx_word' id='word_1_302' title='bbox 1347 1791 1391 1817; x_wconf 86' lang='lat' dir='ltr'>ex</span> <span class='ocrx_word' id='word_1_303' title='bbox 1415 1776 1540 1826; x_wconf 84' lang='lat' dir='ltr'>Aegy-</span> 
     </span>
     <span class='ocr_line' id='line_1_62' title="bbox 868 1835 1540 1887; baseline -0.001 -15"><span class='ocrx_word' id='word_1_304' title='bbox 868 1836 1032 1887; x_wconf 86' lang='lat' dir='ltr'>ptiorum</span> <span class='ocrx_word' id='word_1_305' title='bbox 1065 1836 1297 1874; x_wconf 83' lang='lat' dir='ltr'>sacerdotum</span> <span class='ocrx_word' id='word_1_306' title='bbox 1329 1848 1394 1873; x_wconf 89' lang='lat' dir='ltr'>ore</span> <span class='ocrx_word' id='word_1_307' title='bbox 1423 1835 1540 1872; x_wconf 81' lang='lat' dir='ltr'>fluxe-</span> 
     </span>
     <span class='ocr_line' id='line_1_63' title="bbox 868 1892 1538 1942; baseline -0.003 -13"><span class='ocrx_word' id='word_1_308' title='bbox 868 1893 950 1930; x_wconf 86' lang='lat' dir='ltr'>rint.</span> <span class='ocrx_word' id='word_1_309' title='bbox 1010 1892 1064 1930; x_wconf 87' lang='lat' dir='ltr'>Ac</span> <span class='ocrx_word' id='word_1_310' title='bbox 1094 1893 1255 1942; x_wconf 89' lang='lat' dir='ltr'>regionis</span> <span class='ocrx_word' id='word_1_311' title='bbox 1284 1893 1406 1930; x_wconf 87' lang='lat' dir='ltr'>Sebae</span> <span class='ocrx_word' id='word_1_312' title='bbox 1437 1892 1538 1928; x_wconf 90' lang='lat' dir='ltr'>inco-</span> 
     </span>
     <span class='ocr_line' id='line_1_64' title="bbox 869 1948 1538 2000; baseline -0.003 -14"><span class='ocrx_word' id='word_1_313' title='bbox 869 1948 922 1986; x_wconf 88' lang='lat' dir='ltr'>las</span> <span class='ocrx_word' id='word_1_314' title='bbox 943 1948 1050 1987; x_wconf 82' lang='lat' dir='ltr'>valde</span> <span class='ocrx_word' id='word_1_315' title='bbox 1070 1963 1256 2000; x_wconf 86' lang='lat' dir='ltr'>proceros,</span> <span class='ocrx_word' id='word_1_316' title='bbox 1289 1962 1381 1998; x_wconf 90' lang='lat' dir='ltr'>quos</span> <span class='ocrx_word' id='word_1_317' title='bbox 1400 1948 1538 1985; x_wconf 87' lang='lat' dir='ltr'>Iesaias</span> 
     </span>
     <span class='ocr_line' id='line_1_65' title="bbox 869 2005 1539 2054; baseline -0.003 -10"><span class='ocrx_word' id='word_1_318' title='bbox 869 2005 993 2054; x_wconf 90' lang='lat' dir='ltr'>XLV,</span> <span class='ocrx_word' id='word_1_319' title='bbox 1031 2005 1083 2046; x_wconf 85' lang='lat'>14</span> <span class='ocrx_word' id='word_1_320' title='bbox 1124 2009 1410 2052; x_wconf 82' lang='lat' dir='ltr'>commemoret,</span> <span class='ocrx_word' id='word_1_321' title='bbox 1463 2017 1539 2042; x_wconf 87' lang='lat' dir='ltr'>non</span> 
     </span>
     <span class='ocr_line' id='line_1_66' title="bbox 869 2061 1538 2113; baseline -0.003 -13"><span class='ocrx_word' id='word_1_322' title='bbox 869 2063 959 2100; x_wconf 88' lang='lat' dir='ltr'>alios</span> <span class='ocrx_word' id='word_1_323' title='bbox 972 2063 1085 2100; x_wconf 88' lang='lat' dir='ltr'>videri</span> <span class='ocrx_word' id='word_1_324' title='bbox 1096 2068 1208 2113; x_wconf 89' lang='lat' dir='ltr'>atque</span> <span class='ocrx_word' id='word_1_325' title='bbox 1218 2063 1429 2100; x_wconf 82' lang='lat' dir='ltr'>Macrobios</span> <span class='ocrx_word' id='word_1_326' title='bbox 1440 2061 1538 2099; x_wconf 87' lang='lat' dir='ltr'>idem</span> 
     </span>
     <span class='ocr_line' id='line_1_67' title="bbox 871 2117 1539 2170; baseline -0.001 -14"><span class='ocrx_word' id='word_1_327' title='bbox 871 2121 976 2157; x_wconf 87' lang='lat' dir='ltr'>addit</span> <span class='ocrx_word' id='word_1_328' title='bbox 1010 2133 1096 2170; x_wconf 85' lang='lat' dir='ltr'>pag.</span> <span class='ocrx_word' id='word_1_329' title='bbox 1136 2121 1231 2161; x_wconf 81' lang='lat'>350.</span> <span class='ocrx_word' id='word_1_330' title='bbox 1269 2119 1424 2159; x_wconf 86' lang='lat' dir='ltr'>Rennel.</span> <span class='ocrx_word' id='word_1_331' title='bbox 1459 2117 1481 2154; x_wconf 92' lang='lat' dir='ltr'>l.</span> <span class='ocrx_word' id='word_1_332' title='bbox 1516 2117 1539 2155; x_wconf 96' lang='grc' dir='ltr'>Ι.</span> 
     </span>
     <span class='ocr_line' id='line_1_68' title="bbox 870 2178 1540 2227; baseline -0.001 -14"><span class='ocrx_word' id='word_1_333' title='bbox 870 2191 956 2227; x_wconf 87' lang='lat' dir='ltr'>pag.</span> <span class='ocrx_word' id='word_1_334' title='bbox 979 2178 1062 2218; x_wconf 82' lang='lat'>572</span> <span class='ocrx_word' id='word_1_335' title='bbox 1100 2178 1136 2213; x_wconf 89' lang='lat' dir='ltr'>iu</span> <span class='ocrx_word' id='word_1_336' title='bbox 1165 2182 1285 2222; x_wconf 87' lang='lat' dir='ltr'>terra,</span> <span class='ocrx_word' id='word_1_337' title='bbox 1318 2189 1413 2226; x_wconf 91' lang='lat' dir='ltr'>quae</span> <span class='ocrx_word' id='word_1_338' title='bbox 1444 2188 1540 2212; x_wconf 86' lang='lat' dir='ltr'>nunc</span> 
     </span>
     <span class='ocr_line' id='line_1_69' title="bbox 871 2232 1539 2285; baseline 0 -15"><span class='ocrx_word' id='word_1_339' title='bbox 871 2235 1002 2271; x_wconf 90' lang='lat' dir='ltr'>dicitur</span> <span class='ocrx_word' id='word_1_340' title='bbox 1027 2234 1237 2285; x_wconf 87' lang='lat' dir='ltr'>Abyssinia,</span> <span class='ocrx_word' id='word_1_341' title='bbox 1267 2232 1539 2270; x_wconf 86' lang='lat' dir='ltr'>Macrobiorum</span> 
     </span>
     <span class='ocr_line' id='line_1_70' title="bbox 873 2290 1496 2329; baseline -0.005 -1"><span class='ocrx_word' id='word_1_342' title='bbox 873 2291 981 2329; x_wconf 87' lang='lat' dir='ltr'>sedes</span> <span class='ocrx_word' id='word_1_343' title='bbox 1003 2290 1234 2328; x_wconf 86' lang='lat' dir='ltr'>collocandas</span> <span class='ocrx_word' id='word_1_344' title='bbox 1258 2303 1339 2328; x_wconf 82' lang='lat' dir='ltr'>esse</span> <span class='ocrx_word' id='word_1_345' title='bbox 1361 2293 1496 2328; x_wconf 85' lang='lat' dir='ltr'>censet.</span> 
     </span>
     <span class='ocr_line' id='line_1_71' title="bbox 928 2342 1541 2397; baseline -0.003 -11"><span class='ocrx_word' id='word_1_346' title='bbox 928 2342 1130 2394; x_wconf 77' lang='grc' dir='ltr'><strong><em>κατόπτας</em></strong></span> <span class='ocrx_word' id='word_1_347' title='bbox 1143 2346 1321 2397; x_wconf 71' lang='grc' dir='ltr'><strong><em>πρῶτον]</em></strong></span> <span class='ocrx_word' id='word_1_348' title='bbox 1344 2343 1541 2392; x_wconf 82' lang='grc' dir='ltr'><strong><em>κατόπτας</em></strong></span> 
     </span>
     <span class='ocr_line' id='line_1_72' title="bbox 872 2403 1541 2454; baseline -0.001 -14"><span class='ocrx_word' id='word_1_349' title='bbox 872 2404 1104 2454; x_wconf 75' lang='lat' dir='ltr'>speculatores</span> <span class='ocrx_word' id='word_1_350' title='bbox 1127 2405 1215 2442; x_wconf 85' lang='lat' dir='ltr'>dicit</span> <span class='ocrx_word' id='word_1_351' title='bbox 1244 2409 1357 2454; x_wconf 84' lang='lat' dir='ltr'>atque</span> <span class='ocrx_word' id='word_1_352' title='bbox 1377 2403 1541 2453; x_wconf 68' lang='lat' dir='ltr'>explora-</span> 
     </span>
     <span class='ocr_line' id='line_1_73' title="bbox 873 2459 1539 2511; baseline -0.003 -14"><span class='ocrx_word' id='word_1_353' title='bbox 873 2465 984 2508; x_wconf 78' lang='lat' dir='ltr'>tores,</span> <span class='ocrx_word' id='word_1_354' title='bbox 1026 2475 1118 2511; x_wconf 87' lang='lat' dir='ltr'>quos</span> <span class='ocrx_word' id='word_1_355' title='bbox 1149 2463 1300 2499; x_wconf 82' lang='lat' dir='ltr'>eosdem</span> <span class='ocrx_word' id='word_1_356' title='bbox 1335 2460 1420 2499; x_wconf 82' lang='lat' dir='ltr'>alibi</span> <span class='ocrx_word' id='word_1_357' title='bbox 1455 2459 1539 2508; x_wconf 83' lang='lat' dir='ltr'>(Ill,</span> 
     </span>
     <span class='ocr_line' id='line_1_74' title="bbox 877 2518 1539 2567; baseline -0.008 -7"><span class='ocrx_word' id='word_1_358' title='bbox 877 2521 939 2560; x_wconf 87' lang='lat'>19-</span> <span class='ocrx_word' id='word_1_359' title='bbox 960 2518 1026 2559; x_wconf 78' lang='lat'>25.</span> <span class='ocrx_word' id='word_1_360' title='bbox 1051 2521 1141 2560; x_wconf 80' lang='lat'>136.</span> <span class='ocrx_word' id='word_1_361' title='bbox 1165 2520 1265 2567; x_wconf 86' lang='lat'>138)</span> <span class='ocrx_word' id='word_1_362' title='bbox 1293 2522 1402 2556; x_wconf 81' lang='lat' dir='ltr'>vocat</span> <span class='ocrx_word' id='word_1_363' title='bbox 1421 2531 1539 2555; x_wconf 79' lang='grc' dir='ltr'><strong><em>κατοι-</em></strong></span> 
     </span>
     <span class='ocr_line' id='line_1_75' title="bbox 876 2571 1541 2621; baseline -0.006 -7"><span class='ocrx_word' id='word_1_364' title='bbox 876 2571 1061 2621; x_wconf 82' lang='grc' dir='ltr'><strong><em>σκόπους.</em></strong></span> <span class='ocrx_word' id='word_1_365' title='bbox 1108 2575 1210 2613; x_wconf 89' lang='lat' dir='ltr'>Idem</span> <span class='ocrx_word' id='word_1_366' title='bbox 1243 2575 1459 2614; x_wconf 86' lang='lat' dir='ltr'>vocabulum</span> <span class='ocrx_word' id='word_1_367' title='bbox 1485 2574 1541 2611; x_wconf 89' lang='lat' dir='ltr'>in-</span> 
     </span>
     <span class='ocr_line' id='line_1_76' title="bbox 874 2631 1540 2678; baseline -0.005 -9"><span class='ocrx_word' id='word_1_368' title='bbox 874 2633 929 2669; x_wconf 88' lang='lat' dir='ltr'>sra</span> <span class='ocrx_word' id='word_1_369' title='bbox 951 2632 1016 2678; x_wconf 91' lang='grc' dir='ltr'>ΙΙΙ,</span> <span class='ocrx_word' id='word_1_370' title='bbox 1035 2636 1101 2674; x_wconf 79' lang='lat'>21.</span> <span class='ocrx_word' id='word_1_371' title='bbox 1133 2633 1241 2670; x_wconf 85' lang='lat' dir='ltr'>Conf.</span> <span class='ocrx_word' id='word_1_372' title='bbox 1259 2632 1386 2669; x_wconf 72' lang='lat' dir='ltr'>Pollux</span> <span class='ocrx_word' id='word_1_373' title='bbox 1405 2631 1452 2678; x_wconf 90' lang='grc' dir='ltr'>ΙΙ,</span> <span class='ocrx_word' id='word_1_374' title='bbox 1474 2633 1540 2672; x_wconf 89' lang='grc'>59.</span> 
     </span>
     <span class='ocr_line' id='line_1_77' title="bbox 934 2685 1542 2744; baseline -0.01 -17"><span class='ocrx_word' id='word_1_375' title='bbox 934 2688 969 2727; x_wconf 81' lang='grc' dir='ltr'>εἰ</span> <span class='ocrx_word' id='word_1_376' title='bbox 993 2688 1073 2728; x_wconf 75' lang='grc' dir='ltr'><strong><em>ἔστι</em></strong></span> <span class='ocrx_word' id='word_1_377' title='bbox 1094 2685 1295 2739; x_wconf 72' lang='grc' dir='ltr'><strong><em>ἄληθέως]</em></strong></span> <span class='ocrx_word' id='word_1_378' title='bbox 1327 2689 1350 2726; x_wconf 87' lang='lat' dir='ltr'>i.</span> <span class='ocrx_word' id='word_1_379' title='bbox 1380 2701 1411 2726; x_wconf 87' lang='lat' dir='ltr'>e.</span> <span class='ocrx_word' id='word_1_380' title='bbox 1434 2700 1480 2724; x_wconf 82' lang='lat' dir='ltr'>an</span> <span class='ocrx_word' id='word_1_381' title='bbox 1506 2699 1542 2744; x_wconf 61' lang='lat' dir='ltr'>[e</span> 
     </span>
     <span class='ocr_line' id='line_1_78' title="bbox 874 2745 1543 2791; baseline -0.003 -10"><span class='ocrx_word' id='word_1_382' title='bbox 874 2757 957 2783; x_wconf 83' lang='lat' dir='ltr'>vera</span> <span class='ocrx_word' id='word_1_383' title='bbox 978 2747 1033 2784; x_wconf 78' lang='lat' dir='ltr'>ita</span> <span class='ocrx_word' id='word_1_384' title='bbox 1046 2760 1082 2784; x_wconf 79' lang='lat' dir='ltr'>se</span> <span class='ocrx_word' id='word_1_385' title='bbox 1100 2746 1251 2791; x_wconf 50' lang='lat' dir='ltr'>habea&amp;</span> <span class='ocrx_word' id='word_1_386' title='bbox 1273 2745 1334 2783; x_wconf 91' lang='lat' dir='ltr'>ubi</span> <span class='ocrx_word' id='word_1_387' title='bbox 1355 2745 1468 2782; x_wconf 83' lang='lat' dir='ltr'>verbo</span> <span class='ocrx_word' id='word_1_388' title='bbox 1490 2745 1543 2780; x_wconf 82' lang='grc' dir='ltr'>εἰ·</span> 
     </span>
     <span class='ocr_line' id='line_1_79' title="bbox 875 2799 1541 2844; baseline -0.009 -3"><span class='ocrx_word' id='word_1_389' title='bbox 875 2817 942 2841; x_wconf 85' lang='grc' dir='ltr'><strong><em>ναι</em></strong></span> <span class='ocrx_word' id='word_1_390' title='bbox 969 2804 1184 2842; x_wconf 76' lang='lat' dir='ltr'>adiunctum</span> <span class='ocrx_word' id='word_1_391' title='bbox 1225 2808 1282 2843; x_wconf 86' lang='lat' dir='ltr'>est</span> <span class='ocrx_word' id='word_1_392' title='bbox 1315 2799 1541 2844; x_wconf 84' lang='lat' dir='ltr'>adverbium,</span> 
     </span>
    </p>
   </div>
   <div class='ocr_carea' id='block_1_7' title="bbox 874 2855 1543 2954">
    <p class='ocr_par' dir='ltr' id='par_1_7' title="bbox 874 2855 1543 2954">
     <span class='ocr_line' id='line_1_80' title="bbox 874 2855 1543 2929; baseline -0.01 -31"><span class='ocrx_word' id='word_1_393' title='bbox 874 2860 922 2898; x_wconf 89' lang='lat' dir='ltr'>de</span> <span class='ocrx_word' id='word_1_394' title='bbox 939 2872 1026 2910; x_wconf 92' lang='lat' dir='ltr'>quo,</span> <span class='ocrx_word' id='word_1_395' title='bbox 1048 2860 1138 2900; x_wconf 87' lang='lat' dir='ltr'>alios</span> <span class='ocrx_word' id='word_1_396' title='bbox 1158 2864 1200 2898; x_wconf 90' lang='lat' dir='ltr'>ut</span> <span class='ocrx_word' id='word_1_397' title='bbox 1218 2864 1373 2929; x_wconf 61' lang='lat' dir='ltr'>taceam,</span> <span class='ocrx_word' id='word_1_398' title='bbox 1403 2855 1543 2894; x_wconf 84' lang='lat' dir='ltr'>monuit</span> 
     </span>
     <span class='ocr_line' id='line_1_81' title="bbox 1261 2917 1287 2954; baseline 0 0"><span class='ocrx_word' id='word_1_399' title='bbox 1261 2917 1287 2954; x_wconf 82' lang='lat'><strong>3</strong></span> 
     </span>
    </p>
   </div>
  </div>
 </body>
</html>
