1863 3256
109 264 198 291 alteri
225 272 317 300 super
340 265 380 292 al-

111 301 202 325 teron.

435 116 520 156 306

110 230 387 265 Aroteree,Neu1-3,
445 223 590 274 ἐόντες
613 220 820 278 (Έλληνες
860 220 1059 264 Σκύθαι·

419 294 602 344 Ξέθνος,
643 296 686 336 οἳ
725 291 952 344 Ἀλάζωνες
990 289 1233 334 καλέονται.

839 111 1301 152 HERODOTI

1115 220 1225 275 ὑπὲρ
1271 218 1318 262 δὲ
1355 216 1551 270 τούτων,
1601 218 1705 262 ἄλλο
1720 224 1763 259 75

1303 284 1426 333 οὗτοι
1467 289 1513 333 δὲ
1552 289 1625 332 καὶ
1665 291 1709 333 οἱ

443 364 706 408 Καλλιππίδαι
735 361 787 405 τοὶ
818 363 896 417 μὲν
929 361 1039 404 ἄλλα
1067 362 1176 405 κατὰ
1205 359 1340 404 ταύτὰ
1371 359 1579 416 Σκύθῃσι
1608 360 1707 403 ἐπα-

440 436 640 486 σκέουσι,
672 438 795 476 σῖτον
825 432 872 474 δὲ
897 432 971 475 καὶ
1001 434 1229 487 σπείρουσι
1263 430 1335 473 καὶ
1366 430 1603 482 σιτέονται,
1633 430 1707 474 καὶ

440 505 647 561 κρόμμυα
687 502 762 546 καὶ
803 499 1000 556 σκόροδα
1038 503 1113 546 καὶ
1156 500 1330 557 φακούς
1369 502 1440 544 καὶ
1483 501 1704 556 κέγχρους.

416 575 574 629 3Ὺπὲρ
623 574 669 617 δὲ
713 570 965 625 Ἀλαζώνων
1014 572 1206 617 οἰκέουσι
1254 570 1433 616 Σκύθαι
1486 569 1764 628 οἷροτῆρες,80

389 720 421 756 11
434 731 518 769 pag.
533 718 614 757 602
625 737 670 742 —
681 717 775 756 609.
787 737 840 743 —-
851 714 1047 753 Reichard.

389 788 433 813 ex
462 786 589 825 prava,
618 785 727 822 quam
750 772 916 818 instituit,
944 771 1048 807 huius

388 831 456 868 loci
507 829 808 880 interpretatione
849 827 1049 876 Callipidas

391 887 574 924 habitasse
610 885 685 922 vult
725 898 769 921 ea
806 884 843 920 in
885 886 1048 933 regione,

391 957 487 993 quae
516 955 611 979 nunc
645 945 794 978 vocetur
831 940 1049 978 Bessarabia

389 1001 485 1037 intra
507 999 639 1036 fluvios
659 997 846 1045 Kagalnik
864 1001 902 1034 et
923 996 1048 1035 Pruth.

391 1057 512 1105 Atque
556 1055 665 1092 etiam
714 1053 891 1092 Niebuhr.
926 1054 1048 1091 Verm.

371 1113 487 1149 Hist.
512 1111 655 1148 Schrist.
682 1110 695 1146 l
724 1122 808 1160 pag.
835 1111 931 1156 359,
963 1108 1048 1146 Cal-

391 1168 546 1218 lipidas,
585 1168 647 1216 qui
666 1167 712 1204 ab
734 1166 953 1203 Alazonibus
975 1166 1050 1202 sint

388 1225 498 1276 plane
516 1224 648 1260 diversi
667 1235 822 1272 genere,
854 1223 1049 1270 iidemque,

387 1293 481 1330 quos
502 1279 671 1330 Ephorus
693 1283 797 1316 vocet
824 1278 1046 1329 Καρπίδας,

389 1338 484 1374 intra
511 1336 686 1373 Isthmum
713 1339 750 1372 et
772 1335 916 1372 Olbiam
948 1335 1049 1371 habi-

391 1401 489 1431 tasse
510 1396 644 1430 censet.
703 1392 780 1428 Sed
801 1391 977 1442 Carpz'das
993 1403 1050 1428 re-

390 1450 513 1487 ferunt
530 1449 578 1486 ad
592 1448 791 1498 Carpidern
810 1460 967 1494 amnem,
988 1447 1050 1496 qui

391 1507 428 1543 in
445 1505 576 1542 Istrum
597 1518 636 1542 se
659 1508 833 1542 exonerat
853 1504 934 1553 (lv,
963 1504 1050 1551 49).

390 1562 454 1599 Tu
485 1561 558 1598 vid.
586 1560 684 1598 Gail.
715 1562 763 1597 ad
790 1561 929 1609 Geogr.
957 1559 1049 1596 Min.

391 1619 425 1655 11
444 1630 531 1669 pag.
553 1619 647 1658 398.
679 1616 728 1653 111
751 1629 836 1667 pag.
850 1614 1050 1658 208244.

390 1673 423 1711 A
451 1674 682 1722 Borysthene
711 1674 938 1711 occidentem
970 1685 1051 1710 ver-

392 1743 453 1767 sus
499 1729 762 1780 Calle'piclarum
802 1731 909 1767 sedes
946 1729 1052 1780 ponit

388 1786 542 1825 Rennel.
567 1788 591 1824 l.
612 1786 634 1822 l.
654 1799 691 1836 p.
713 1786 807 1827 410.
849 1786 929 1823 Nec
945 1785 1050 1835 plura

388 1842 566 1880 lucramur
594 1855 614 1880 e
637 1842 758 1880 Melae
785 1843 904 1879 verbis
933 1842 979 1888 ll,
1012 1845 1049 1887 1,

390 1899 464 1939 65:
494 1898 727 1948 „callipidas
745 1899 912 1948 Hypanis
937 1897 1051 1935 inclu-

390 1955 488 1993 dit.“
519 1955 597 1992 coll.
620 1955 741 1992 Strab.
762 1955 827 1991 Xll
855 1968 890 2004 p.
912 1955 992 1995 550
1018 1967 1045 1991 s.

390 2013 471 2053 827
490 2010 533 2048 A.
578 2012 619 2048 ln
642 2011 792 2059 antiquo
811 2011 941 2048 Olbiae
963 2024 1048 2060 pse-

389 2067 570 2117 phismate
601 2080 779 2118 perquam
811 2067 1047 2114 memorabili,

390 2125 489 2171 quod
502 2124 637 2174 primus
649 2123 799 2174 protulit
808 2124 849 2160 P.
863 2124 909 2161 de
920 2124 1047 2174 Koep-

389 2191 484 2228 pen,
515 2184 661 2229 praeter
687 2179 775 2217 alias
796 2184 926 2229 gentes
949 2193 1047 2218 com-

387 2241 635 2272 memorantur
688 2235 910 2286 μιξέλληνες
928 2265 938 2282 ,
997 2237 1044 2273 ad

388 2292 673 2329 montesolbiae
698 2293 831 2328 viciuos
853 2293 1045 2329 considen-

387 2351 442 2383 tes
464 2348 571 2384 etad
602 2349 773 2385 tuendam
805 2349 930 2386 urbem
964 2361 1044 2384 cum

388 2402 621 2452 Olbiopolitis
638 2405 760 2448 iuncti,
791 2405 851 2452 qui
869 2417 950 2440 cum
967 2404 1043 2440 He·

388 2459 508 2495 rodoti
533 2458 726 2508 Culle'pidis
746 2460 791 2496 ab
813 2462 945 2497 eodem
966 2460 1042 2496 viro

387 2515 497 2551 docto
523 2514 620 2552 haud
652 2515 765 2561 male,
808 2521 846 2552 ut
886 2516 1042 2563 videtur,

387 2575 652 2622 comparantur.
672 2570 965 2619 Vid.N0r‹1gest.
978 2573 1042 2608 des

388 2627 492 2664 Pont.
514 2639 599 2677 pag.
621 2628 819 2669 92-95,
862 2628 976 2664 Choix
1004 2629 1040 2663 ‹l.

387 2683 542 2720 medaill.
568 2684 603 2720 d.
633 2683 775 2720 cabinet
807 2685 854 2721 ‹le
880 2683 1043 2721 Blarem-

387 2739 490 2788 berg.
510 2752 594 2789 pag.
616 2741 680 2779 26.
702 2743 766 2780 27.

1161 712 1264 763 ’ὑπὲρ
1284 710 1502 760 δὲτούτων,
1516 710 1608 751 ἄλλο
1631 711 1762 757 ἔθνος,

1107 770 1146 809 οἳ
1174 767 1384 817 Ἀλάζωνες
1413 768 1635 819 καλέονται]
1677 770 1699 804 i.
1731 782 1761 805 e.

1106 840 1209 877 super
1241 828 1300 863 hos
1313 855 1323 873 ,
1351 828 1389 863 id
1409 832 1465 863 est
1485 827 1559 862 loca
1581 827 1763 871 interiora,

1105 884 1278 920 Alazones
1298 885 1359 933 qui
1374 886 1564 929 vocantur,
1586 882 1760 918 habitant.

1105 934 1317 986 Ἀλάζωυες
1337 940 1463 988 scripsi
1492 952 1574 976 cum
1595 937 1764 987 Schwgh.

1107 1001 1143 1033 et
1161 997 1278 1033 Gaiss.
1316 996 1385 1032 Alii
1408 990 1628 1042 Ἀλαζόνες,
1660 994 1762 1032 Reiz.

1103 1047 1325 1099 Ἀλαζῶνες.
1375 1052 1532 1100 Scythas
1556 1046 1764 1097 Ἀλιζώνας

1106 1114 1363 1146 commemorat
1383 1108 1516 1145 Strabo
1529 1108 1549 1144 l.
1563 1107 1585 1144 l.
1618 1107 1677 1145 Tu
1692 1107 1763 1143 vid.

1105 1165 1198 1202 infra
1218 1165 1278 1211 lv,
1303 1168 1356 1206 52
1375 1168 1411 1201 et
1429 1164 1607 1214 Stephan.
1626 1164 1716 1211 Byz.
1735 1176 1763 1199 s.

1106 1234 1137 1257 v.
1157 1215 1328 1267 Ἀλαζίόν
1347 1234 1383 1270 p.
1405 1222 1458 1260 87
1479 1219 1623 1258 Berkel.
1654 1220 1765 1256 Com-

1105 1278 1194 1328 poni
1214 1277 1289 1314 vult
1311 1278 1376 1313 hos
1389 1277 1564 1312 Alazones
1583 1289 1664 1313 cum
1676 1276 1764 1325 Aly-

1106 1335 1214 1370 sonc'z's
1233 1335 1329 1384 apud
1349 1334 1488 1370 Herod.
1510 1333 1571 1378 lll,
1591 1335 1644 1374 90
1660 1333 1765 1382 Rop-

1105 1403 1188 1441 pen.
1218 1390 1417 1438 Nordgest.
1452 1390 1487 1425 d.
1508 1390 1617 1426 Pont.
1643 1402 1679 1439 p.
1699 1389 1765 1435 55,

1105 1458 1218 1497 prava
1250 1446 1307 1483 ille
1345 1446 1491 1495 quidem
1518 1445 1671 1483 lectione
1699 1445 1765 1482 de-

1107 1506 1233 1552 ceptus
1246 1531 1257 1549 ,
1297 1503 1456 1550 itemque
1477 1514 1557 1539 eum
1575 1501 1765 1538 Amazoni-

1108 1559 1184 1605 bus,
1217 1559 1437 1609 probaturus
1455 1570 1553 1595 sacra
1567 1557 1765 1595 Chaldaica

1107 1616 1156 1652 ad
1196 1613 1502 1665 septentrionales
1533 1614 1641 1650 Ponti
1681 1626 1763 1650 oras

1107 1684 1188 1709 esse
1209 1672 1389 1708 traducta.
1420 1671 1463 1707 In
1484 1670 1635 1707 Poclolia
1651 1683 1692 1707 ac
1707 1682 1765 1707 re-

1107 1729 1216 1777 gione
1236 1727 1408 1764 ΒΜΔ-[ατο
1428 1727 1521 1764 hanc
1537 1731 1685 1776 gentem
1701 1726 1764 1763 ha-

1107 1784 1241 1821 bitasse
1262 1783 1429 1821 Renuelii
1453 1787 1509 1820 est
1529 1782 1708 1821 sententia
1727 1795 1761 1832 p.

1106 1840 1211 1887 410,
1250 1853 1271 1877 a
1295 1852 1367 1889 quo
1388 1852 1456 1876 nec
1478 1839 1673 1877 Reichard.
1702 1838 1722 1875 l.
1742 1837 1761 1874 Ι.

1106 1908 1192 1947 pag.
1211 1897 1278 1944 25,
1302 1909 1369 1933 nec
1386 1895 1569 1934 Mannert.
1591 1896 1640 1931 lv
1661 1896 1762 1946 p.94

1106 1952 1211 1990 valde
1235 1953 1437 1990 discedunt.
1484 1952 1580 1988 Add.
1601 1951 1761 1989 Heeren.

1104 2009 1214 2046 ldeen
1244 2009 1272 2055 l,
1293 2011 1317 2048 2
1338 2022 1373 2059 p.
1399 2010 1495 2054 272,
1523 2020 1595 2057 quo
1617 2013 1762 2045 auctore

1104 2066 1223 2114 gentis
1237 2066 1342 2102 sedes
1366 2065 1413 2102 ibi
1435 2064 1679 2112 quaerendae,
1701 2063 1762 2101 ubi

1102 2122 1353 2171 Borysthenes
1373 2116 1550 2172 (Dniepr)
1577 2125 1615 2157 et
1634 2120 1761 2170 Hypa-

1104 2179 1158 2215 nis
1183 2179 1303 2227 (Bug)
1321 2178 1387 2214 sibi
1410 2177 1716 2226 appropinquant.

1159 2232 1346 2284 κρόμμυα
1370 2231 1437 2271 καὶ
1463 2229 1644 2281 σκόροδα]
1701 2231 1759 2268 Cf.

1102 2290 1147 2335 ΙΙ,
1171 2292 1260 2331 125.
1300 2290 1502 2337 Utrumque
1521 2288 1572 2324 sic
1595 2288 1757 2324 iunctum

1100 2347 1277 2395 reperitur
1287 2346 1436 2383 Numer.
1455 2344 1520 2390 xl,
1539 2344 1563 2384 5
1586 2349 1758 2380 monente

1101 2401 1342 2450 wesseling,
1370 2401 1430 2449 qui
1461 2401 1654 2450 Geoponn.
1675 2399 1755 2445 Xll,

1099 2459 1176 2502 30,
1206 2458 1293 2502 alia,
1324 2457 1458 2493 citavit.

1130 2511 1253 2564 ’Υπὲρ
1272 2510 1312 2552 ὸὲ
1330 2508 1562 2559 Ἀλαζώνων
1579 2510 1756 2552 οἰκέουσι

1102 2565 1264 2607 Σκύθαι
1315 2564 1529 2620 α’ροτῆρες]
1600 2569 1756 2619 Scythas

1101 2629 1272 2671 arom-es,
1325 2626 1384 2674 qui
1426 2639 1537 2676 supra
1574 2624 1754 2662 Alazones

1101 2681 1262 2718 locantur
1291 2687 1326 2718 et
1356 2695 1425 2718 uua
1455 2695 1535 2719 cum
1565 2681 1608 2717 iis
1635 2682 1752 2718 nomi-

1100 2744 1231 2775 nantur
1250 2738 1310 2785 lv,
1339 2741 1406 2784 52,
1439 2739 1532 2775 bene
1548 2738 1594 2775 ab
1617 2738 1659 2774 iis
1679 2737 1753 2774 dis-
