1879 3255
584 172 1060 214 THALIA.111.

1398 181 1455 220 25

156 293 360 347 7ἐποίησε
387 289 434 332 τό
457 288 532 332 καὶ
561 286 631 330 ἐπὶ
660 286 714 343 τῇ
742 283 944 340 θυγατρί.
976 283 1292 338 παρελθόντων
1315 285 1453 330 δὲκαὶ

183 362 377 410 τούτων,
408 358 636 415 συνήνεικε
668 356 727 408 ὤς
755 372 799 399 τε
829 360 917 399 τῶν
947 355 1205 410 συμποτέων
1238 356 1282 399 οἱ
1315 354 1454 409 ἄνδρα

182 432 541 488 ἀπηλικέστερον,
570 425 874 473 ἐκπεπτωκότα
895 426 942 470 ἐκ
965 429 1054 469 τῶν
1076 424 1240 470 ἐόντων
1256 459 1267 479 ,
1299 427 1455 482 ἔχοντά

177 520 222 548 τε
251 501 402 555 οὐδὲν,
437 504 473 545 εἰ
502 500 560 558 μή
595 500 677 544 ὅσα
707 498 902 555 πτωχὸς,
931 497 1006 541 καὶ
1027 498 1350 553 προσαιτέοντα
1376 497 1456 553 τήν
1468 503 1512 539 45

177 574 404 630 στρατιὴν,
448 571 654 627 παριέναι
701 567 993 625 Ψαμμήνιτόν
1033 584 1078 612 τε
1123 568 1202 613 τὸν
1238 567 1454 625 Ἀμάσιος,

175 646 248 690 καὶ
284 644 389 696 τούς
429 645 476 688 ἐν
515 648 577 700 τῷ
607 642 854 698 προαστείῳ
886 640 1160 696 κατημένους
1192 644 1284 684 τῶν
1315 642 1457 696 Αἰγυ-

146 718 324 761 8πτίων.
386 715 410 759 ὁ
441 716 487 759 δὲ
527 712 812 771 Ψαμμήνιτος
845 711 904 763 ὥς
934 708 1043 761 εἶδε,
1074 709 1359 763 ἀνακλαύσας
1388 712 1458 768 μέ-

172 806 252 846 γα,
292 787 366 832 καὶ
403 787 588 838 καλέσας
629 783 844 841 ου’νόματι
881 783 961 827 τόν
1001 781 1202 837 ἑταῖρον,
1246 782 1456 840 ἐπλήξατο

143 859 258 917 9τήν
287 859 497 916 κεφαλήν.
546 854 688 901 ῗΗσαν
719 855 762 900 δ’
794 855 880 911 ἄρα
907 852 1048 898 αὐτοῦ
1079 854 1300 910 φύλακοι,
1334 859 1378 899 οἳ
1408 856 1513 900 τὸ50

173 930 441 987 ποιεύμενον
471 933 562 972 πᾶν
593 929 634 982 ἐξ
675 928 847 973 ἐκείνου
879 925 949 972 ἐπ’
988 925 1145 984 ἑκάστῃ
1177 926 1311 985 ἐξόδῳ
1337 930 1457 983 Καμ-

119 1010 163 1043 10
175 1002 289 1059 βύσῃ
341 1000 591 1058 ἐσήμαινον.

656 1000 900 1058 θωυμάσας
945 999 990 1043 δὲ
1038 997 1062 1041 ὁ
1110 997 1356 1055 Καμβύσης
1401 998 1456 1042 τοὶ

174 1073 442 1130 ποιεύμενα,
487 1073 661 1128 πέμψας
692 1072 901 1129 ἄγγελον,
935 1068 1094 1125 εἰρώτα
1126 1068 1287 1121 αὐτὸν,
1318 1068 1458 1125 λέγων

121 1144 294 1189 11τοὲδε·
353 1178 379 1198 ,,
393 1143 619 1201 Δεσπότης
659 1155 705 1188 σε
745 1142 1012 1200 Καμβύσης,
1060 1139 1342 1196 Ψαμμήνιτε,
1395 1143 1458 1184 εἰ-

174 1219 312 1274 ρωτᾷ,
346 1214 459 1260 διότι
489 1215 541 1271 δή
572 1214 653 1272 τὴν
682 1215 762 1273 μὲν
791 1214 1015 1272 θυγατέρα
1047 1213 1186 1269 ὁρέων
1215 1213 1457 1269 κεκακωμέ-
1469 1222 1514 1256 55

171 1302 268 1344 νην,
290 1286 364 1330 καὶ
382 1286 462 1331 τόν
482 1289 619 1342 παῖδα
644 1287 715 1331 ἐπὶ
735 1287 935 1332 θάνατον
959 1287 1198 1342 στείχοντα,
1234 1283 1336 1328 οὔτε
1362 1282 1458 1328 ἀνέ-

173 1360 333 1416 βωσας,
363 1358 463 1404 οὔτε
491 1357 790 1411 ἀπέκλαυσας·
834 1359 913 1402 τὸν
937 1357 984 1402 δὲ
1010 1355 1197 1412 πτωχὸν,
1225 1354 1358 1399 οὐδέν
1387 1368 1458 1400 σοι

174 1430 473 1488 προσήκοντα,
495 1431 554 1484 ὥς
574 1430 718 1476 ἄλλων
729 1429 1018 1482 πυνθάνεται,
1038 1427 1242 1485 ἐτίμησας
1252 1431 1294 1478 3“
1308 1424 1362 1471 ‘0
1377 1427 1458 1484 μὲν

117 1629 256 1669 Toxar.
279 1644 359 1682 cap.
380 1633 434 1673 33
463 1644 548 1682 pag.
574 1634 664 1673 111.
705 1630 779 1668 Ita-

118 1701 190 1737 que
214 1688 313 1725 haud
335 1689 409 1726 scio
431 1701 477 1726 an
507 1688 572 1736 lx,
595 1691 646 1729 33
673 1701 784 1739 prae-

115 1746 269 1782 ferenda
303 1745 352 1782 sit
387 1745 593 1783 Florentini
624 1745 707 1783 libri
748 1748 784 1782 et

115 1801 269 1838 aliorum
292 1803 524 1850 quorundam
545 1802 671 1840 lectio:
704 1801 785 1840 δει-

115 1855 168 1897 νοῖ
195 1857 377 1902 ἐποίευν,
418 1859 481 1896 ubi
517 1859 784 1907 Wesselingius

117 1916 165 1952 ob
200 1915 265 1962 IX,
290 1916 356 1956 52.
382 1917 436 1958 93
465 1915 640 1966 praetulit
670 1911 783 1954 δεινοὶ

115 1970 350 2020 ἐποιεῦντο,
381 1973 480 2022 quod
510 1973 586 2010 bini
624 1972 704 2010 libri
729 1972 786 2009 of-

115 2030 249 2067 ferunt.
318 2028 379 2066 Ad
409 2029 521 2067 verba
552 2043 657 2079 seqq.
700 2024 784 2069 σύ-

116 2081 326 2137 νήνεικε
358 2082 483 2125 ὥστε
517 2088 614 2124 conf.
649 2087 784 2124 Matth.

118 2143 183 2180 Gr.
219 2144 287 2182 Gr.
328 2157 416 2194 pag.
450 2144 557 2184 1038
598 2148 636 2182 et
674 2156 787 2194 supra

115 2199 180 2248 ΙΙΙ,
202 2202 239 2241 4.

176 2254 305 2308 ἄνδρα
336 2251 659 2308 ἀπηλικέστερον]
695 2257 717 2293 i.
752 2271 784 2295 e.

118 2316 233 2352 virum
251 2318 367 2352 aetate
381 2317 642 2364 provectiorem.
675 2314 786 2351 Glos-

119 2384 160 2409 sa
181 2372 323 2410 Herod.
352 2372 473 2409 reddit
501 2366 786 2423 πρεσβύτερον.

118 2450 174 2456 --
193 2428 234 2465 In
255 2442 359 2478 seqq.
377 2429 509 2465 retinui
532 2427 585 2475 ὥς
610 2424 701 2476 εἶδε,
724 2442 786 2465 cu-

120 2485 174 2522 ius
208 2485 289 2523 loeo
323 2486 439 2522 Gaisf.
473 2499 553 2522 cum
587 2485 785 2522 Schaefero

122 2539 175 2588 ὥς
199 2541 271 2590 ἴδε,
297 2556 369 2580 uno
390 2543 576 2579 Sancrofti
599 2541 691 2579 libro
716 2543 784 2579 ad-

123 2598 277 2647 dicente,
300 2600 361 2649 qui
393 2599 540 2637 exhibet
569 2597 630 2645 ὥς
660 2598 783 2638 ἰ’δεν.

125 2675 176 2680 —
213 2655 286 2693 Pto
332 2652 375 2695 τό
416 2653 660 2706 ποιεύμενον
701 2658 785 2695 πᾶν

124 2709 245 2748 wass.
271 2713 319 2749 ad
339 2713 508 2763 Thueyd.
537 2713 566 2760 Ι,
591 2712 670 2754 143
699 2713 786 2750 scri-

126 2766 162 2802 bi
188 2766 316 2806 voluit:
346 2766 389 2809 to*
414 2785 456 2808 π.
487 2765 645 2817 ἅπαν,
684 2771 786 2819 quod

126 2822 221 2860 idem
239 2826 419 2874 praebent
439 2827 624 2866 Sancrofti
643 2825 786 2865 liberae

840 1629 1153 1668 Vindobonensis.
1204 1627 1289 1672 Quo
1310 1631 1434 1666 tamen
1453 1628 1514 1666 vix

841 1701 946 1739 opus.

900 1741 992 1783 οὕτε
1014 1737 1282 1791 οἷπέκλαυσας]
1315 1738 1452 1777 Aldina
1478 1744 1514 1778 et

840 1800 1033 1838 Mediceus
1064 1799 1180 1837 liber:
1231 1793 1513 1844 οἷνέκλαυσας.

840 1858 1039 1907 Vulgatam
1057 1861 1180 1894 tuetur
1191 1854 1414 1903 wesseling.
1435 1854 1515 1890 lau-

843 1916 936 1952 dans
953 1914 1000 1958 11,
1021 1915 1112 1954 121.
1143 1911 1312 1960 Aeschyl.
1327 1911 1513 1949 Prometh.

845 1973 939 2013 638.
959 1969 1132 2021 Sophocl.
1155 1970 1253 2007 Oed.
1276 1968 1368 2017 Tyr.
1394 1967 1513 2008 1466.

843 2027 1037 2067 Philoctet.
1052 2029 1135 2068 709
1159 2031 1197 2064 et
1208 2025 1426 2075 Procopium
1441 2024 1514 2061 sol-

844 2085 972 2123 lertem
991 2085 1192 2135 priscorum
1215 2083 1432 2134 scriptorum
1453 2094 1514 2120 ae-

844 2142 1083 2188 mulatorem,
1134 2141 1205 2178 hoe
1249 2140 1361 2178 verbo
1414 2134 1515 2177 οἷπυ-

844 2196 1009 2238 κλαύειν
1061 2198 1361 2247 frequentissime
1405 2200 1515 2234 uten-

843 2262 929 2294 tem.
985 2256 1085 2293 Infra
1116 2255 1189 2301 111,
1226 2253 1279 2294 65
1317 2258 1514 2302 utrumque

845 2309 1077 2353 ἀνακλαίειν
1109 2316 1145 2350 et
1171 2306 1405 2350 οἷποκλαίειν
1428 2324 1514 2361 pro-

843 2371 979 2408 miscue
1001 2369 1161 2420 ponitur.

902 2425 955 2474 ιός
978 2424 1109 2465 ἄλλων
1129 2419 1399 2476 πυνθάνεται]
1432 2425 1455 2461 ἰ.
1481 2437 1513 2462 e.

843 2488 883 2522 ut
922 2497 966 2521 ex
1004 2484 1089 2521 aliis
1131 2485 1306 2532 cognovit.
1367 2482 1514 2529 Aldina,

843 2541 1078 2580 Florentinus
1100 2539 1191 2578 liber
1202 2554 1285 2577 cum
1299 2540 1394 2577 binis
1414 2538 1512 2576 aliis:

842 2594 1129 2649 πυνθάνομαι,
1161 2598 1263 2647 quod
1292 2596 1513 2644 Schweigh.‚

843 2657 906 2706 qui
933 2656 970 2692 in
1001 2659 1105 2693 textu
1133 2655 1281 2692 retinuit
1309 2649 1514 2693 πυνθάνε-

842 2728 920 2761 ται,
939 2713 1178 2750 vehementer
1200 2711 1333 2762 placet,
1357 2722 1436 2748 cum
1457 2722 1514 2745 re-

843 2771 900 2820 gis
934 2769 1069 2807 scilicet
1094 2769 1216 2807 verbis
1247 2768 1358 2805 homo
1385 2767 1512 2814 loqua-

843 2833 902 2865 tur
929 2830 969 2866 et
998 2826 1036 2864 in
1066 2838 1171 2877 seqq.
1200 2837 1350 2876 quoque
1379 2823 1430 2860 sic
1456 2833 1514 2859 re-
