1863 3256
491 151 1178 192 MELPOMENE.1V.
1388 161 1467 199 371

197 264 256 312 (οἱ
286 263 332 306 δὲ
367 262 533 306 Τάναϊν
561 260 760 317 ποταμόν
787 261 865 305 τὸν
894 260 1102 320 Μαιήτην
1131 263 1204 306 καὶ
1235 265 1473 320 Πορθμήϊα

196 334 249 377 τοὶ
281 334 500 390 Κιμμέρια
530 332 749 389 λέγουσι’)
795 331 899 377 οὐδὲ
935 338 1025 378 τῶν
1064 334 1389 389 διουρισάντων
1418 336 1470 379 τοὶ

197 406 420 462 οὐνόματα
438 406 663 450 πυθέσθαι
676 438 686 457 ,
727 405 800 448 καὶ
821 404 926 449 ὅθεν
948 405 1100 450 ἔθεντο
1119 406 1194 457 τάς
1215 407 1476 462 ἐπωνυμίας.

168 477 226 534 3ἦ
259 477 311 534 δή
340 476 424 532 γάρ
456 476 608 532 Λιβύη
636 477 716 532 μὲν
752 476 823 519 ἐπὶ
853 476 1022 534 Λιβύης
1060 478 1226 534 λέγεται
1266 477 1354 521 ὑπὸ
1386 481 1532 522 τῶν55

137 665 181 690 ex
202 664 274 700 qua
293 649 402 688 Nilus
420 652 616 696 utramque
635 648 804 685 dirimere

137 708 338 758 putabatur
377 705 476 743 orbis
507 709 686 741 terrarum
719 717 805 754 par-

136 769 232 810 tem,
262 763 366 812 sequi
392 763 567 800 videatur.
609 761 706 799 Hinc
731 763 804 798 sre-

135 823 292 870 quenter
312 819 481 870 componi
495 821 620 856 monet
630 817 799 857 Viilcker.

136 876 255 924 Myth.
285 876 425 925 Geogr.
458 875 472 912 l
495 887 581 925 pag.
606 875 697 916 152.
722 876 800 914 153

134 933 346 983 Aegyptum
363 939 477 982 atque
491 931 644 969 Pontum
664 936 800 968 terras-

134 1003 208 1040 que
228 990 350 1027 Ponto
373 990 596 1035 adiacentes,
624 993 799 1037 tanquam

134 1047 311 1085 terminos
322 1051 441 1084 terrae
454 1045 600 1083 ultimos
611 1045 800 1082 meridiem

134 1117 177 1141 ac
197 1104 487 1154 septentrionem
503 1115 640 1139 versus.
669 1101 723 1138 Ac
736 1102 801 1139 de-

134 1161 246 1209 nique
265 1160 400 1198 Phasin
419 1159 650 1196 Herodotum
680 1158 799 1208 ipsum

134 1217 263 1254 visisse
283 1217 473 1253 statuimus
492 1215 596 1260 obll,
617 1217 696 1255 104
716 1215 800 1260 (ubi

132 1273 206 1310 vid.
225 1273 354 1321 nott).
376 1272 455 1309 coll.
470 1271 514 1318 ll,
538 1273 629 1312 105.
652 1272 713 1318 lV,
734 1273 800 1313 86.

134 1330 255 1375 Quem
292 1333 416 1366 tamen
445 1328 596 1366 ulterius
626 1341 800 1378 progres-

133 1399 213 1424 sum
234 1399 314 1424 esse
330 1398 520 1435 negamus.
553 1385 612 1423 De
630 1386 711 1435 ipso
730 1387 800 1422 flu-

131 1444 190 1480 vio
207 1443 328 1480 omnia
339 1444 415 1480 sere
425 1442 572 1491 collegit
581 1442 617 1481 T
618 1442 800 1480 zschucke

132 1501 181 1537 ad
206 1499 291 1538 Mel.
323 1499 357 1547 Ι,
391 1502 455 1540 19.
483 1512 569 1550 pag.
588 1498 671 1540 614
690 1512 797 1548 seqq.

133 1561 226 1593 nott.
241 1569 372 1606 exegg.
396 1556 498 1604 (Vol.
511 1556 562 1593 ΙΙΙ
573 1556 613 1593 Ρ.
625 1556 674 1604 Ι),
694 1557 740 1593 de
752 1569 797 1593 eo

132 1626 281 1663 quoque
310 1614 522 1664 disputans,
553 1614 653 1662 quod
675 1613 798 1650 termi-

132 1683 218 1707 num
239 1670 349 1707 Asiae
377 1674 414 1708 et
436 1670 606 1720 Europae
631 1670 715 1706 olim
736 1683 798 1707 ve-

131 1731 229 1764 teres
252 1728 448 1764 statuerint
469 1727 604 1764 Phasin
624 1739 702 1764 eam
722 1728 795 1763 for-

132 1788 234 1821 tasse
253 1784 301 1820 ob
325 1796 471 1821 causam
485 1812 495 1831 ,
526 1784 625 1834 quod
645 1784 797 1833 naviga-

130 1840 238 1877 tionis
258 1841 450 1878 terminum
467 1839 552 1877 olim
571 1841 727 1878 eundem
746 1840 796 1877 illi

128 1898 319 1947 posuerint
339 1910 496 1935 amnem.
527 1897 586 1935 De
611 1911 684 1947 quo
700 1910 796 1935 nunc

130 1954 295 2005 pluribus
316 1954 518 2003 disquirere
542 1967 616 1991 non
632 1958 750 1992 vacat.

190 2009 232 2049 οἱ
252 2008 294 2049 δὲ
313 2005 462 2049 Τάναϊν
484 2007 676 2062 ποταμὸν]
700 2011 794 2049 Cum

129 2067 236 2104 huius
269 2068 473 2106 sententiae
501 2069 621 2106 obiter
651 2072 795 2106 tantum

128 2123 268 2162 Noster
301 2125 412 2162 saciat
441 2126 686 2173 mentionem,
727 2139 796 2163 nee

130 2180 263 2219 multos
274 2182 340 2219 sed
350 2181 490 2231 aliquos
501 2186 644 2219 tantum
663 2182 726 2231 (οἱ
735 2180 793 2231 δὲ)

131 2250 212 2275 eam
237 2239 343 2288 sequi
362 2239 517 2287 scribat,
548 2239 646 2276 haud
670 2241 796 2277 imme-

129 2295 202 2332 rito
221 2295 309 2334 inde
333 2295 496 2345 colligas,
525 2297 625 2346 quod
644 2296 795 2334 alioruin

132 2364 280 2401 quoque
325 2353 541 2402 scriptorum
584 2355 796 2391 testimonia

133 2407 281 2456 docent,
302 2408 451 2446 alteram
469 2411 700 2457 sententiam,
724 2411 797 2460 qua

134 2463 269 2501 Phasin
290 2479 356 2515 pro
381 2466 489 2504 Asiae
509 2469 664 2504 termino
683 2467 796 2505 habe·

134 2525 242 2567 rent,
280 2522 459 2560 Herodoti
489 2529 613 2562 aetate
640 2537 794 2575 praeva-

135 2575 256 2613 luisse.
287 2577 344 2614 Cf.
367 2579 522 2629 Breiger
542 2581 563 2617 l.
582 2581 603 2617 l.
620 2593 707 2631 pag.
730 2583 795 2621 72.

135 2632 264 2681 Heyse
296 2633 318 2670 l.
351 2634 373 2671 l.
395 2649 431 2685 p.
455 2640 535 2678 104
553 2638 674 2687 ibique
694 2637 796 2687 Aga-

137 2688 287 2726 themer.
317 2690 351 2736 Ι,
384 2694 406 2731 1
434 2696 631 2731 testantem
653 2700 795 2733 veteres

137 2743 249 2782 Asiae
277 2750 388 2796 atque
407 2747 578 2800 Europae
602 2752 796 2788 terminum

135 2803 302 2852 posuisse
345 2799 477 2843 Φᾶσιν
511 2804 688 2858 ποταμὸν
727 2806 797 2846 καὶ

862 646 928 688 τόν
948 648 1021 696 ἕως
1046 650 1234 698 Κασπίας
1254 645 1429 700 ἰσθμόν;
1467 663 1526 687 re-

862 707 1042 744 centiores
1071 708 1235 745 Maeotin
1280 708 1451 757 paludem
1492 711 1528 743 et

861 763 1006 800 Tanain
1019 765 1178 801 fluvium.
1210 765 1262 802 Ac
1276 763 1423 801 Tanain
1436 764 1528 813 Scy-

860 819 918 857 lax
938 833 1086 870 quoque
1104 821 1215 859 Asiae
1234 827 1344 871 atque
1358 821 1527 871 Europae

858 878 1049 914 terminum
1085 878 1299 926 constituit,
1337 876 1372 928 ἓ.
1403 880 1457 919 69
1487 890 1525 928 p.

859 935 924 974 30.
963 934 1085 971 Huds.
1116 948 1152 985 p.
1183 935 1266 976 284
1301 934 1398 972 Gail.
1446 933 1527 972 Nec

859 990 963 1027 aliam
997 990 1141 1039 Polybii
1161 1020 1171 1037 ,
1229 992 1378 1040 Scymni
1429 991 1526 1038 Chii,

858 1047 1035 1084 iuniorum
1061 1048 1234 1097 deinceps
1254 1048 1365 1085 fuisse
1377 1053 1525 1085 senten-

858 1104 947 1141 tiam
985 1104 1126 1140 monuit
1154 1104 1336 1141 Dodwell.
1369 1105 1524 1142 Dissert.

860 1161 908 1197 de
929 1159 1068 1208 Scylac.
1089 1158 1125 1210 ἓ
1143 1162 1204 1200 18.
1237 1161 1286 1197 Et
1303 1162 1399 1198 conf.
1421 1161 1526 1198 deni—

859 1228 932 1266 que
957 1217 1091 1253 Ritter.
1121 1217 1153 1253 V
1157 1216 1295 1254 orhalle
1332 1231 1417 1268 pag.
1443 1219 1524 1258 319

860 1285 964 1322 seqq.
1009 1273 1228 1311 Tzschucke
1266 1274 1315 1310 ad
1343 1274 1525 1324 Pompon.

860 1329 948 1367 Mel.
969 1329 1006 1376 Ι,
1039 1331 1118 1370 136
1141 1334 1233 1367 nott.
1249 1343 1380 1380 exegg.
1400 1344 1436 1381 p.
1458 1330 1524 1371 51.

913 1383 981 1425 τὸν
1002 1382 1216 1437 Μαιήτην]
1241 1385 1310 1425 καὶ
1334 1389 1524 1426 Μαιῶτιν

855 1443 1005 1482 exhibet
1035 1444 1235 1495 Procopius
1253 1444 1297 1481 B.
1321 1445 1369 1481 G.
1393 1444 1466 1490 lV,
1496 1447 1523 1486 6

854 1501 1073 1539 Herodotea
1102 1501 1314 1539 exscribens
1338 1504 1377 1539 et
1396 1500 1525 1538 Maeo-

855 1561 963 1594 ticam
1003 1558 1172 1608 paludem
1210 1557 1415 1607 intelligens
1449 1571 1524 1595 non

855 1614 960 1666 aliter
980 1627 1022 1651 ac
1039 1614 1146 1651 Valla
1162 1619 1274 1664 atque
1288 1613 1520 1664 Agathemer.

854 1670 877 1708 l.
896 1671 917 1708 l.
931 1693 982 1698 -—
1002 1671 1091 1719 ‚,A1,
1115 1684 1225 1720 quum
1246 1672 1281 1708 in
1302 1669 1372 1711 τὸν
1385 1667 1523 1722 Μαιή-

853 1743 926 1778 την
951 1729 1184 1765 consentiant
1201 1728 1294 1776 libri,
1325 1728 1413 1765 nihil
1438 1742 1524 1779 pro-

854 1786 953 1823 fecto
977 1785 1152 1834 impedit,
1183 1798 1256 1834 quo
1276 1786 1392 1822 minus
1414 1786 1522 1823 intel-

854 1842 1007 1891 ligamus
1035 1841 1254 1879 Maeoticum
1278 1843 1434 1893 fluvium
1465 1842 1522 1880 hic

853 1899 922 1936 dici
943 1899 1107 1945 Tanaim,
1128 1900 1170 1946 (i.
1192 1913 1222 1936 e.
1240 1900 1301 1948 qui
1312 1913 1379 1950 per
1392 1899 1520 1936 Maeo-

852 1960 970 1992 tarum
994 1956 1084 1993 fines
1107 1955 1307 2008 decurrit),
1339 1957 1519 2006 quemad—

851 2013 1000 2050 modum
1043 2015 1189 2059 Νεῖλος
1231 2011 1255 2052 ὅ
1295 2009 1521 2066 Αἰγύπτιος

851 2070 1085 2114 nominatur,
1123 2074 1161 2107 et
1197 2071 1325 2116 Φᾶσις
1366 2069 1386 2110 ὁ
1415 2066 1518 2108 Κόλ-

851 2128 959 2178 χος.“
1021 2126 1223 2175 Schweigli.
1293 2127 1351 2165 Cf.
1408 2140 1519 2178 supra

852 2188 945 2221 nott.
966 2184 1025 2220 ad.
1046 2185 1120 2231 IV,
1150 2186 1188 2223 3.

910 2239 976 2278 καὶ
993 2236 1220 2292 Πορθμηϊα
1241 2236 1288 2279 m*
1304 2238 1520 2291 Κιμμέρια]

853 2296 966 2334 Conf.
986 2302 1077 2334 nott.
1096 2298 1144 2334 ad
1158 2297 1223 2344 IV,
1245 2299 1307 2336 12.
1338 2297 1427 2334 Mox
1440 2311 1519 2334 curn

855 2354 971 2391 Gaisf.
1003 2355 1147 2405 recepi,
1180 2355 1283 2404 quod
1313 2354 1518 2404 Schweigh.

853 2416 1070 2461 reposuerat
1089 2409 1119 2462 ἦ
1139 2407 1188 2462 δή
1208 2408 1283 2464 γάρ
1296 2407 1435 2462 Λιβύη
1451 2425 1519 2462 pro

853 2465 933 2518 ἤδη
959 2464 1033 2520 γάρ
1054 2463 1192 2520 Λιβύη
1223 2466 1306 2519 μέν.
1349 2469 1390 2505 ln
1417 2469 1518 2506 Mat-

854 2525 950 2563 thiae
982 2526 1144 2563 editione
1175 2530 1294 2563 exstat
1323 2521 1403 2575 ἤδη
1431 2520 1519 2577 γάρ.

853 2581 912 2619 Ad
958 2584 1070 2620 verba
1108 2581 1172 2621 ἐπὶ
1220 2578 1378 2633 Λιβύης
1420 2583 1517 2618 conf.

853 2638 987 2676 Matth.
1017 2637 1053 2690 ἓ.
1074 2640 1180 2686 584,
1212 2655 1247 2676 α.
1281 2653 1307 2677 ε.
1336 2653 1371 2689 p.
1399 2640 1517 2678 1162-

853 2695 913 2732 Ad
943 2694 1084 2744 Libyae
1115 2708 1249 2733 nomen
1278 2696 1373 2732 conf.
1409 2695 1517 2731 etiam

854 2765 949 2801 quae
968 2753 1118 2790 Servius
1145 2753 1285 2803 profert
1313 2751 1360 2787 ad
1390 2750 1517 2798 Virgil.

855 2808 949 2846 Aen.
979 2808 1017 2856 I,
1048 2811 1114 2849 21.

1156 2860 1210 2905 24
1229 2860 1245 2876 ⁸

1547 370 1681 403 originir.
