1946 3272
419 250 476 290 36
811 248 1281 287 HERoDoTt

297 360 362 406 18
420 359 540 413 δῶρα
570 357 614 401 δὲ
644 360 704 416 τῷ
734 357 847 417 λόγῳ
878 359 1095 413 φέροντας
1136 362 1195 415 τῷ
1225 356 1393 413 βασιλέϊ
1423 355 1581 400 αὐτῶν.
1637 353 1746 398 Ἡ35

92 426 366 493 ξζξῖξξξξξξξξῖᾳῗξὲ
424 429 469 472 δὲ
509 427 695 483 τράπεζα
739 433 822 472 τοῦ
871 427 1002 483 ἡλίου
1052 426 1197 483 τοιήδε
1246 444 1310 478 τις
1351 428 1516 484 λέγεται
1559 425 1688 470 εἶναι·

91 494 167 530 apud
195 493 424 533 Aethiopem*

367 579 568 616 Stallbaum
611 579 658 614 ad
697 577 793 614 Plat.
826 577 1029 627 Eutltyphr.

368 648 454 686 pag.
480 637 529 675 10
548 647 624 682 seq.

563 691 673 739 Cap.
705 688 838 726 XVllI.

423 743 520 784 Ἡὸὲ
535 742 702 795 τράπεζα
721 746 794 782 τοῦ
814 742 931 793 ήλιόυ
953 758 1030 782 τοι-

369 799 442 853 ‘ride
463 818 519 847 τις
539 800 687 852 λέγεται
706 797 822 849 εἶναι]
854 800 911 836 De
928 813 1031 836 nien-

369 873 408 895 sa
428 859 513 895 solis
534 859 622 894 haec
638 858 817 906 Pompon.
849 855 946 893 Mela
966 856 1030 902 lll,

371 918 395 956 9
429 916 506 951 init.
543 913 650 958 (coll.
680 913 793 948 Solin.
826 924 904 961 cap.
935 912 1030 959 30):

369 971 464 1019 „Est
483 972 584 1006 loeus
607 970 788 1019 apparatis
810 967 924 1017 epulis
937 980 1032 1004 sem-

370 1040 436 1077 per
465 1026 637 1063 resertus:
670 1030 707 1062 et
737 1025 834 1074 quia,
872 1023 1032 1070 utlibet,

368 1083 465 1120 vesci
510 1080 713 1118 volentibus
759 1080 839 1117 licet
853 1109 864 1127 ,
914 1079 1031 1131 ἡλίου

369 1134 567 1190 τράπεζαν
602 1137 811 1188 appellant,
856 1141 893 1173 et
935 1150 1032 1185 quae

368 1196 504 1246 passim
524 1195 692 1244 apposita
721 1197 818 1241 sunt,
849 1193 1032 1230 affirmant

371 1250 511 1288 innasci
533 1250 688 1287 subinde
715 1250 926 1286 divinitus.“
971 1248 1031 1286 Ad

367 1307 529 1354 fabulas,
559 1309 599 1343 ut
625 1307 793 1352 videtur,
824 1306 897 1342 ista
920 1307 1031 1344 refert

369 1364 528 1402 Pausan.
555 1361 625 1411 Vl,
660 1366 713 1404 26
747 1360 783 1412 ἓ.
809 1365 827 1402 1
867 1362 972 1411 (coll.
1002 1362 1029 1409 Ι,

371 1421 426 1461 33
465 1417 501 1470 ἓ.
529 1419 581 1467 4)
617 1419 678 1455 ubi
706 1419 801 1456 conf.
830 1419 954 1456 Kiihn.
994 1422 1032 1456 et

371 1489 480 1526 quem
498 1474 717 1524 'Wesseling
739 1475 876 1521 laudat,
898 1474 1030 1512 Liban.

375 1532 478 1570 Orat.
509 1530 679 1569 Antioch.
709 1531 741 1568 11
783 1545 818 1581 p.
846 1531 942 1572 385.
991 1530 1032 1567 Si

372 1601 459 1626 vero
491 1600 668 1637 quaeras,
699 1588 788 1636 quid
814 1588 889 1625 veri
919 1587 1032 1625 lateat

371 1644 438 1682 sub
467 1644 534 1681 hac
563 1645 793 1691 narratione,
823 1644 948 1694 paucis
982 1645 1034 1680 ita

372 1701 582 1750 defungitur
601 1700 626 1737 Ι.
647 1700 753 1737 Voss.
776 1701 824 1736 ad
842 1699 928 1737 Mel.
950 1699 971 1736 l.
988 1699 1033 1736 l.:

371 1757 484 1806 „quia
510 1757 708 1793 communis
741 1760 838 1794 esset
866 1756 1033 1793 omnibus

372 1814 463 1850 haec
485 1825 624 1860 mensa,
654 1813 736 1850 ideo
760 1813 846 1849 solis
871 1811 1035 1863 appella-

372 1870 488 1906 batur.
522 1868 586 1905 Sol
604 1868 700 1906 enim
720 1870 886 1906 omnibus
899 1868 1034 1905 lucet.“

373 1925 492 1963 Altius
512 1926 604 1962 hanc
620 1926 656 1961 in
676 1938 751 1962 rem
773 1925 922 1974 inquirit
933 1925 1034 1962 Hee-

374 1994 439 2018 ren
457 1982 589 2028 (Ideen
602 1981 647 2025 ll,
671 1983 689 2020 1
713 1993 798 2031 pag.
818 1979 900 2021 345
923 1978 1034 2029 seq),

374 2038 437 2086 qui
456 2037 552 2074 Solis
570 2049 666 2074 aram
688 2049 717 2074 s.
738 2049 900 2074 mensam
919 2038 1035 2073 forum

375 2105 456 2130 esse
483 2094 580 2139 vult,
610 2093 646 2128 in
676 2106 749 2142 quo
783 2093 1034 2130 commercium

374 2161 454 2186 cum
468 2149 670 2199 peregrinis
688 2150 794 2186 suerit
811 2150 1034 2194 factitatum,

375 2206 475 2255 quod
487 2206 602 2255 ipsum
623 2218 704 2242 cum
722 2205 937 2255 templorum
952 2217 1035 2241 san-

374 2262 488 2298 ctitati
509 2274 574 2311 per
593 2259 739 2299 Africae
750 2263 918 2311 regiones
936 2274 1035 2298 com-

374 2318 519 2355 missum
542 2318 664 2364 fuerit,
695 2318 791 2354 haud
809 2318 949 2361 mirum,
980 2317 1036 2354 hic

375 2387 522 2423 quoque
542 2373 752 2422 religionem
773 2374 882 2410 fuisse
905 2374 1033 2409 adiun-

375 2434 481 2467 ctam.
540 2430 628 2466 Inde
651 2443 744 2479 quae
772 2431 924 2467 Cosinas
951 2442 1035 2466 nar-

376 2491 432 2523 rat
462 2487 510 2523 de
538 2487 699 2534 quodam
732 2486 934 2523 commercii
968 2499 1034 2534 ge-

376 2555 463 2578 nere
485 2543 579 2579 inter
601 2543 814 2592 peregrinos
832 2548 868 2579 et
887 2542 1032 2590 indige-

377 2611 464 2644 naS,
505 2611 547 2635 ea
567 2598 615 2634 ita
636 2599 683 2634 ad
701 2599 883 2635 Herodoti
909 2610 1033 2635 narra-

376 2655 511 2691 tionem
531 2654 706 2690 translata
721 2654 795 2690 vult
809 2654 979 2700 Heeren.,
997 2658 1035 2690 ut

379 2710 446 2747 hoc
459 2711 707 2747 commercium
721 2709 863 2760 publica
878 2711 1033 2747 auctori-

378 2770 455 2804 tate
466 2767 573 2804 suerit
582 2767 781 2803 institutum
794 2767 951 2815 indeque
965 2768 1034 2803 eti·—

378 2835 437 2860 am
457 2822 689 2871 intelligatur,
717 2836 779 2859 cur
794 2823 1031 2871 magistratus

378 2883 489 2917 noctu
508 2880 675 2916 dicantur
694 2891 838 2916 carnem
865 2878 1032 2929 adpone-

1087 591 1139 624 re,
1159 577 1231 626 qua
1251 578 1312 613 diu
1329 582 1521 615 vescantur
1543 579 1603 626 qui
1625 577 1749 623 velint,

1087 646 1269 682 quamque
1283 634 1477 681 indigenae
1487 636 1581 670 terra
1599 635 1658 671 edi
1672 634 1747 670 exi-

1087 691 1245 727 stiment.
1305 690 1396 726 Mihi
1415 690 1451 725 in
1472 690 1570 727 hisce
1600 691 1749 739 potissi-

1088 759 1183 782 mum
1207 759 1387 782 sacrorum
1403 750 1439 782 et
1461 745 1643 794 religionis
1657 747 1749 782 ratio

1089 802 1258 839 habenda
1283 802 1436 846 videtur,
1467 801 1637 850 illamque
1665 814 1749 837 uar—

1089 859 1266 895 rationem
1312 859 1359 894 ad
1400 857 1497 894 Solis
1536 858 1748 907 praesertim

1088 914 1219 950 cultum
1240 915 1406 962 adeoque
1434 914 1653 951 lectisternia
1679 914 1748 950 diis

1091 970 1165 1006 fieri
1188 969 1293 1006 solita
1314 971 1415 1006 sestis
1436 971 1647 1020 praesertim
1671 970 1750 1007 die-

1088 1026 1170 1072 bus,
1188 1026 1247 1061 ubi
1267 1039 1419 1074 magnus
1440 1032 1478 1063 et
1496 1027 1750 1075 indigenarum

1090 1087 1127 1119 et
1148 1083 1369 1118 advenarum
1391 1082 1482 1119 solet
1500 1095 1580 1120 esse
1595 1094 1749 1119 concur-

1088 1151 1169 1184 sus,
1202 1138 1383 1187 pertinere
1414 1139 1640 1175 crediderim.
1701 1137 1751 1174 Et

1089 1197 1260 1243 frequens
1294 1207 1359 1244 per
1388 1195 1564 1232 orientem
1596 1194 1749 1231 inveniri

1088 1250 1310 1288 lectisternia
1348 1252 1486 1287 monuit
1521 1251 1657 1288 Gesen.
1700 1250 1748 1287 ad

1087 1308 1192 1345 Iesai.
1210 1306 1326 1353 LXV,
1356 1310 1402 1346 11
1438 1320 1524 1357 pag.
1545 1308 1647 1351 2873
1688 1307 1750 1356 qui

1087 1368 1209 1401 tamen
1236 1362 1331 1400 Solis
1356 1376 1517 1400 mensam
1550 1364 1596 1400 ab
1627 1363 1751 1400 Hero-

1087 1421 1175 1457 doto
1196 1424 1513 1456 commemoratam
1537 1421 1654 1456 minus
1681 1419 1751 1456 huc

1087 1477 1274 1527 pertinere
1303 1476 1444 1522 adiicit,
1475 1489 1517 1513 eo
1543 1477 1664 1525 potius
1690 1488 1752 1512 su-

1089 1533 1338 1583 perstitionem
1362 1536 1547 1582 spectasse
1567 1538 1679 1578 ratus,
1711 1534 1752 1567 ut

1089 1589 1212 1626 Solem
1242 1588 1313 1624 illic
1344 1601 1519 1626 coenasse
1550 1593 1588 1625 et
1618 1588 1751 1626 haecce

1090 1646 1206 1682 frusta
1239 1645 1427 1693 reliquisse
1456 1644 1566 1693 vulgo
1597 1645 1752 1681 arbitra-

1090 1706 1226 1738 rentur.
1286 1700 1344 1738 De
1365 1700 1594 1738 lectisterniis
1623 1705 1664 1737 ut
1690 1713 1753 1737 co-

1090 1759 1216 1806 gitem,
1234 1757 1318 1794 facit
1339 1769 1484 1806 quoque
1505 1769 1608 1793 sacra
1626 1769 1753 1803 coena,

1090 1826 1197 1864 quam
1228 1814 1265 1850 in
1288 1813 1381 1850 lovis
1403 1812 1586 1850 Ammonii
1613 1812 1753 1863 templo

1089 1873 1399 1921 repraesentatam
1421 1870 1555 1906 invenit
1576 1868 1684 1905 V.11t.
1706 1869 1754 1906 de

1091 1925 1284 1971 Minutoli3
1314 1926 1407 1962 conf.
1428 1926 1505 1963 eius
1526 1926 1644 1962 itiner.
1664 1937 1750 1975 pag.

1095 1985 1172 2022 119
1196 1986 1232 2019 et
1250 1981 1430 2018 tab.VllI.
1472 1982 1571 2026 Quin
1590 1982 1638 2018 ad
1653 1982 1751 2031 ipsos

1093 2038 1254 2075 Graecos
1288 2037 1373 2074 talia
1411 2050 1606 2084 manasse,
1640 2038 1753 2075 docu-

1091 2099 1213 2130 mento
1245 2100 1301 2131 est
1331 2094 1492 2144 luppiter
1518 2094 1588 2141 ille,
1616 2094 1679 2143 qui
1702 2093 1751 2131 ad

1090 2150 1292 2200 Aethiopes
1321 2151 1402 2200 pios
1430 2163 1469 2187 se
1496 2152 1635 2188 confert
1667 2162 1752 2188 eoe-

1091 2211 1228 2243 natum.
1259 2206 1316 2243 De
1329 2219 1401 2255 quo
1422 2207 1754 2255 Creuzer.inSym-

1091 2262 1162 2300 bol.
1181 2262 1227 2299 tv
1246 2276 1281 2312 p.
1303 2264 1383 2303 376
1399 2275 1475 2311 seq.
1521 2263 1572 2300 Ac
1594 2263 1753 2312 denique

1090 2319 1301 2356 Maltcbrun
1332 2319 1352 2357 l.
1387 2332 1497 2369 supra
1526 2319 1547 2355 l.
1580 2332 1624 2356 ex
1655 2318 1754 2356 hisce

1090 2375 1357 2412 narrationibus
1370 2376 1541 2423 cognosci
1558 2387 1665 2425 posse
1677 2380 1753 2411 sta-

1090 2432 1156 2468 tuit
1188 2432 1417 2468 sacerdotum
1448 2432 1659 2481 imperium,
1689 2430 1750 2479 qui

1089 2487 1255 2536 quotidie
1277 2487 1353 2523 Soli
1380 2500 1486 2524 mane
1510 2487 1666 2524 offerant
1691 2499 1751 2523 sa-

1088 2544 1218 2580 crificia
1240 2544 1413 2591 festisque
1437 2543 1564 2580 diebus
1592 2542 1752 2579 multitu-

1089 2600 1211 2636 dinem
1231 2604 1490 2648 congregatam
1504 2599 1570 2636 hac
1589 2599 1750 2635 ciborum

1091 2668 1274 2692 sacrorum
1341 2655 1533 2704 largitione
1586 2667 1750 2692 recreare

1090 2713 1274 2757 studeant,
1306 2724 1378 2759 quo
1401 2711 1569 2748 libentius
1588 2711 1645 2748 illa
1662 2712 1750 2761 ipsis

1090 2767 1161 2804 alia
1180 2768 1357 2818 praebeat
1388 2780 1502 2817 opera
1522 2779 1564 2804 ac
1587 2770 1752 2816 vectiga-

1089 2823 1147 2860 lia.
1207 2824 1254 2860 At
1276 2836 1338 2860 eos
1361 2836 1382 2859 a
1406 2837 1490 2860 vcro
1511 2836 1661 2874 prorsus
1686 2823 1752 2860 ab-

1089 2891 1210 2918 errare
1232 2881 1391 2926 credam,
1421 2880 1482 2928 qui
1506 2881 1752 2918 narrationem
