1863 3256
361 270 447 310 (528

760 265 1227 306 HERODOTI

359 377 402 428 ές
422 374 585 432 ταύτην
603 376 765 419 κοντόν
785 380 966 418 κατιεῖσι
996 374 1064 418 ἐπ’
1097 374 1217 431 ἄκρῳ
1248 372 1465 427 μυρσίνην
1493 383 1628 426 προσ-

362 446 592 503 δήσαντες,
623 447 695 489 καὶ
717 446 859 488 ἔπειτα
882 443 1152 498 ἀναφέρουσι
1173 448 1225 500 τῇ
1245 445 1434 498 μυρσίνῃ
1453 443 1627 488 πίσσαν,

368 516 508 573 ὀδμήν
537 516 615 572 μὲν
645 518 828 570 ἔχουσαν
858 513 1107 569 ἀσφάλτου,
1139 513 1192 557 τοὶ
1225 512 1269 557 δ’
1299 512 1406 556 ἄλλα
1435 516 1510 568 τῆς
1536 515 1629 554 Πιε-

341 598 359 629 ἐι
375 592 497 644 ρικῆς
527 588 680 640 πίσσης
710 583 882 639 ἀμείνω.

942 584 1139 640 ἐσχέουσι
1173 585 1218 629 δὲ
1252 584 1295 635 ἐς
1325 583 1489 627 λάκκον
1517 580 1627 636 ὀρω-
1640 586 1685 624 45

368 657 583 715 ρυγμένον
620 654 757 710 ἀγχοῦ
795 658 867 710 τῆς
906 656 1079 711 λίμνης·

1131 655 1260 699 ἐπεὰν
1302 655 1349 699 δὲ
1389 653 1630 708 ἀθροίσωσι

368 729 551 785 συχνήν,
604 724 720 768 οὕτω
769 726 810 776 ές
847 725 953 776 τούς
991 725 1216 781 ἀμφορέας
1253 726 1300 770 ἐκ
1340 729 1421 769 τοῦ
1463 723 1630 767 λάκκου

343 810 363 841 6
374 795 640 852 καταχέουσι.

702 794 726 839 ὅ
755 813 797 840 τι
827 794 869 840 δ’
904 795 958 839 ἂν
988 797 1144 854 ἐσπέσῃ
1174 796 1216 848 ἐς
1235 795 1314 853 τὴν
1333 797 1510 852 λίμνην,
1542 793 1628 838 ὐπὸ

370 874 451 925 γῆν
482 868 578 918 ἰὸν,
615 865 904 922 ἀναφαίνεται
934 867 979 910 ἐν
1008 871 1061 923 τῇ
1090 866 1314 923 θαλάσσῃ·
1351 865 1378 922 ἡ
1411 867 1456 909 δὲ
1486 864 1630 921 ἀπέχει
1642 872 1687 906 5ο

369 939 429 990 ὥς
457 937 636 990 τέσσερα
667 935 819 980 στάδια
851 935 936 980 ἀπὸ
966 941 1039 993 τῆς
1076 939 1240 993 λίμνης.

1301 937 1416 979 οὕτω
1458 931 1520 978 οἷν
1556 935 1630 978 καὶ

370 1008 425 1053 τὰ
453 1006 537 1051 ἀπὸ
569 1010 645 1062 τῆς
673 1006 812 1063 νήσου
848 1012 924 1064 τῆς
954 1008 1022 1051 ἐπὶ
1061 1006 1204 1064 Λιβύῃ
1245 1006 1444 1062 κειμένης
1482 1004 1633 1049 οἰκότα
1660 1004 1663 1005 ’

374 1255 432 1300 ἐπ’
454 1256 562 1313 ἄκρῳ
584 1258 780 1309 μυρσίνην
798 1255 972 1311 προσδή-

321 1315 474 1366 σαντες]
507 1316 702 1366 μυρσίνην
733 1319 772 1352 et
801 1316 971 1371 μυρσίνῃ

319 1377 354 1411 in
379 1372 573 1425 βυρσίνην
595 1376 632 1409 et
653 1371 819 1424 βυρσίνῃ
845 1373 974 1409 mutari

318 1431 431 1467 voluit
457 1428 648 1472 Reiskius‚
685 1431 724 1463 ut
754 1427 975 1477 intelligere-

304 1492 378 1523 Αίυι·
397 1484 564 1534 amphora
583 1485 750 1520 coriacea.
788 1458 891 1521 sinen
893 1498 977 1521 cm-

322 1555 373 1579 sa.
432 1541 529 1578 Nam
583 1540 842 1590 percommode
897 1553 976 1577 cum

320 1598 526 1645 Schweigh.
557 1596 740 1644 intelligas
769 1596 852 1634 licet
874 1598 983 1647 myrti

326 1666 458 1691 ramum
468 1667 479 1697 ‚-
496 1652 803 1702 quemadmodum
814 1665 857 1690 ex
865 1653 982 1702 Agra-

324 1710 477 1759 gantino
497 1710 533 1745 in
553 1708 674 1745 Sicilia
693 1708 981 1757 fonteliquidum

325 1768 489 1804 bitumen
512 1764 648 1802 incolas
677 1765 893 1802 arundinum
914 1778 982 1816 pa-

326 1823 472 1869 niculis,
513 1822 684 1859 citissime
720 1822 771 1857 sic
808 1821 985 1860 adbaere-

329 1891 433 1916 scens
446 1909 455 1925 ‚
486 1877 655 1926 colligere
675 1877 811 1914 Plinius
831 1882 986 1915 testatur

330 1936 380 1972 H.
411 1934 459 1972 N.
495 1932 635 1970 XXXV
659 1933 777 1980 (15),
810 1937 885 1982 51,
924 1935 986 1971 ubi

330 1992 440 2029 etiam
471 1991 519 2028 de
540 1989 744 2040 Zacyntleio
770 1990 908 2039 liquido
932 1991 986 2027 bi-

330 2048 486 2094 tumine,
524 2048 624 2096 quod
643 2046 755 2083 situlis
784 2059 813 2083 s.
835 2047 987 2098 ampho-

333 2105 380 2140 ris
399 2116 494 2140 nunc
513 2103 646 2140 hauriri
666 2103 837 2142 scribunt.

389 2162 461 2209 τῆς
481 2161 674 2210 Πιερικῆς
693 2158 850 2210 πίσσης]
873 2160 988 2207 „Asia

334 2216 418 2253 olim
434 2215 551 2253 Plinio
577 2220 724 2253 auctore
750 2215 798 2252 H.
823 2215 870 2253 N.
890 2215 990 2262 xlv,

336 2275 384 2312 21
412 2273 524 2321 picem
550 2272 698 2308 Idaeam
723 2272 876 2309 maxime
905 2285 991 2322 pro-

338 2328 449 2364 babat
466 2358 478 2374 ,
552 2330 707 2365 Graecia
772 2327 989 2365 Piericam.“

344 2382 518 2420 Wessel.
578 2386 674 2421 Add.
724 2384 904 2434 Didymus
954 2386 990 2422 in

337 2439 532 2488 Geoponn.
554 2441 625 2486 vl,
656 2441 680 2480 5
705 2454 741 2490 p.
765 2444 855 2482 152.
900 2437 990 2480 λάκ-

336 2509 406 2540 κος
426 2495 553 2531 dicitur
571 2496 676 2544 palus
691 2497 818 2545 fossa,
850 2503 889 2534 ut
913 2498 992 2544 Vll,

340 2552 431 2591 119.
467 2551 524 2586 Ad
541 2552 693 2588 sormam
715 2548 992 2603 ὀρωρυγμένον

339 2607 434 2644 cons.
453 2607 584 2662 Manli.
607 2608 668 2643 Gr.
685 2608 750 2644 Gr.
774 2622 806 2657 p.
825 2611 918 2648 307.

395 2659 500 2701 οὕτω
537 2658 593 2701 ὧν
632 2662 698 2701 καὶ
731 2679 778 2701 τα
810 2687 859 2693 --
895 2660 989 2714 ἀλη-

337 2719 455 2772 θηΐη]
489 2720 511 2755 i.
532 2733 561 2756 e.
590 2718 650 2755 lm
673 2721 790 2768 igitm
811 2723 915 2756 eham
937 2733 991 2766 ea,

340 2788 429 2824 quae
458 2775 499 2811 (le
534 2776 653 2812 insula
684 2776 750 2812 ιΙία
781 2776 829 2813 ad
855 2776 992 2826 chyae

339 2844 434 2867 oram
466 2834 536 2868 sita
576 2836 771 2869 narrantur
803 2833 878 2881 (de
904 2846 992 2869 auro

339 2887 434 2933 scil.‚
449 2889 546 2937 quod
569 2902 589 2926 e
606 2889 706 2926 fonte
724 2890 881 2939 virgines
905 2902 993 2938 egc-

214 1090 313 1136 196
370 1080 458 1125 έστὶ
489 1078 690 1134 ἀληθηΐῃ.
750 1077 939 1133 Λέγουσι
977 1079 1023 1123 δὲ
1066 1079 1141 1123 καὶ
1177 1076 1277 1121 τάδε
1315 1075 1632 1133 Καρχηδόνιοι·

1030 1259 1131 1307 runt)
1150 1261 1225 1295 veri
1250 1259 1384 1296 similest
1408 1261 1512 1304 sunt,
1556 1271 1584 1294 s.
1607 1268 1690 1292 vera

1031 1329 1100 1353 esse
1116 1317 1323 1366 probantur.
1354 1314 1427 1351 Ubi
1440 1327 1520 1351 cum
1537 1317 1689 1351 recentt.

1033 1374 1118 1410 edd.
1137 1373 1284 1423 reposui
1303 1367 1440 1410 οἰκότα
1458 1383 1524 1421 pro
1543 1365 1688 1408 εικότα.

1202 1428 1315 1478 Cap.
1354 1426 1522 1464 CXC'vl.

1092 1483 1266 1535 Λέγουσι
1286 1481 1328 1522 δὲ
1347 1498 1414 1521 και
1435 1478 1527 1520 τάδε
1547 1497 1581 1520 κ.
1595 1497 1626 1519 τ.
1639 1481 1688 1530 L]

1039 1542 1146 1578 Conf.
1168 1545 1259 1577 nott.
1278 1541 1325 1576 ad
1349 1541 1411 1586 lv,
1437 1541 1526 1579 191.
1562 1538 1693 1575 Eusta-

1039 1597 1135 1633 thius
1157 1597 1203 1633 de
1223 1597 1372 1632 Ser-ibus
1400 1595 1468 1643 (de
1495 1595 1625 1644 quibus
1647 1594 1694 1631 cf.

1038 1653 1218 1690 Ammian.
1237 1651 1399 1689 Marcell.
1421 1651 1555 1698 ΧΧΙΙΙ,
1583 1653 1607 1690 6
1628 1650 1696 1687 ibi-

1039 1722 1111 1758 que
1130 1710 1241 1745 citata
1263 1708 1311 1745 T.
1336 1708 1369 1744 ΙΙ
1402 1721 1439 1758 p.
1461 1708 1514 1748 47
1538 1706 1694 1755 Wagn.)

1039 1764 1167 1802 similia
1179 1765 1326 1801 tradens
1337 1764 1588 1802 Herodoteam
1604 1763 1698 1800 hanc

1040 1822 1159 1870 attigit
1192 1821 1462 1867 narrationem,
1509 1832 1617 1870 quam
1649 1819 1698 1856 ad

1041 1878 1308 1926 Senegambiae
1356 1877 1524 1925 regiones
1563 1875 1698 1913 retule-

1041 1939 1129 1972 runt
1156 1933 1428 1971 Schlichthorst.
1467 1947 1503 1984 p.
1540 1934 1618 1972 167
1656 1943 1698 1968 ac

1042 1990 1196 2029 Rennel.
1216 2004 1251 2040 p.
1272 1990 1374 2037 705,
1414 1989 1514 2039 quod
1537 2000 1611 2025 non
1629 1988 1699 2024 nisi

1043 2060 1065 2085 a
1099 2048 1248 2084 meridie
1284 2047 1508 2084 desertorum
1538 2045 1701 2082 Saharae

1045 2116 1171 2141 aurum
1188 2103 1389 2140 inveniatur
1406 2103 1442 2139 in
1461 2102 1528 2139 hac
1545 2102 1626 2151 ipsa
1640 2113 1700 2138 re-

1045 2161 1172 2210 gione,
1215 2160 1275 2196 ubi
1305 2160 1396 2196 hanc
1421 2157 1590 2196 mercium
1616 2169 1701 2208 per-

1045 2217 1299 2253 mutandarum
1320 2215 1618 2253 consuetudinem
1645 2215 1702 2250 in-

1046 2278 1101 2310 ter
1124 2272 1261 2321 Nigros
1296 2277 1407 2321 atque
1433 2271 1581 2308 Mauros
1607 2282 1700 2306 non-

1047 2330 1133 2365 dum
1172 2328 1370 2366 exolevisse
1408 2332 1563 2365 testatur
1590 2325 1699 2362 Shaw

1045 2387 1168 2422 ltiner.
1188 2385 1200 2421 l
1219 2398 1254 2435 p.
1269 2387 1362 2423 393.
1393 2384 1512 2432 Atque
1530 2382 1588 2418 alii
1607 2394 1701 2418 nunc

1047 2454 1195 2491 quoque
1223 2442 1398 2477 accedunt
1423 2444 1557 2484 testes,
1603 2438 1700 2475 unde

1048 2498 1120 2534 tale
1149 2497 1400 2534 commercium
1432 2496 1626 2532 edocemur
1660 2498 1699 2531 et

1047 2559 1172 2590 vetere
1201 2558 1239 2590 et
1273 2558 1396 2588 nostra
1431 2556 1552 2588 aetate
1581 2563 1700 2599 aeque

1048 2610 1108 2657 agi
1150 2610 1186 2645 in
1223 2608 1329 2656 Nigri
1372 2608 1581 2656 regionibus
1622 2607 1700 2643 auri

1047 2666 1161 2714 plenis
1198 2664 1292 2700 ultra
1340 2665 1485 2701 deserta
1526 2663 1700 2709 Sabarae,

1048 2722 1107 2757 ubi
1134 2720 1250 2756 Mauri
1278 2720 1355 2757 loco
1382 2721 1580 2757 constituto
1606 2732 1699 2756 mer-

1049 2790 1107 2813 ces
1128 2777 1313 2827 deponant
1332 2789 1526 2826 carnunque
1543 2777 1618 2813 vice
1637 2788 1702 2811 au—

1049 2845 1125 2869 rum
1153 2847 1174 2869 ει
1197 2833 1318 2881 Nigris
1352 2833 1496 2870 allatum
1522 2833 1703 2877 auferant,

1051 2890 1194 2927 nemine
1230 2889 1340 2926 ullum
1373 2891 1582 2940 proferente
1621 2900 1701 2926 vcr-
