1863 3256
420 229 504 271 244
820 230 1292 270 HERODOTI

420 337 744 394 στρατεύεσθαι·
767 338 988 394 ἐπιθυμέω
1006 339 1104 395 γάρ,
1125 339 1238 399 λόγῳ
1260 338 1588 395 πυνθανομένη,
1610 343 1695 383 Λα-

421 411 575 461 καίνας
592 410 636 452 τέ
650 427 725 466 μοι
738 410 938 465 γενέσθαι
952 413 1224 464 θεραπαίνας
1238 412 1311 455 καὶ
1327 410 1517 466 Ἀργείας
1532 410 1603 453 καὶ
1614 415 1695 453 Ατ-

367 480 543 531 Ιοτικάς
569 482 638 524 καὶ
669 483 923 534 Κορινθίας.
976 481 1082 535 ἔχεις
1111 481 1156 524 δὲ
1186 481 1326 535 ἄνδρα
1355 480 1695 536 ἐπιτηδειότατον

423 550 600 605 ἀνδρῶν
620 551 797 594 πάντων
819 550 935 602 δέξαι
955 567 997 594 τε
1018 551 1175 595 ἕκαστα
1193 556 1269 607 τῆς
1286 552 1493 603 Ἑλλάδος
1522 551 1596 595 καὶ
1624 568 1695 595 κα-
1712 557 1752 590 15

421 622 715 677 τηγήσασθαι,
768 625 928 664 τοῦτον
967 621 1014 672 ὅς
1053 635 1128 665 σευ
1174 622 1252 666 τόν
1290 622 1405 667 πόδα
1447 623 1693 678 ἐξιήσατο.“

370 692 652 747 11Ἀμείβεται
682 697 894 745 Δαρεῖος·
947 687 1002 735 Ὦ,
1031 692 1188 748 γύναι,
1220 694 1310 737 ἐπεὶ
1343 697 1497 738 τοίνυν
1527 711 1595 737 τοι
1627 695 1695 737 δο-

422 762 509 807 κέει
526 767 601 818 τῆς
628 762 832 814 Ἑλλάδος
861 761 994 819 ἡμέας
1019 768 1171 817 πρῶτα
1192 763 1537 819 ἀποπειρᾶσθαι,
1569 782 1695 808 κατα-

419 832 615 884 σκόπους
644 850 719 888 μοι
749 833 892 876 δοκέει
910 833 1116 887 Περσέων
1143 838 1321 889 πρῶτον
1358 834 1536 891 ἄμεινον
1570 834 1752 886 &hausto

421 902 537 960 ὁμοῦ
567 904 711 962 τούτῳ
742 908 802 960 τῷ
832 904 887 948 σύ
917 905 1075 958 λέγεις,
1125 904 1291 960 πέμψαι
1330 905 1373 956 ἐς
1412 904 1596 957 αὐτούς·
1652 909 1695 950 οἳ

420 974 637 1030 μαθόντες
677 976 749 1019 καὶ
787 974 954 1026 ἰδόντες
991 975 1149 1017 ἕκαστα
1187 974 1351 1027 αὐτῶν,
1397 975 1694 1032 ἐξαγγελέουσι

417 1046 534 1103 ἡμῖν.
594 1047 666 1090 καὶ
707 1047 869 1099 ἔπειτα,
923 1045 1267 1100 ἐξεπιστάμενος,
1311 1043 1378 1089 ἐπ’
1412 1046 1574 1099 αὐτοὺς
1604 1047 1723 1101 τρέω

259 1113 358 1177 135
418 1123 604 1172 ψομαι.“
670 1121 818 1159 Ταῦτα
849 1115 960 1160 εἶπε·
1003 1116 1076 1159 καὶ
1107 1116 1193 1172 ἅμα
1221 1117 1322 1168 ἔπος
1351 1133 1419 1169 τε,
1459 1119 1533 1162 καὶ
1565 1119 1695 1175 ἔργον

86 1179 211 1207 Nobiles
251 1179 362 1208 Persae

421 1189 573 1233 ἐποίεε.
630 1188 722 1232 ἐπεί
759 1205 803 1232 τε
842 1187 925 1244 γάρ
962 1186 1139 1243 τάχιστα
1177 1186 1315 1245 ἡμέρη
1345 1189 1579 1245 ἐπέλαμψε,
1618 1195 1750 1233 noc-25

418 1260 546 1312 λέσας
583 1259 788 1314 Περσέων
818 1258 982 1315 ἄνδρας
1010 1261 1217 1314 δοκίμους
1247 1262 1575 1312 πεντεκαίδεκα,
1612 1260 1696 1304 ἐνε-

420 1331 589 1375 τέλλετό
629 1342 730 1386 σφι,
780 1329 1019 1386 ἑπομένους
1047 1330 1320 1388 Δημοκήδεϊ,
1369 1332 1602 1383 διεξελθεῖν
1638 1332 1692 1375 τά

420 1401 760 1457 παραθαλάσσια
788 1405 866 1459 τῆς
890 1400 1118 1454 Ἑλλάδος·
1169 1401 1282 1453 ὅκως
1310 1417 1355 1445 τε
1383 1400 1441 1459 μὴ
1472 1401 1695 1458 διαδρήσε-

85 1213 139 1241 XV
165 1222 231 1241 cum
256 1214 299 1240 De
302 1222 347 1240 mn

86 1247 160 1274 cele
198 1248 229 1274 in
266 1248 363 1274 Grae-

86 1281 163 1307 c'am
185 1281 364 1321 speculato-

86 1322 136 1343 res
152 1314 323 1344 mittuntur.

534 1562 643 1614 Cap.
674 1563 860 1603 CXXXV.

421 1616 491 1657 καὶ
515 1614 596 1669 ἅμα
621 1619 715 1667 ἔπος
741 1620 835 1671 etc.]
876 1622 1028 1658 Comma

365 1682 451 1726 post
467 1673 561 1721 ἔπος
579 1689 618 1714 τε
637 1677 786 1723 illatum,
804 1678 936 1714 indicio
949 1691 1029 1716 esse

365 1732 491 1778 debet,
510 1744 556 1769 ne
579 1733 659 1781 quis
685 1733 901 1771 vocabulum
923 1733 1028 1782 ἔπος,

365 1789 468 1838 quod
488 1789 524 1824 in
544 1790 767 1827 nominativo
786 1791 947 1841 positum
960 1796 1029 1838 est,

365 1846 495 1894 cuique
506 1850 629 1883 mente
638 1847 725 1883 addi
746 1852 870 1896 potest
890 1841 957 1897 ἦν,
971 1847 1028 1885 vel

366 1902 482 1938 simile
509 1903 622 1951 quid,
663 1903 785 1940 trahat
814 1904 862 1940 ad
898 1903 1028 1943 ἐποίεε

363 1963 540 2007 tanquam
550 1960 804 1996 accusativum.
830 1960 1028 1998 Caeterum

364 2015 402 2051 in
432 2014 467 2051 h.
496 2014 518 2051 l.
553 2016 678 2065 scripti
710 2015 789 2052 libri
819 2016 927 2054 valde
958 2018 1028 2054 flu-

365 2074 510 2118 ctuant,
553 2083 705 2120 quorum
742 2073 904 2109 nonnulli
943 2077 1030 2124 post

372 2125 465 2173 ἔπος
501 2128 667 2164 inserunt
709 2129 786 2166 sive
825 2124 910 2167 εἶπε
953 2131 1030 2168 sive

370 2182 460 2231 ἔφα.
518 2184 603 2228 Quo
630 2188 762 2222 neutro
797 2197 912 2235 opus,
949 2200 1030 2223 cum

367 2239 603 2289 proverbialis
624 2241 670 2278 sit
694 2242 841 2287 locutio,
863 2242 971 2292 plane
991 2246 1031 2279 ut

368 2294 562 2332 Latinum:
594 2297 746 2344 (lictum,
768 2298 926 2347 factum.
969 2299 1029 2336 Cf.

367 2351 499 2388 Matth.
530 2353 595 2388 Gr.
626 2353 694 2390 Gr.
722 2367 757 2403 p.
781 2355 900 2394 1195.
948 2354 1030 2392 Nec

367 2420 458 2457 opus
497 2410 696 2446 rescribere
725 2423 805 2446 cum
837 2410 1009 2448 Valcken.
1003 2440 1027 2458 .,

366 2464 551 2514 probante
577 2466 740 2512 quamvis
762 2467 961 2503 Schaesero
980 2468 1028 2503 ad

368 2518 522 2568 Dioms.
532 2520 650 2558 Halic.
672 2521 719 2558 de
731 2535 891 2572 compos.
903 2523 1029 2559 verbb.

369 2588 406 2626 p
425 2576 491 2620 33,
511 2591 634 2614 ταυτα
647 2589 749 2615 ειπε
781 2575 863 2627 α’μα
883 2592 921 2616 τε
935 2578 1030 2624 ἔπος

372 2631 493 2681 ἔφατο
522 2631 590 2671 καὶ
622 2631 737 2683 ἔργον
773 2632 920 2672 {moises
959 2637 1029 2670 asta

370 2687 487 2735 dixti,
525 2692 558 2725 et
588 2689 692 2725 svmul
728 2693 834 2739 atque
869 2690 1029 2738 (lamet,

370 2757 441 2781 rem
468 2745 757 2793 aggrediebatur.
819 2747 916 2783 lrlein
943 2747 1030 2783 Val-

370 2801 474 2839 cken.
500 2803 655 2839 conferri
675 2803 747 2839 vult
769 2803 816 2839 ob
838 2802 1026 2839 locutionis

370 2858 639 2897 similitudinem
662 2860 691 2906 1,
721 2861 811 2899 112.
841 2859 910 2906 lV,
933 2861 1024 2900 150.

1084 1565 1182 1612 VIII,
1208 1565 1233 1607 5
1257 1565 1327 1602 alia
1349 1566 1387 1602 id
1407 1578 1535 1614 genus.
1594 1565 1752 1603 Forma-

1085 1622 1142 1659 lae
1162 1622 1312 1659 fundum
1324 1623 1556 1659 Homericum
1570 1635 1652 1660 esse
1669 1623 1751 1672 qui-

1084 1680 1138 1715 vis
1160 1679 1306 1716 sentiet.
1338 1680 1395 1716 Cf.
1419 1678 1518 1716 lliad.
1539 1679 1748 1726 X[X‚242,

1085 1736 1146 1772 ubi
1163 1736 1300 1771 dudum
1311 1735 1748 1773 aniinadvertitEustath.

1085 1804 1122 1842 p.
1149 1793 1269 1837 1182,
1281 1793 1336 1832 30
1357 1805 1385 1828 s.
1414 1790 1521 1832 1248
1542 1792 1601 1828 fin.
1625 1792 1750 1829 Hero-

1085 1848 1195 1884 dotea
1208 1853 1376 1896 tangens.
1408 1848 1503 1884 Add.
1524 1848 1629 1884 Pind.
1643 1847 1748 1898 Pyth.

1085 1904 1148 1949 lv,
1164 1905 1250 1973 1335
1270 1917 1347 1953 seq.
1375 1902 1497 1954 (105)
1520 1901 1611 1942 οὕτε
1635 1903 1749 1956 ἔργον

1086 1955 1174 1999 οὔτ’
1196 1959 1290 2006 ε’πος
1313 1955 1556 2009 εὐτράπελον
1579 1961 1748 2000 κείνοισι

1086 2013 1236 2064 εἰπων,
1275 2017 1337 2053 ubi
1369 2016 1532 2054 Boeckh.
1561 2021 1649 2068 apte
1681 2018 1751 2055 ad-

1085 2074 1226 2111 monuit
1244 2073 1449 2111 Herodotei
1469 2072 1550 2110 loci.

1142 2160 1362 2213 ἐπέλαμψε]
1378 2162 1478 2200 ldem
1488 2163 1636 2200 verbum
1649 2162 1748 2210 VIll,

1089 2217 1152 2260 14.
1176 2221 1266 2260 130.
1298 2220 1406 2256 Conf.
1428 2220 1457 2266 l,
1482 2221 1574 2266 190,
1604 2219 1666 2256 ubi
1694 2223 1750 2257 est

1084 2274 1370 2326 ὑπέλαμπε.

1142 2350 1246 2400 ὅκως
1267 2369 1307 2393 τε
1326 2350 1396 2404 μὴ]
1430 2353 1542 2397 Quod
1564 2367 1631 2404 pro
1659 2365 1748 2393 σκο-

1085 2413 1199 2457 πεῖν,
1231 2423 1258 2447 5.
1283 2408 1457 2459 φυλάξαι
1479 2405 1581 2456 ὅκως
1602 2407 1658 2460 μή
1677 2411 1748 2447 dici

1085 2472 1209 2503 monet
1229 2467 1361 2503 Manh.
1388 2468 1452 2502 Gr.
1475 2467 1540 2502 Gr.
1565 2480 1602 2517 p.
1627 2469 1748 2514 1037,

1086 2523 1148 2558 uhi
1166 2522 1404 2559 destructura
1426 2522 1528 2559 huius
1543 2523 1623 2559 loci.
1652 2524 1750 2560 Scri·

1086 2579 1221 2628 psiinus
1243 2592 1327 2613 vero
1345 2592 1425 2615 cum
1450 2584 1602 2615 rceentt.
1623 2580 1707 2617 edd.
1728 2592 1749 2617 e

1086 2634 1314 2682 quorundam
1336 2635 1505 2671 librorum
1527 2637 1749 2674 auctoritate

1086 2687 1340 2740 διαδρήσεται
1378 2697 1413 2728 et
1449 2686 1649 2738 ἀπάξουσι
1680 2705 1748 2741 pro

1085 2743 1347 2797 ὸιαδρησηται
1381 2754 1419 2784 et
1440 2743 1633 2795 (insigma.
1687 2748 1749 2785 Tu

1083 2803 1613 2850 cons.lll,36.140.Sic
1637 2804 1747 2855 paulo

1083 2865 1169 2910 post
1196 2858 1321 2899 ἐδέετο
1352 2855 1480 2900 αὐτοῦ
1502 2856 1608 2907 όκως
1626 2881 1683 2888 -
1702 2856 1750 2911 ἥ·
