1863 3256
392 179 476 219 534

790 177 1256 217 HERODOTl

392 285 553 343 χώρης,
583 287 718 342 σφέας
749 286 912 336 αὐτούς
938 288 984 338 ’ἐξ
1012 288 1168 341 μοίρας
1199 287 1376 328 διεῖλον·
1413 287 1485 328 καὶ
1515 287 1656 330 ἔπειτα

394 359 568 402 ἔκτισαν
597 356 752 407 πόλιας
786 355 914 398 τάσδε
945 358 991 399 ἐν
1022 356 1212 407 αὐτοῖσι,
1256 356 1474 409 Λέπρεον,
1514 357 1656 400 Μάκι-

393 440 520 478 στον,
555 430 737 482 Φρίξας,
772 426 975 481 Πύργον,
996 426 1175 478 Ἔπιον,
1207 425 1426 470 Νούδιον·
1465 429 1656 472 τουτέων
1719 434 1802 476 346

393 500 441 543 δὲ
469 499 545 551 τὰς
573 502 761 548 πλεῦνας
793 497 861 541 ἐπ’
891 497 990 553 ἐμέο
1018 497 1175 542 Ἠλεῖοι
1205 497 1468 554 ἐπόρθησαν.
1511 502 1577 556 Τῇ
1611 500 1657 543 δὲ

339 663 500 712 proxime
525 662 659 712 excipit
682 660 879 710 sssucistm,
899 663 999 712 quod

340 718 515 768 oppidum
554 718 592 754 in
628 723 753 756 monte
786 720 895 757 situm
925 731 999 755 non

339 773 462 824 procul
485 787 507 811 a
526 774 695 820 Samico,
734 788 777 812 eo
805 777 882 813 sere
906 774 1000 821 loco,

341 830 402 866 ubi
428 843 524 867 nunc
553 830 652 868 vicus
679 829 888 882 Moflce'tza,
926 832 1001 868 sive

342 891 460 923 castra
475 892 601 923 vetera
619 899 715 936 quae
733 888 912 925 dicuntur.
943 886 1002 924 De

342 955 418 991 quo
437 943 533 980 conf.
555 941 739 981 Mannert.
758 944 842 981 vlu
858 958 894 994 p.
908 943 1002 984 521.

344 999 378 1034 A
411 999 568 1036 Macisto
610 1000 836 1038 occidentem
874 1011 1002 1037 versus

342 1056 486 1092 iacebat
515 1055 711 1105 Lepreum,
759 1057 1003 1107 quadraginta

344 1112 464 1149 stadia
482 1119 663 1149 remotum
686 1125 707 1150 a
726 1115 829 1160 mari,
854 1119 1002 1151 centum

343 1180 366 1204 a
385 1167 550 1218 Neptuni
573 1170 686 1206 Samii
713 1171 850 1220 templo
882 1175 919 1207 et
945 1168 1002 1206 vel

345 1223 570 1262 Achaeorum
585 1231 706 1263 aetate
725 1228 812 1264 satis
830 1225 1002 1276 amplum,

343 1293 564 1331 quamquam
593 1282 783 1319 Strabonis
824 1288 1001 1332 tempore,

342 1342 385 1374 ut
404 1336 599 1383 Macistus,
628 1338 687 1374 vix
706 1339 869 1376 habitata
889 1339 1001 1375 fuisse

341 1394 497 1430 videtur.
527 1394 610 1432 Vid.
628 1394 677 1431 'W
679 1409 749 1431 ass.
767 1396 815 1431 ad
831 1395 866 1432 T
870 1395 1000 1444 hucyd.

310 1496 313 1499 ῃ
342 1450 388 1497 V,
409 1452 464 1490 34
480 1455 516 1487 et
534 1450 720 1488 Mannert.
746 1452 831 1488 vlu
858 1465 893 1501 p.
920 1453 1000 1492 526

343 1519 421 1554 seq.
457 1506 496 1542 In
517 1506 606 1547 colle
626 1520 699 1543 non
719 1507 845 1557 procul
867 1508 914 1544 ab
934 1520 1001 1556 op-

343 1563 431 1612 pido
451 1561 656 1609 Strobitza,
705 1564 807 1613 quod
824 1576 920 1600 nunc
939 1576 1001 1599 vo-

344 1623 452 1664 cant,
495 1618 630 1669 Leprei
661 1620 834 1669 reliquias
874 1632 915 1657 se
949 1619 1002 1655 vi—

346 1675 445 1712 disse
473 1676 663 1712 contendit
696 1675 874 1713 Dodwell.
933 1676 1003 1712 Alii

345 1731 482 1778 locum,
521 1733 558 1768 in
578 1745 650 1781 quo
670 1732 852 1782 Lepreum
871 1733 938 1769 fuit
956 1733 1004 1768 si-

345 1792 446 1834 tum,
474 1801 570 1825 nunc
588 1789 659 1825 diei
679 1789 805 1826 volunt
823 1788 1001 1826 Pischino.

346 1843 509 1894 Pyrgum
539 1845 716 1895 oppidum
753 1846 789 1881 in
823 1844 1003 1883 Arcadiae

343 1905 454 1949 atque
482 1901 690 1939 Messeniae
725 1902 858 1938 finibus
885 1915 1003 1952 prope

344 1956 489 1994 Nedam
510 1958 619 1994 situm
639 1971 722 1996 esse.
742 1962 913 2002 narrant,
952 1959 1002 1995 ita

347 2018 386 2050 ut
408 2015 551 2063 utrique
571 2020 693 2052 terrae
711 2016 844 2065 passim
866 2015 1002 2051 adscri-

348 2070 472 2116 batur,
513 2084 557 2107 eo
586 2071 663 2108 sere
687 2071 785 2119 loco,
826 2072 886 2108 ubi
909 2084 1003 2107 nunc

345 2126 527 2163 invenitur
555 2127 745 2177 Acropolis
783 2140 902 2178 prope
927 2127 1002 2164 Ne-

344 2184 429 2219 dam
449 2196 521 2219 non
539 2183 664 2233 procul
682 2197 704 2221 a
727 2185 828 2221 mari.
868 2183 1003 2234 Epium

345 2239 439 2274 intra
461 2240 656 2277 Macistum
686 2245 799 2290 atque
818 2240 1002 2278 Heraeam

345 2295 523 2332 Arcadiae
569 2297 696 2334 urbem
738 2298 844 2334 situm
893 2298 1005 2335 fuisse

346 2356 521 2387 narratur.
579 2351 636 2389 De
655 2352 779 2390 lez'o
812 2353 897 2390 nihil
918 2367 1006 2391 con-

345 2410 426 2442 stat.
484 2406 544 2443 'l'u
569 2410 665 2446 conf.
694 2410 741 2447 de
773 2410 827 2446 his
860 2411 1005 2460 oppidis

346 2461 451 2512 plura
474 2469 716 2513 exponentem
737 2466 781 2502 C.
804 2466 1004 2504 O.Miillcr.

347 2518 369 2555 Ι.
391 2518 412 2554 i.
431 2531 516 2568 pag.
539 2521 617 2559 371
637 2541 693 2547 —
708 2522 791 2562 373
810 2522 889 2558 coll.
917 2523 1005 2559 Dor.

348 2574 376 2610 ΙΙ
401 2587 486 2624 pag.
506 2575 600 2616 460.

405 2627 554 2678 αὐτούς
590 2632 634 2679 ἓξ
672 2633 812 2683 μοίρας
842 2633 1004 2682 διεῖλον]

348 2687 475 2724 Delevi
517 2689 731 2726 auctoritate
758 2689 891 2726 codicis
919 2689 1006 2725 Flo-

343 2745 474 2781 rentini
496 2745 674 2796 uniusque
684 2745 837 2783 Parisini
850 2758 1005 2796 praepo-

343 2800 508 2838 sitionem
551 2801 590 2848 ἐς
622 2805 705 2839 ante
742 2800 781 2848 ἕξ
810 2815 1002 2853 perperam

1055 663 1164 700 inseri
1195 662 1361 710 solitam,
1415 676 1525 713 quam
1554 664 1663 700 miror
1691 677 1713 700 a

1055 719 1246 756 Matthiae.
1284 724 1461 757 retentam
1502 732 1592 758 esse.
1652 721 1712 758 Tu

1055 776 1128 812 vid.
1148 782 1240 812 nott.
1264 777 1311 812 ad
1334 775 1369 822 1,
1400 776 1465 816 94.

1117 830 1280 882 Φρίξας]
1310 833 1361 868 lta
1383 845 1461 868 cum
1479 838 1629 869 recentt.
1649 833 1713 869 de-

1058 888 1096 924 di
1118 894 1275 937 quatuor
1296 887 1468 924 libroruin
1494 890 1714 926 auctoritate

1057 957 1125 995 pro
1154 943 1251 992 vulg.
1281 939 1454 995 Φριξάς,
1498 945 1601 980 cuius
1635 944 1713 981 loco

1059 1000 1119 1037 alii
1151 1001 1297 1050 Θρίξας
1327 1013 1356 1036 s.
1389 995 1548 1052 Θριξάς.
1606 1000 1714 1050 Apud

1059 1056 1249 1105 Polybium
1275 1055 1352 1103 [1V,
1369 1059 1437 1104 71,
1456 1060 1502 1101 9,
1533 1056 1593 1093 ubi
1618 1057 1715 1094 conf.

1058 1112 1261 1161 Schweigh.
1291 1125 1379 1163 pag.
1404 1115 1482 1153 130
1518 1113 1565 1150 T.
1588 1110 1657 1164 Vl]
1680 1119 1716 1150 et

1058 1169 1339 1220 Xenophontem
1377 1168 1443 1219 [cf.
1476 1169 1618 1208 Heilen.
1651 1169 1715 1216 ΙΙΙ,

1058 1228 1107 1273 2,
1136 1225 1228 1276 30],
1269 1230 1441 1264 monente
1472 1225 1716 1275 VVesselingio

1058 1283 1107 1319 ad
1126 1282 1280 1319 Diodor.
1296 1281 1404 1329 xlv,
1433 1285 1482 1323 17
1508 1288 1717 1320 constanter

1057 1340 1239 1389 reperitur
1289 1339 1425 1388 Φρίξα.
1493 1338 1574 1377 Nec
1613 1339 1717 1376 aliter

1058 1396 1191 1432 Strabo
1210 1394 1294 1431 vlu
1322 1408 1357 1444 p.
1386 1393 1468 1435 343
1499 1409 1530 1433 s,
1559 1396 1641 1435 528
1660 1395 1716 1441 A„

1060 1452 1121 1488 ubi
1148 1464 1272 1488 vocem
1302 1452 1448 1488 retineri
1479 1451 1555 1488 vult
1574 1451 1715 1490 Malles.

1060 1508 1279 1545 Orchomen.
1302 1520 1337 1556 p.
1350 1509 1442 1548 371.
1476 1508 1588 1550 Quod
1605 1504 1715 1558 Πύρ-

1058 1579 1130 1614 γον
1150 1564 1236 1600 dicit
1254 1563 1466 1600 Herodotus
1478 1593 1488 1611 ‚
1510 1564 1549 1600 id
1565 1564 1717 1601 Strabo-

1059 1621 1095 1657 ni
1112 1620 1197 1656 Vlll
1217 1633 1252 1670 p.
1273 1619 1355 1660 348
1376 1620 1419 1657 C.
1441 1631 1470 1657 S.
1491 1619 1572 1661 535
1596 1620 1640 1657 C.
1662 1625 1719 1658 est

1062 1678 1220 1728 Πῠργοι
1251 1677 1410 1726 itemque
1436 1676 1625 1727 Stephano
1642 1677 1719 1726 By-

1060 1735 1220 1770 zantino.
1259 1733 1370 1783 Apud
1398 1732 1541 1770 Livium
1564 1733 1718 1779 XXVII,

1060 1791 1114 1830 32
1147 1794 1450 1826 commemoratur
1470 1788 1631 1841 Pyrgum
1660 1802 1719 1827 ca-

1059 1845 1216 1884 stellum.
1247 1846 1320 1883 Pro
1331 1843 1500 1893 Ἔπιον,
1536 1843 1719 1885 Νούδιον

1059 1903 1095 1939 in
1112 1903 1293 1939 Sancrosti
1311 1903 1403 1940 libro
1424 1908 1543 1940 exstat
1552 1900 1717 1942 ’Έπειον

1062 1955 1275 1997 Νούδειον.
1306 1958 1415 2009 Apud
1436 1956 1716 2005 31ἰοε’Έπειον,

1047 2013 1242 2061 mmm,
1274 2015 1389 2053 aliter.
1444 2016 1501 2054 De
1528 2030 1601 2065 qua
1630 2017 1717 2053 scri-

1060 2078 1190 2122 pturae
1208 2073 1387 2109 varietate
1402 2073 1720 2122 monuitSchugh.

1061 2130 1108 2165 ad
1128 2128 1255 2176 Polyb.
1280 2128 1341 2175 lv,
1361 2132 1414 2169 77
1437 2129 1484 2166 T.
1509 2129 1555 2165 Vl
1575 2143 1610 2179 p.
1625 2132 1719 2176 129,

1061 2186 1116 2222 cui
1133 2186 1168 2221 in
1188 2185 1339 2234 Polybio
1369 2186 1591 2223 verissimum
1619 2187 1720 2222 vide-

1061 2246 1121 2278 tur
1147 2240 1306 2279 Αἰπιόν.

1118 2297 1287 2336 τουτέων
1311 2296 1353 2336 ὄὲ
1372 2295 1442 2342 τᾰς
1462 2299 1637 2343 πλεῦνας
1660 2294 1720 2336 ἐπ’

1062 2353 1151 2404 ἐμέο
1180 2349 1322 2392 Ἠλεῖοι
1352 2349 1612 2403 ἐπόρθησαν]
1664 2351 1722 2392 ἐπ’

1063 2409 1152 2459 ἐμέο
1176 2410 1289 2446 valet:
1320 2423 1396 2446 mea
1417 2410 1569 2459 (ipsius)
1594 2414 1721 2449 aetate.

1064 2468 1122 2503 Cf.
1150 2466 1307 2502 Fischer.
1340 2468 1386 2503 ad
1408 2466 1557 2504 *Vellen
1587 2467 1659 2514 ΙΙΙ,
1684 2468 1719 2505 b.

1065 2536 1099 2572 p.
1131 2523 1223 2561 228.
1283 2522 1403 2571 Atque
1432 2527 1579 2560 revocat
1607 2523 1650 2561 C.
1673 2524 1719 2561 Ο.

1065 2578 1206 2615 Miiller.
1227 2578 1445 2616 Orchomen.
1464 2593 1500 2630 p.
1522 2579 1628 2626 374,
1660 2593 1721 2616 ur-

1065 2634 1161 2670 bium
1225 2635 1315 2672 hanc
1369 2637 1613 2686 diruptionem
1672 2638 1720 2673 ad

1063 2690 1271 2740 Olympiad.
1308 2691 1396 2739 Lx,
1445 2706 1518 2741 quo
1556 2698 1721 2743 tempore

1063 2748 1256 2784 vehemens
1295 2749 1388 2786 inter
1423 2750 1568 2798 Minyas
1611 2755 1722 2798 atque

1062 2802 1171 2841 Eleos
1199 2804 1328 2841 bellum
1357 2806 1547 2854 flagrabat.
1615 2805 1722 2843 Man-
