1863 3256
4 3189 29 3221 *vt

112 715 207 766 uenies
195 740 264 766 stris

113 774 168 832 ⁰Air
156 773 200 806 rgi
205 782 240 807 pp
245 781 315 800 aeos
334 773 372 800 ad

181 812 230 834 net
214 815 278 841 em,
313 807 373 833 lest

113 813 170 866 (loix
153 848 215 868 nes.

437 123 520 162 326
824 118 1293 160 HERODOTI

435 229 656 286 Ἑλλήνων
687 232 776 272 τῶν
806 229 853 272 ἐκ
877 227 1180 284 Βορυσθένεός
1209 244 1253 271 τε
1282 226 1496 282 ἐμπορίου
1514 227 1586 270 καὶ
1617 231 1705 271 τῶν

413 300 593 344 ahmam
638 303 874 344 Ποντικῶν
913 300 1148 355 ἐμπορίων.
1215 298 1434 343 Σκυθέων
1479 297 1525 341 δὲ
1566 301 1609 341 οἳ
1652 297 1708 340 ἂν

443 371 609 415 ἔλθωσι
637 370 681 422 ἐς
711 369 890 422 αὐτοὺς,
931 369 993 412 δι’
1023 369 1130 413 ἑπτὰ
1158 370 1381 425 ἑρμηνέων
1409 369 1483 412 καὶ
1513 366 1572 412 δι’
1604 367 1709 411 ἑπτὰ

320 439 385 484 25
442 441 672 498 γλωσσέων
711 440 1068 496 διαπρήσσονται.

111 506 174 537 Quo
158 504 285 531 ndum-a
296 504 387 532 estad

111 539 330 599 idesstglrln'tcgm
300 580 350 606 pra
357 581 388 599 c

111 604 157 664 (2¹11
152 605 220 665 ιΙιΙιιιι
225 611 251 632 ιε
273 606 302 633 ἰιι
305 607 367 633 col·
360 615 388 633 ie

111 615 393 732 i¹22⁰d2252u1¹r-'ni¹u¹ifn-
420 652 695 708 Ξᾶποτάμνει
724 650 888 709 α’βατα,

1147 441 1291 496 Μέχρι
1328 441 1406 497 μὲν
1447 439 1500 496 δή
1540 439 1709 482 τούτων

443 512 712 569 γινώσκεται.
773 511 821 555 τό
860 511 906 554 δὲ
947 515 1037 554 τῶν
1071 515 1313 567 φαλακρῶν
1351 509 1597 564 κατύπερθε
1639 509 1765 553 οὐ-75

446 584 533 634 δεὶς
575 580 786 636 ἀτρεκέως
827 580 917 625 οἶδε
955 579 1150 636 φράσαι·
1211 581 1343 636 οὔρεά
1374 599 1417 626 τε
1446 582 1531 638 γάρ
1563 580 1711 639 ὑψηλὰ

928 653 1003 696 καὶ
1032 650 1175 704 οὐδείς
1204 665 1316 708 σφεα
1345 653 1610 710 ὑπερβαίνει.

285 716 310 733 ⁰
303 715 389 767 ''i‘oi'i
447 724 493 768 δὲ
519 723 739 779 φαλακροὶ
769 718 896 767 οὗτοι
925 724 1124 780 λέγουσι,
1166 724 1261 780 ἐμοὶ
1294 724 1371 780 μὲν
1400 722 1454 767 οὐ
1485 724 1613 768 πιστα
1645 725 1709 768 λε’-

448 810 631 851 γοντες,
701 791 858 836 οἰκέειν
914 794 967 838 τοὶ
1029 794 1166 851 οὔρεα
1232 796 1459 851 αἰγίποδας
1524 794 1710 851 α’νδρας·

389 949 457 984 hoc
494 947 628 983 sactum
658 944 770 981 fuisse
803 957 824 981 e
855 944 1052 981 Herodoto

390 1002 613 1052 colligimus3
653 1001 740 1050 quin
763 1001 897 1038 Christi
916 1001 1055 1038 doctri-

390 1072 475 1097 nam
500 1060 548 1096 ad
575 1063 704 1108 gentes
725 1057 800 1094 illas
821 1056 905 1094 olim
926 1058 1054 1095 eadem

390 1116 448 1153 via
479 1115 627 1152 allatam
645 1115 757 1151 fuisse
782 1114 952 1151 observat
971 1113 1056 1152 Rit-

393 1179 461 1211 ter.
484 1171 689 1208 Erdkunde
710 1170 745 1207 ll
771 1183 807 1221 p.
833 1172 927 1210 623.

449 1227 493 1268 ἐκ
505 1221 780 1279 Βορυσθένεός
792 1241 831 1265 τε
845 1225 1052 1279 ἐμπορίου]

393 1286 504 1323 Conf.
526 1288 619 1322 nott.
637 1285 686 1321 ad
708 1283 771 1331 lV,
793 1286 856 1324 17.

451 1336 508 1380 δι’
542 1337 640 1379 έπτοέ
671 1338 875 1391 ἑρμηνέων
901 1337 969 1378 καὶ
1001 1333 1057 1378 δι’

395 1394 492 1437 {nto}
537 1394 746 1448 γλωσσέων
787 1391 1057 1447 διαπρήσσον-

395 1454 473 1504 ται]
519 1454 632 1497 Quod
649 1453 811 1491 Heeren.
834 1454 945 1491 Ideen
965 1453 1002 1498 l,
1032 1453 1058 1490 2

394 1524 430 1561 p.
443 1512 539 1556 302,
566 1509 644 1546 coll.
667 1509 696 1555 l,
719 1511 739 1548 1
760 1523 796 1560 p.
819 1511 912 1557 123,
935 1509 986 1545 ita
1003 1509 1059 1544 in-

369 1566 546 1615 ·telligit‚
579 1570 619 1603 ut
653 1578 720 1616 per
750 1570 892 1616 septem
924 1569 1056 1613 gentes

398 1623 469 1659 alia
499 1622 624 1670 lingua
661 1626 806 1660 utentes
835 1625 1060 1659 mercatores

397 1678 556 1727 Scythici
586 1679 767 1716 Graecive
799 1679 867 1716 iter
909 1678 1062 1715 fecerint

399 1735 626 1783 totidemque
650 1735 735 1772 inde
755 1735 864 1773 etiam
883 1735 1062 1784 interpre-

399 1792 494 1828 tibus
512 1791 745 1839 indiguerint.
796 1791 897 1835 Quas
920 1795 1063 1840 septem

400 1852 529 1897 gentes
556 1860 630 1884 non
658 1847 748 1884 alias
774 1848 889 1885 videri
913 1846 987 1883 vult
1007 1852 1063 1883 at-

403 1917 476 1953 que
497 1903 680 1949 Taurios,
710 1905 920 1951 Sarmatas,
951 1903 1066 1940 Budi-

403 1972 493 2007 nos,
554 1960 739 2008 Gelonos,
798 1960 1066 2009 Thyssagetas,

405 2017 527 2065 lyrcas
550 2022 587 2054 et
609 2017 853 2067 Argippaeos.

604 2074 714 2124 Cap.
751 2074 867 2111 XXV.

464 2125 596 2176 οὐδεὶς
630 2125 822 2181 ἀτρεκέως
852 2126 937 2170 οἶδε
963 2125 1066 2181 φρά-

404 2184 483 2234 σαι]
526 2186 639 2223 Plane
656 2187 786 2224 eodem
810 2189 922 2225 modo
946 2186 1066 2236 loqui-

403 2247 461 2277 tur
482 2242 543 2288 lv,
565 2245 614 2283 16
633 2243 712 2279 coll.
729 2244 759 2290 Ι,
780 2243 844 2284 57.
887 2245 959 2282 Pro
978 2258 1066 2283 του-

403 2296 503 2335 τέων
528 2303 564 2336 et
594 2299 663 2335 hoc
691 2300 810 2349 capite
837 2303 874 2337 et
903 2313 984 2350 cap.
1012 2301 1066 2339 24

404 2354 484 2391 init.
521 2354 575 2394 25
610 2355 670 2391 fin.
705 2357 759 2395 27
791 2357 870 2392 init.
903 2359 953 2396 31
988 2369 1067 2394 cum

408 2411 524 2447 Gaiss.
556 2415 591 2446 et
611 2411 746 2448 Matth.
779 2412 866 2449 dedi
900 2409 1065 2451 τούτων.

407 2466 465 2502 Ad
490 2463 723 2518 γινώσκεται
753 2480 795 2505 ex
820 2470 1068 2506 antecedenti-

409 2523 475 2559 bus
502 2523 620 2572 suppl.
646 2521 673 2573 ἦ
691 2539 815 2574 χωρη.

469 2575 589 2630 οὔρεα
609 2593 648 2618 τε
667 2595 740 2631 γαρ
761 2577 902 2630 υψηλοῖ
921 2575 1067 2619 ‹inom-

410 2635 513 2686 μνει]
547 2635 761 2673 Particulam
786 2651 845 2684 τε,
876 2650 970 2685 quae
992 2637 1069 2673 vul-

409 2704 457 2740 go
478 2694 603 2738 abest,
644 2705 665 2730 e
693 2694 836 2730 duobus
860 2692 958 2729 libris
989 2706 1067 2730 curn

410 2748 528 2785 (iaisf.
563 2750 707 2788 inserui.
757 2749 815 2786 Ad
849 2745 1069 2801 οἷποτάμνει

1110 943 1270 995 suppleri
1287 949 1411 995 potest
1432 941 1604 991 αὐτούς,
1637 957 1666 982 ε.
1694 941 1769 996 τήν

1111 998 1261 1052 χώραν,
1293 1002 1345 1039 ita
1367 1006 1404 1038 ut
1426 1008 1570 1039 montes
1591 1001 1638 1038 illi
1661 1001 1769 1038 disse-

1113 1071 1215 1103 care,
1273 1071 1302 1095 s.
1349 1058 1594 1095 disterminare
1636 1062 1771 1096 terram

1111 1116 1281 1164 viamque
1322 1115 1557 1165 praecludere
1592 1115 1770 1152 dicantur.

1112 1172 1170 1209 Cf.
1191 1172 1228 1218 1,
1252 1173 1317 1210 72.
1377 1171 1531 1209 lndicari
1554 1177 1674 1208 autem
1692 1171 1727 1208 h.
1749 1170 1772 1208 l.

1112 1232 1255 1266 montes
1279 1227 1405 1274 Altai,
1444 1231 1486 1265 ut
1516 1240 1611 1264 nunc
1641 1240 1774 1264 vocan-

1113 1289 1191 1332 tur,
1231 1284 1410 1321 Siberiam
1435 1296 1457 1321 a
1478 1285 1629 1321 meridie
1652 1285 1774 1322 termi-

1114 1345 1245 1378 nantes
1272 1341 1413 1390 optime
1440 1341 1583 1378 monuit
1612 1340 1772 1378 Heeren.

1115 1398 1227 1434 Ideen
1249 1396 1286 1443 Ι,
1319 1399 1345 1437 2
1371 1410 1458 1447 pag.
1478 1395 1583 1443 284,
1614 1397 1775 1446 itemque

1117 1454 1300 1491 Gatterer.
1329 1454 1365 1489 in
1394 1454 1621 1490 Commentt.
1648 1453 1775 1490 societ.

1116 1510 1283 1557 Gotting.
1304 1510 1390 1546 XIV
1417 1523 1453 1559 p.
1478 1512 1517 1548 7.
1567 1509 1648 1548 Nec
1671 1509 1777 1547 aliter

1115 1565 1284 1603 Viilcker.
1304 1565 1422 1615 Myth.
1448 1566 1589 1615 Geogr.
1621 1579 1656 1616 p.
1684 1567 1775 1607 191.

1175 1620 1319 1661 οἰκέειν
1345 1618 1391 1660 τὰ
1417 1619 1538 1674 οὔρεα
1566 1622 1777 1673 αἰγίποδας

1119 1675 1284 1729 ἄνδρας]
1326 1679 1467 1716 Similia
1489 1684 1682 1730 portenta,
1711 1691 1777 1715 no—

1117 1740 1221 1774 tante
1243 1735 1483 1785 Wesseling.‚
1516 1736 1625 1773 refert
1643 1735 1777 1771 Strabo

1120 1792 1135 1829 Ι
1165 1806 1201 1842 p.
1219 1792 1272 1832 43
1294 1804 1323 1828 s.
1342 1793 1406 1832 73.
1467 1793 1575 1836 Quae
1602 1792 1776 1829 Herodo-

1120 1852 1180 1886 tus
1197 1862 1265 1898 pro
1287 1848 1433 1895 fictitiis,
1450 1861 1517 1886 nec
1537 1848 1608 1885 ulla
1627 1848 1700 1884 fide
1719 1848 1776 1884 di-

1122 1905 1203 1954 gnis
1224 1905 1360 1942 habere
1379 1905 1545 1951 videtur,
1583 1906 1620 1940 in
1642 1904 1683 1940 iis
1703 1904 1779 1941 veri

1122 1962 1210 2010 quid
1247 1961 1360 1999 latere
1393 1974 1472 1998 cum
1508 1965 1681 2011 pu⁴arent
1713 1960 1779 1996 viri

1122 2018 1222 2055 docti
1243 2022 1392 2055 nostrae
1410 2019 1557 2064 aetatis,
1573 2017 1642 2054 hoc
1662 2017 1779 2066 ipsum

1121 2074 1230 2123 quale
1257 2075 1322 2120 sit,
1361 2075 1558 2111 studiosius
1581 2074 1782 2122 investiga-

1122 2135 1218 2168 runt.
1274 2131 1398 2179 Atque
1427 2132 1498 2168 iam
1527 2130 1586 2168 De
1612 2130 1781 2178 Guignes

1124 2187 1253 2236 (Mem.
1267 2188 1313 2224 de
1326 2187 1461 2227 l'Acad.
1475 2188 1510 2224 d.
1521 2187 1629 2224 lnscr.
1640 2185 1782 2222 XXXV

1123 2258 1159 2295 p.
1181 2244 1262 2284 557
1284 2244 1381 2293 seq.)
1412 2244 1468 2281 hic
1491 2244 1551 2292 agi
1580 2243 1705 2279 statuit
1733 2242 1781 2278 de

1125 2305 1260 2350 gente,
1291 2313 1384 2349 quae
1403 2314 1424 2337 a
1447 2300 1681 2350 pernicitate,
1709 2298 1781 2347 qua

1125 2358 1278 2404 insignis
1301 2357 1427 2402 fuerit,
1465 2356 1533 2393 hoc
1557 2368 1690 2393 nomen
1714 2356 1780 2391 Ae-

1125 2413 1295 2462 gz'podum
1312 2412 1454 2459 tulerit,
1473 2413 1582 2460 inque
1600 2412 1783 2448 montibus

1126 2482 1148 2506 a
1171 2471 1281 2506 Sinae
1300 2482 1342 2506 ac
1360 2469 1546 2505 Tartariae
1563 2468 1784 2518 septentrio-

1125 2538 1172 2563 ne
1189 2526 1295 2562 sedes
1311 2537 1392 2561 suas
1408 2525 1586 2562 habuerit.
1618 2525 1783 2568 Quocum

1125 2583 1295 2618 convenit
1323 2581 1594 2630 quodammodo
1613 2581 1782 2618 Larcheri

1126 2639 1263 2688 opinio,
1295 2638 1500 2688 capripedes
1520 2638 1672 2674 homiues
1690 2637 1784 2686 figu-

1127 2700 1203 2732 rate
1222 2694 1279 2731 hic
1302 2708 1365 2732 eos
1392 2696 1462 2732 dici
1483 2696 1700 2741 statuentis,
1722 2694 1782 2742 qui

1126 2763 1316 2801 caprarum
1375 2753 1423 2789 ad
1475 2752 1590 2789 instar
1643 2755 1784 2789 montes

1672 655 1715 697 οἱ
1774 660 1857 699 292
