1863 3256
261 608 357 652 173

87 667 191 707 ΙζεγΙΙί,
207 671 285 697 intra
295 671 365 706 Syr-

88 705 150 729 tm:
179 705 284 732 horum
306 709 365 733 ter-

419 211 506 249 582

390 319 596 360 ΤΠίστισι
634 319 679 361 δὲ
721 320 912 375 τοιῃσίὸἐ
941 319 1159 373 χρέωνται.

417 393 555 440 πιεῖν,
604 392 676 431 καὶ
725 389 857 439 αὐτὸς
903 389 949 431 ἐκ
998 392 1072 443 τῆς
1122 393 1201 431 τοῦ
1247 389 1397 442 ἑτέρου
1441 391 1577 433 πίνει·

821 210 1289 248 HERODo'si

1222 319 1268 361 ἐκ
1298 321 1373 373 τῆς
1402 319 1544 372 χειρὸς
1573 321 1690 362 διδοῖ

1634 390 1742 446 ἢν55

423 459 469 502 δὲ
497 460 555 515 μή
587 461 712 513 ἔχωσι
741 458 881 513 ὑγρόν
911 458 1065 514 μηδὲν,
1111 461 1154 502 οἱ
1183 460 1229 503 δὲ
1261 464 1334 516 τῆς
1362 459 1559 517 χαμάθεν
1588 472 1689 504 σπο-

420 531 505 573 δοῦ
535 529 742 583 λαβόντες
771 532 972 585 λείχουσι.

530 602 774 654 Νασαμῶσι
808 600 855 644 δὲ
884 599 1184 656 προσόμουροί
1214 604 1294 645 εἰσι
1333 602 1512 646 Ψύλλοι.
1563 596 1689 645 οὗτοι

428 868 589 908 Πίστισι
608 866 666 919 δὲ]
684 869 792 906 Hanc
805 871 952 907 dandae
968 882 1027 907 ac-

367 925 632 975 cipiendaeque
670 925 754 963 fidei
792 926 1028 963 consuetudi-

366 994 449 1019 nem
485 983 522 1018 in
549 986 658 1032 pacto
694 982 875 1032 coniugali
909 983 1028 1019 adhuc

366 1039 465 1088 apud
489 1038 662 1087 Algeriae
693 1038 830 1076 incolas
859 1040 1027 1076 obtinere

366 1099 527 1132 testatur
543 1095 665 1132 Shaw.
679 1095 822 1145 Voyag.
845 1095 859 1132 Ι
879 1109 916 1146 p.
932 1097 1027 1136 393.

365 1172 421 1178 ——
442 1150 532 1189 Mox
556 1164 577 1188 e
603 1151 812 1189 melioribus
833 1153 939 1189 codd.
963 1153 1029 1189 de—

366 1208 484 1244 dimus
520 1204 703 1258 χαμάθεν
741 1222 807 1258 pro
836 1204 1027 1259 χαμόθεν.

366 1263 425 1301 Cf.
445 1264 493 1311 ll,
514 1265 594 1306 125
616 1265 705 1314 ibiq.
724 1269 815 1302 nott.
846 1264 904 1302 Ad
924 1266 1027 1314 geni-

365 1320 478 1357 tivum
508 1321 663 1360 σποδοῦ
688 1323 783 1361 conf.
809 1320 940 1359 Matth.
960 1321 1026 1358 Gr.

367 1376 432 1412 Gr.
452 1390 488 1427 p.
509 1379 603 1418 631.

525 1434 636 1483 Cap.
669 1432 871 1470 CLXXIII.

431 1485 600 1540 Ψύλλοι]
631 1489 689 1528 De
712 1490 781 1527 hac
803 1494 915 1538 gente
933 1491 1028 1526 conf.

366 1543 575 1596 Stephanus
586 1547 678 1594 Byz.
689 1559 718 1582 s.
731 1558 764 1583 v.
786 1546 1028 1592 Hecataeum,

366 1603 428 1650 qui
457 1602 545 1639 citat
576 1605 634 1652 (p.
665 1603 744 1642 133
773 1604 941 1651 fragmm.
971 1603 1030 1639 ed.

368 1657 588 1705 Klausen.),
629 1659 760 1695 Suidas
788 1658 840 1696 Ill
868 1672 905 1708 p.
935 1660 1029 1698 709.

368 1715 520 1751 Photius
549 1728 576 1751 s.
603 1727 637 1751 v.
698 1715 800 1752 Inter
836 1719 1030 1764 utramque

368 1771 528 1820 Syrtim,
578 1772 674 1808 inter
709 1770 950 1821 Lotophagos
988 1783 1030 1808 ac

368 1826 621 1875 Nasamones,
651 1827 735 1864 olim
761 1828 946 1865 habitasse
973 1827 1030 1864 di-

372 1887 502 1920 cuntur
520 1897 565 1922 ea
586 1885 621 1920 in
638 1884 803 1932 regione,
821 1897 915 1933 quae
934 1897 1031 1921 nunc

369 1944 520 1977 vocatur
557 1940 763 1988 ΛΙεεῑιναίε,
804 1941 1032 1990 praedones-

368 2009 440 2046 que
460 1998 625 2034 feruntur
649 1997 741 2034 illius
759 2009 845 2033 orae
866 1997 1031 2034 famosis-

370 2053 448 2089 simi
478 2065 598 2102 aeque
616 2066 659 2091 ac
677 2053 920 2090 Nasamones.
971 2054 1030 2090 Cf.

370 2109 644 2146 Schlichthorst.
678 2111 700 2148 l.
734 2109 755 2146 Ι.
784 2123 819 2160 p.
851 2112 930 2150 132
951 2123 1030 2158 seq.

368 2165 523 2203 Rennvl.
540 2180 575 2216 p.
598 2168 691 2206 636.
733 2166 917 2203 Mannert.
936 2167 984 2213 X,
1004 2168 1031 2206 2

369 2235 405 2270 p.
428 2224 520 2263 182.
559 2223 721 2260 Heeren.
739 2222 863 2260 ldeen.
881 2223 927 2269 11,
950 2225 969 2262 1
994 2237 1031 2273 p.

369 2279 451 2319 223
473 2291 552 2327 seq.
582 2278 636 2315 Ac
656 2278 794 2316 Plinius
814 2292 962 2328 quoque
983 2279 1032 2316 H.

371 2333 420 2370 N.
443 2334 485 2380 V,
510 2334 536 2374 4
561 2348 670 2384 super
693 2336 940 2373 Garamantes
964 2336 1033 2383 (de

371 2389 502 2437 quibus
523 2390 661 2428 Herod.
680 2391 744 2438 IV,
764 2390 864 2441 183)
881 2393 1034 2429 collocat

373 2445 534 2493 Psyllos3
580 2448 679 2484 unde
701 2448 791 2484 satis
820 2448 961 2497 liquere
982 2449 1034 2484 vi·-

373 2503 482 2538 detur
510 2501 556 2538 L.
587 2503 737 2550 Marco,
781 2516 844 2539 eos
875 2506 922 2540 ad
948 2518 1035 2554 pro-

370 2558 592 2594 montorium
620 2559 810 2596 Mesurata
837 2560 1032 2597 habitasse.

370 2614 438 2650 Est
463 2627 550 2658 vero
586 2615 676 2651 haec
707 2615 911 2664 Psyllorum
941 2629 1032 2664 gens

370 2683 436 2720 per
477 2683 621 2708 omnem
661 2672 737 2708 sere
777 2673 1032 2720 antiquitatem

370 2727 511 2763 famosa
563 2728 610 2764 ob
658 2727 857 2764 fascinandi
903 2734 1031 2774 artem,

371 2783 443 2831 qua
492 2783 654 2820 letiferos
702 2790 892 2834 serpentes
938 2785 1031 2821 bene

370 2844 525 2877 tractare
563 2853 605 2877 ac
644 2842 794 2878 domare
836 2842 1030 2892 sopireque

423 668 720 722 ἐξαπολώλασι
764 672 911 727 τρόπῳ
958 673 1126 729 τοιῷδε.

1197 671 1220 716 ὁ
1260 672 1389 723 νότος
1429 685 1509 729 σφι
1547 673 1689 717 πνέων

1084 870 1248 907 valuerit.
1281 869 1406 907 'sestis
1426 877 1481 907 est
1499 871 1638 908 Plinius
1665 872 1743 915 Vll,

1083 929 1109 966 2
1130 926 1210 963 coll.
1242 926 1359 973 XXV,
1387 929 1450 966 10.
1500 926 1668 974 xxvm,
1698 930 1744 972 33

1084 982 1173 1019 alios
1199 983 1336 1019 excitat
1365 983 1522 1032 Ruperti
1548 984 1595 1019 ad
1619 983 1745 1020 Silium

1084 1038 1167 1076 Ital.
1184 1038 1211 1085 Ι,
1228 1038 1322 1079 411.
1354 1039 1569 1075 Cuiusmodi
1589 1040 1745 1077 fascina-

1086 1100 1204 1133 torum
1235 1095 1391 1143 vestigia
1416 1095 1472 1132 vel
1501 1096 1538 1132 in
1561 1108 1663 1133 sacro
1685 1109 1747 1133 co-

1086 1153 1166 1189 dice
1198 1152 1330 1189 veteris
1359 1152 1569 1189 testamenti
1597 1153 1747 1202 reperiri

1086 1208 1230 1255 volunt,
1269 1221 1351 1244 cum
1380 1207 1467 1244 alias
1497 1221 1645 1257 quoque
1673 1210 1745 1246 sre-

1086 1277 1201 1314 quens
1220 1264 1359 1301 illorum
1379 1264 1528 1302 mentio.
1558 1264 1670 1302 Unde
1689 1266 1745 1302 sa-

1086 1326 1182 1358 ctum
1197 1349 1208 1367 ,
1240 1325 1281 1357 ut
1299 1321 1507 1370 quicunque
1528 1320 1620 1358 tales
1643 1335 1747 1359 exer-

1086 1382 1209 1414 cerent
1257 1382 1356 1414 artes
1375 1404 1388 1423 ,
1459 1379 1483 1413 ii
1531 1383 1747 1415 vocarentur

1089 1432 1219 1483 Psylli.
1263 1434 1363 1476 Quin
1387 1434 1569 1483 hodieque
1586 1447 1651 1484 per
1673 1434 1747 1471 Ae-

1086 1495 1239 1539 gyptum
1268 1491 1470 1539 accepimus
1507 1503 1587 1527 esse
1621 1490 1745 1527 talium

1085 1547 1342 1583 fascinatorum
1361 1551 1531 1595 gentem,
1554 1547 1654 1583 cuius
1671 1559 1748 1584 ma-

1086 1603 1181 1639 xima
1207 1602 1291 1639 hinc
1318 1603 1417 1652 apud
1445 1602 1571 1652 vulgus
1593 1604 1749 1640 auctori-

1087 1663 1144 1695 tas
1175 1659 1408 1708 maximaque
1435 1660 1525 1696 iura.
1583 1658 1642 1696 De
1669 1660 1749 1708 qui-

1087 1715 1153 1751 bus
1193 1716 1329 1765 optime
1366 1717 1534 1765 exposuit
1570 1714 1636 1752 Vir
1669 1716 1751 1752 illu-

1087 1772 1282 1808 strissimus
1304 1771 1361 1809 De
1382 1770 1554 1809 Minutoli
1574 1773 1629 1808 in:
1671 1771 1749 1808 Ab·

1087 1828 1222 1865 handll.
1256 1829 1471 1866 Vermischt.
1506 1828 1645 1865 Inhalts
1674 1828 1687 1865 l
1716 1842 1750 1879 p.

1089 1883 1143 1925 42
1171 1897 1275 1934 seqq.

1145 1937 1417 1987 ἐξαπολώλασι
1434 1938 1566 1993 τρόπῳ
1594 1938 1747 1992 τοιῷδε]

1088 1996 1226 2034 Plinius
1248 1998 1298 2034 H.
1322 1998 1372 2036 N.
1394 1998 1483 2045 Vll,
1515 2000 1563 2038 2:
1613 1997 1751 2044 „Haec

1088 2067 1179 2103 gens
1210 2055 1291 2104 ipsa
1317 2055 1464 2103 quidem
1495 2067 1612 2104 prope
1642 2054 1752 2090 iuter-

1088 2111 1242 2148 necione
1272 2112 1415 2148 sublata
1441 2118 1499 2148 est
1525 2122 1546 2147 a
1571 2110 1753 2147 Nasamo-

1089 2167 1216 2214 nibus,
1246 2168 1307 2216 qui
1333 2180 1429 2205 nunc
1448 2180 1510 2205 eas
1540 2170 1668 2204 tenent
1695 2178 1752 2202 se·

1090 2224 1175 2260 des:
1217 2237 1333 2273 genus
1357 2228 1481 2261 tamen
1501 2223 1685 2260 hominum
1707 2234 1749 2258 ex

1090 2280 1157 2325 iis,
1186 2282 1249 2328 qui
1269 2282 1531 2330 profugerant,
1561 2283 1624 2315 aut
1640 2290 1750 2326 quum

1089 2341 1291 2387 pugnatum
1316 2343 1384 2383 est,
1412 2337 1594 2380 afuerunt,
1626 2335 1752 2371 hodie·

1092 2406 1163 2441 qne
1192 2399 1355 2429 remanet
1383 2394 1418 2428 in
1448 2392 1620 2441 paucis.“
1681 2391 1751 2427 Cui

1092 2449 1290 2485 narrationi
1309 2448 1598 2497 probabilitatem
1613 2448 1751 2484 addere

1091 2505 1219 2541 Silium
1241 2505 1265 2550 l,
1288 2507 1380 2544 408.
1428 2504 1563 2541 Lucan.
1585 2505 1648 2550 lx,
1670 2504 1750 2544 439

1091 2561 1251 2605 —445,
1282 2564 1401 2597 monet
1422 2561 1694 2598 Schlichthorst.
1715 2572 1750 2608 p.

1095 2619 1173 2656 132
1193 2617 1273 2658 coll,
1294 2618 1476 2653 Mannert.
1498 2617 1520 2654 l.
1541 2617 1563 2654 l.
1596 2617 1650 2653 Ex
1670 2617 1751 2665 ipso

1092 2673 1286 2710 Herodoto
1310 2673 1466 2710 fabulam
1495 2678 1640 2711 enarrat
1657 2670 1750 2709 Gell.

1090 2728 1140 2765 N.
1164 2729 1236 2765 Ait.
1256 2730 1362 2776 ΧΥΙ,
1395 2732 1466 2775 113
1507 2731 1639 2779 quibus
1664 2728 1754 2765 haec

1096 2786 1239 2822 subiicit
1267 2787 1313 2823 ad
1343 2799 1450 2823 omne
1476 2786 1621 2824 subulae
1649 2796 1755 2833 argu-

1092 2848 1252 2879 mentum
1283 2843 1485 2893 spectantia
1519 2842 1753 2880 Valcken.:
1815 2871 1823 2904 Ι,
