1863 3256
461 159 1141 201 MELPOMENE.1V.

172 269 399 312 καταδιδοῖ
434 270 477 320 ἐς
514 270 592 314 τὸν
624 268 960 326 Ἑλλήσποντον,

1342 167 1421 207 441

1018 266 1143 311 ἐόντα
1190 270 1426 327 στεινότητι

145 340 254 394 ὃμὲν
282 339 387 383 ἑπτὰ
419 342 641 392 σταδίους,
674 344 811 397 μῆκος
841 339 887 384 δὲ
915 339 1232 395 τετρακοσίους.
1264 340 1484 385 ἐκδιδοῖ7ο

103 490 183 527 doti
224 503 429 527 mensuram
464 490 601 527 invenit
633 503 654 527 a
683 503 769 528 vero

116 546 172 582 vix
193 547 437 595 quadraginta
457 546 602 583 differre
619 547 769 593 stadiis;

116 602 215 651 quod
233 602 351 652 ipsum
374 615 446 638 non
467 602 555 639 tanti
573 614 652 639 esse
671 606 769 639 recte

115 662 257 703 monet,
288 662 328 695 ut
352 658 562 707 scriptorem
583 658 770 695 socordiae

114 713 326 752 incusemus.
380 712 576 763 Breigero,
606 714 667 763 qui
696 713 718 751 l.
747 713 769 751 1.

113 782 198 820 pag.
217 768 272 810 24
295 783 374 820 seq.
402 772 536 807 minora
560 770 618 807 hic
638 770 771 808 intelli-

114 827 151 875 gi
184 826 262 864 vult
289 827 426 874 stadia,
465 826 632 877 equidem
654 827 771 864 adsti-

113 882 227 933 pulari
265 896 430 932 neque0‚
467 884 529 933 qui
569 883 605 919 in
646 883 769 920 Krusii

113 940 291 978 sententia
312 940 612 990 acquiescendum
625 951 769 977 censeo.

169 1052 378 1092 καταδιδοῖ
394 1051 432 1099 ἒς
453 1049 518 1092 τὰν
533 1048 771 1103 Ἑλλήσπον-

113 1110 204 1154 τον]
251 1109 494 1158 Frequentius
537 1109 665 1158 utique
698 1109 768 1145 hoc

113 1177 221 1202 sensu
257 1165 356 1215 apud
392 1164 568 1203 Nostrum
605 1165 767 1202 invenias

112 1217 382 1260 ἐκδιδόναι
413 1222 460 1259 de
489 1221 622 1269 fluvio,
653 1221 766 1271 quiin

111 1277 220 1314 alium
251 1278 398 1314 fluvium
428 1278 552 1315 autin
581 1290 681 1315 mare
711 1277 766 1313 in-

111 1334 214 1380 fluit,
242 1339 283 1371 ut
307 1347 341 1371 v.
372 1347 400 1371 c.
431 1334 470 1382 Ι,
503 1335 567 1374 80.
600 1334 690 1374 189.
721 1333 768 1380 ll,

110 1392 178 1430 22.
204 1391 269 1431 30.
301 1388 365 1430 34.
394 1390 466 1438 IV,
496 1390 561 1431 49.
588 1392 641 1431 86
673 1389 769 1427 alibi.

110 1445 160 1483 Et
179 1446 287 1498 paulo
306 1446 452 1484 inferius
470 1446 539 1483 hoc
559 1447 639 1497 ipso
658 1446 770 1483 utitur

110 1502 295 1540 vocabulo.
310 1523 365 1530 —
385 1502 445 1540 De
463 1502 685 1554 Hellesponti
701 1515 768 1539 no-

112 1559 209 1597 mine
245 1559 304 1596 vix
343 1562 421 1606 est,
465 1560 564 1608 quod
609 1561 768 1596 dicamus

112 1620 198 1666 post
235 1614 518 1666 copiosissimam
555 1615 770 1666 disputatio-

113 1684 197 1709 nem
224 1671 260 1708 T
262 1671 443 1708 zschuckii
476 1672 524 1708 ad
549 1671 637 1709 Mel.
660 1671 714 1719 11,
743 1674 770 1712 2

113 1732 206 1765 nott.
249 1740 377 1776 exegg.
418 1740 506 1777 pag.
549 1730 628 1769 109
667 1740 769 1776 seqq.

114 1783 216 1832 (Vol.
242 1784 292 1821 111
312 1784 353 1822 Ρ.
374 1783 439 1832 ll).
475 1783 559 1821 Hoc
585 1796 694 1821 unum
713 1784 771 1820 hic

114 1841 230 1879 teneri
265 1840 371 1878 velim
411 1840 478 1888 (de
515 1853 588 1890 quo
622 1844 660 1878 et
690 1841 770 1890 ipso

115 1897 279 1947 disputat
291 1896 508 1934 Tzsehucke
524 1896 546 1934 l.
564 1897 587 1934 l.
603 1910 640 1947 p.
656 1897 770 1945 110),

114 1953 394 2004 Hellespontum
420 1957 497 1990 tum
525 1952 641 1990 latiori
662 1965 771 1991 sensu

116 2014 155 2048 et
189 2010 305 2058 magis
342 2009 511 2059 antiquo,
552 2014 591 2047 ut
626 2010 772 2047 videtur

116 2079 216 2103 more
243 2066 295 2103 ita
326 2066 418 2113 dici,
447 2070 487 2102 ut
509 2079 653 2104 omnem
681 2066 772 2104 Pro-

116 2123 331 2173 pontidem,
362 2134 468 2171 quam
488 2127 639 2170 vocant,
668 2121 773 2159 simul

117 2190 190 2216 una
215 2192 295 2216 cum
316 2179 396 2229 ipso
415 2179 508 2216 freto
528 2178 772 2229 Hellesponti,

118 2248 141 2272 a
168 2235 281 2284 Sigeo
315 2235 402 2273 inde
437 2235 546 2284 igitur
580 2247 698 2284 usque
724 2235 774 2271 ad

118 2291 334 2339 Byzantium
351 2320 362 2338 ‚
392 2290 677 2340 comprehendat
707 2291 771 2336 (cf.

119 2346 192 2394 lV,
236 2349 300 2390 33.
333 2349 424 2388 138.
463 2347 534 2394 Vl,
574 2349 649 2396 33,
691 2348 774 2394 alia,

122 2414 217 2450 quae
242 2408 279 2441 et
295 2404 457 2453 Breiger.
472 2403 493 2440 l.
516 2403 539 2440 l.
560 2416 645 2454 pag.
667 2406 720 2444 20
737 2408 776 2441 et

123 2457 242 2496 Kruse.
262 2459 286 2497 l.
307 2459 331 2497 l.
353 2473 441 2511 pag.
461 2460 515 2501 48
535 2459 776 2508 attulerunt)·,

123 2518 200 2550 tum
229 2516 371 2553 arctiori
401 2528 509 2554 sensu
540 2517 587 2553 de
607 2516 678 2553 isto
693 2521 776 2553 tan-

123 2573 199 2606 tum
224 2571 360 2618 canali,
396 2585 505 2621 quem
536 2572 777 2610 Dardanello-

124 2638 202 2662 rum
217 2627 363 2664 nomine
384 2629 459 2666 sive
480 2629 562 2666 freti
584 2629 780 2679 Gallipolz'-

126 2683 225 2728 tani,
268 2682 437 2731 quoniam
470 2685 516 2721 ab
545 2685 635 2723 urbe
661 2685 778 2722 Galli-

125 2737 289 2787 politana
326 2738 465 2775 initium
502 2740 612 2789 vulgo
644 2743 778 2778 consti-

125 2797 256 2839 tuunt,
320 2793 501 2844 hodieque
564 2796 778 2846 designant3

824 490 895 526 vid.
927 489 1001 536 IV,
1029 489 1094 531 85.
1117 491 1182 529 86.
1208 489 1300 536 VII,
1330 492 1396 531 33.
1428 492 1482 532 85

825 550 863 583 et
889 546 985 581 conf.
1011 545 1175 594 Breiger.
1206 550 1241 584 et
1259 546 1427 585 Krusel.
1459 547 1482 583 l.

881 595 994 640 ἐόντα
1035 597 1248 652 στεινότητι
1285 599 1356 653 μὲν
1386 600 1483 642 ἑπτα

827 653 1028 707 σταδίους]
1055 657 1144 695 Sine
1162 671 1283 705 causa,
1303 671 1383 696 meo
1403 660 1484 709 qui-

827 713 910 751 dem
931 726 974 752 ex
1002 713 1155 761 iudicio,
1184 727 1252 765 pro
1273 710 1483 780 στεινότητι

826 768 1030 818 Schweigh.
1067 769 1227 807 malebat
1259 766 1482 822 στεινότητα

826 825 874 881 012
933 826 1192 864 antecedentes
1257 828 1480 865 accusativos

828 882 955 933 εὖρος,
975 883 1113 933 μῆκος.
1148 881 1208 919 Ad
1226 889 1480 932 argumentum

826 939 982 976 conferri
999 939 1109 976 debet
1126 938 1206 986 Vll,
1229 941 1297 981 33.
1318 939 1394 988 34,
1421 940 1483 977 ubi

825 994 955 1042 locum,
979 1007 1051 1044 quo
1072 1000 1212 1045 septem
1228 997 1347 1033 stadia
1367 1008 1484 1045 angu-

826 1054 902 1088 stus
943 1051 991 1087 sit
1015 1050 1297 1101 Hellespontus,
1335 1065 1483 1090 accura-

824 1107 896 1143 tius
942 1106 1095 1153 definit,
1152 1120 1270 1157 prope
1319 1109 1485 1159 Abydum

827 1162 946 1212 (cuius
976 1163 1055 1200 loco
1087 1175 1184 1200 nunc
1209 1163 1245 1200 in
1270 1168 1367 1202 terra
1394 1177 1483 1215 pro-

824 1219 974 1257 minenti
999 1219 1093 1256 iacet
1115 1217 1314 1270 Nagara),
1344 1221 1442 1258 cuius
1462 1233 1484 1258 e

824 1276 976 1324 regione
1012 1276 1048 1312 in
1094 1275 1210 1313 altera
1245 1276 1480 1327 Hellesponti

824 1332 904 1383 ripa
934 1331 1020 1368 olim
1051 1330 1195 1379 Sestos,
1227 1345 1323 1370 nunc
1351 1334 1485 1370 rudera

825 1389 916 1425 arcis
938 1387 1105 1425 Zemem·l.-
1127 1388 1164 1425 in
1182 1387 1270 1426 colle
1287 1402 1403 1440 prope
1418 1388 1485 1425 Ja-

825 1445 919 1482 lova.
960 1444 1003 1481 ln
1032 1447 1156 1495 septem
1185 1446 1385 1483 stadiorum
1414 1458 1482 1483 nu-

825 1514 927 1539 mero
960 1500 1143 1551 plerisque
1176 1514 1254 1539 cum
1289 1501 1481 1540 Herodoto

825 1558 1013 1603 convenit3
1042 1570 1132 1594 unus
1148 1558 1210 1606 qui
1232 1558 1390 1595 discedit
1407 1558 1485 1595 Xe-

825 1613 986 1664 nophon.
1005 1612 1175 1651 Hellenn.
1194 1613 1258 1660 IV,
1289 1615 1327 1661 8,
1360 1614 1386 1655 5
1410 1617 1484 1650 octo

825 1681 965 1720 ponens
986 1670 1122 1716 stadia,
1151 1670 1180 1705 is
1200 1670 1378 1720 spatium,
1408 1683 1482 1719 quo

826 1726 958 1773 urbes,
995 1738 1070 1762 non
1096 1738 1168 1774 quo
1191 1726 1306 1763 maria
1335 1726 1487 1772 distant,

827 1783 1005 1820 indicasse
1028 1782 1179 1819 videtur.
1229 1781 1313 1819 Duo
1340 1786 1483 1820 tantum

827 1839 944 1876 stadia
964 1842 1140 1876 memorat
1159 1837 1285 1887 Polyb.
1308 1838 1408 1886 XVI,
1431 1836 1482 1885 43

827 1895 895 1933 nisi
930 1895 1102 1933 mendum
1143 1895 1180 1931 in
1216 1895 1295 1932 loco
1343 1896 1480 1933 subest.

827 1951 908 1990 Nec
935 1951 1051 2000 magis
1072 1951 1289 1989 recentiores
1308 1952 1376 1989 sibi
1394 1964 1482 1989 con-

828 2012 949 2055 stant,
999 2009 1092 2046 inter
1126 2020 1218 2056 quos
1249 2007 1484 2046 Lechevalier

828 2070 941 2114 atque
963 2064 1084 2102 Kruse
1115 2063 1227 2100 decem
1253 2065 1373 2102 stadia
1394 2063 1486 2102 Hel-

829 2120 1034 2171 lespontum
1067 2134 1107 2158 re
1137 2133 1223 2158 vera
1246 2134 1342 2158 nunc
1370 2133 1487 2170 angu-

830 2182 927 2214 stum
957 2189 1037 2214 esse
1065 2177 1216 2223 dicunt,
1253 2177 1488 2214 Herodotum

829 2246 901 2270 una
952 2245 1030 2270 cum
1073 2232 1220 2281 reliquis
1256 2233 1489 2283 scriptoribus

831 2289 971 2340 lapsum
1015 2301 1095 2327 esse
1145 2289 1390 2327 existimantes
1431 2290 1489 2327 vel

831 2347 929 2396 ipsas
949 2345 1056 2382 maris
1075 2345 1263 2394 angustias
1282 2350 1489 2397 temporum

834 2403 987 2439 decursu
1008 2401 1183 2452 paulatim
1202 2408 1372 2440 extensas
1395 2414 1487 2440 esse.

832 2459 918 2496 Vid.
940 2458 1062 2496 Kruse
1087 2458 1109 2495 l.
1141 2457 1163 2495 l.
1193 2470 1282 2508 pag.
1303 2459 1353 2500 51
1383 2471 1487 2508 seqq.

834 2517 888 2555 72
916 2527 1018 2565 seqq.
1046 2517 1099 2556 77
1133 2527 1210 2563 seq.
1243 2518 1333 2556 120.
1376 2515 1489 2553 Unde

832 2572 1063 2610 retractanda
1082 2575 1189 2609 erunt
1201 2571 1488 2620 quodammodo,

834 2640 927 2677 quae
944 2628 1042 2679 apud
1060 2627 1224 2676 Breiger.
1248 2627 1271 2665 l.
1293 2627 1316 2664 l.
1335 2639 1420 2679 pag
1434 2626 1488 2666 24

834 2684 887 2725 25
909 2684 1087 2734 leguntur.

892 2742 1018 2792 μῆκος
1038 2737 1081 2779 δὲ
1099 2734 1390 2789 τετρακοσίους]
1417 2735 1488 2772 De-

837 2809 905 2834 cem
956 2795 1036 2833 hinc
1081 2795 1286 2833 efficiuntur
1324 2791 1489 2830 milliaria
