1863 3256
241 279 325 320 652
393 277 722 316 EXCURSUS
752 277 800 314 lv
832 276 907 315 AD
937 273 1259 314 HERODOT.
1290 273 1360 321 111,
1395 273 1485 315 115.

186 395 281 428 teres
307 389 542 440 appellabant
567 394 750 437 stannum,
785 387 1027 432 recentiores,
1067 391 1105 422 ut
1125 390 1250 422 monet
1270 385 1492 422 Beckmann.
1520 383 1543 421 l.
1563 384 1586 421 l.
1604 397 1690 434 pag.

186 459 291 504 321,
320 457 443 503 lVerk5
472 471 689 508 quamquam
719 456 776 493 vel
806 453 1006 501 antiquitus
1036 456 1199 488 stannum
1232 452 1388 490 subinde
1415 453 1485 489 dici
1518 451 1692 489 Nostrum

190 525 290 562 Zinn
310 525 368 564 vel
397 525 504 563 aliam
531 526 715 576 quandam
738 520 1021 572 splendidiorem
1044 519 1180 557 metalli
1200 521 1411 566 mixturam,
1441 519 1573 556 Linkio
1592 519 1692 556 vide·

189 597 250 630 tur
279 593 468 644 probabile
500 592 522 629 l.
552 594 573 628 l.
601 605 637 641 p.
663 592 757 629 266.
817 587 992 626 Nostrum
1020 586 1106 625 Blez‘
1129 589 1286 626 Romani
1319 588 1490 626 dicebant
1513 587 1693 637 plumbum

187 662 348 709 nigrum,
378 661 507 698 eodem
530 661 746 696 observante
768 655 876 693 Link.

299 727 358 766 De
394 729 473 777 ipsa
506 738 593 762 voce
622 724 850 776 κασσίτερος
889 723 1040 772 eiusque
1078 727 1202 773 etymo
1239 724 1482 762 diversimode
1513 727 1691 761 statuunt.

188 794 284 834 Nam
305 808 348 832 ex
370 795 471 831 India
491 798 532 830 ut
558 792 743 830 metallum
767 793 819 829 ita
843 803 975 828 nomen
995 803 1141 840 quoque
1160 791 1236 829 eius
1253 796 1338 829 sunt
1362 793 1425 841 qui
1445 792 1594 829 ductum
1611 804 1692 830 esse

187 864 431 908 contendant,
455 860 723 898 Sanscridanae
743 860 889 908 linguae
912 859 1106 896 afferentes
1133 870 1258 895 vocem
1287 861 1414 904 tirum,
1453 873 1548 910 quae
1569 859 1692 911 plum-

189 931 274 968 bum
293 929 490 978 significet,
518 931 582 965 aut
602 928 651 964 ad
669 927 823 964 insulam
843 927 1003 964 Indicam
1028 926 1151 962 caslala
1176 930 1426 975 provocantes
1458 927 1563 971 Quae
1583 940 1692 976 quam

186 998 326 1034 incerta
344 997 442 1043 sint,
472 996 588 1044 quivis
608 999 741 1045 sponte
764 994 942 1042 intelligit.
972 995 1080 1031 Conf.
1097 992 1207 1030 Link.
1233 993 1254 1030 l.
1277 993 1300 1031 l.
1323 1007 1360 1044 p.
1381 994 1475 1036 265.
1522 994 1555 1030 Ε
1574 994 1695 1032 Phoe·

185 1065 305 1101 nicum
327 1064 449 1113 lingua
468 1076 593 1101 vocem
617 1069 782 1113 repetere
798 1064 936 1099 mavult
955 1062 1125 1099 Bochart.
1145 1063 1183 1098 in
1203 1061 1370 1099 Canaan.
1388 1061 1404 1099 Ι
1425 1075 1506 1113 cap.
1529 1064 1582 1103 39
1613 1076 1693 1100 cum

185 1132 329 1169 Graeca
357 1144 427 1169 vox
445 1131 668 1168 Chaldaicae
689 1143 718 1167 s.
736 1129 915 1168 Arabicae
949 1131 1027 1167 voci
1058 1129 1179 1167 similis
1210 1133 1328 1167 sonet.
1386 1128 1484 1167 Nam
1507 1142 1574 1181 pro
1602 1124 1692 1169 ¹7³7:

183 1199 253 1247 (IV
271 1199 367 1238 Mos.
388 1198 526 1247 XXXI,
547 1200 620 1247 22)
640 1199 678 1235 in
699 1198 753 1235 his
774 1197 936 1235 dialectis
957 1198 1107 1248 reperiri
1120 1197 1292 1244 Kastira,
1322 1196 1475 1235 Kistara
1494 1201 1531 1236 et
1544 1196 1694 1248 Kasd2·r,

183 1268 354 1318 adeoque
374 1267 616 1311 Kastiterion,·
654 1266 743 1313 nisi,
772 1278 866 1315 quae
884 1265 1027 1315 Vogelii
1050 1269 1105 1303 est
1122 1266 1305 1302 sententia
1325 1279 1361 1316 p.
1383 1269 1462 1307 109
1487 1266 1508 1302 l.
1532 1265 1555 1304 l.
1567 1295 1579 1313 ,
1624 1266 1693 1305 hae

182 1336 288 1386 ipsae
320 1349 430 1374 voces
468 1335 614 1374 serioris
650 1336 723 1371 sint
749 1334 901 1380 aetatis,
959 1334 1007 1370 ad
1036 1333 1216 1371 Graecum
1255 1332 1469 1371 vocabulum
1504 1334 1692 1374 confictae.

184 1403 429 1442 Nihilominus
450 1403 494 1441 A.
519 1403 567 1440 G.
584 1401 762 1451 Schlegel.
786 1401 946 1448 (Indien.
976 1400 1142 1438 Berliner
1160 1401 1424 1439 Taschenbuch
1451 1404 1559 1444 1829
1579 1416 1618 1454 p.
1645 1405 1692 1452 8)

184 1484 317 1509 nomen
352 1471 581 1522 κασσίτερος
603 1483 684 1507 cum
708 1469 955 1506 Sanscridana
979 1481 1066 1506 voce
1085 1467 1235 1506 Kasara
1257 1469 1449 1507 convenire
1471 1470 1541 1516 ait3
1581 1471 1633 1508 ita
1652 1477 1693 1509 ut

185 1539 338 1576 forsitan
358 1539 559 1577 Phoenices
579 1539 648 1575 hoc
666 1536 846 1575 metallum
866 1536 964 1586 prius
994 1549 1038 1573 ex
1056 1537 1161 1573 India
1181 1549 1291 1586 quam
1315 1549 1360 1574 ex
1378 1537 1568 1575 Britannia
1586 1551 1692 1590 repe-

185 1607 321 1644 tierint.
377 1607 487 1650 Quod
519 1607 606 1643 mihi
634 1606 783 1654 quidem
812 1616 886 1641 non
914 1604 1097 1654 persuasit
1118 1605 1171 1640 vir
1192 1605 1332 1642 doctus.
1390 1604 1441 1641 Et
1463 1604 1588 1643 bacin
1609 1619 1694 1644 sen·

186 1675 301 1712 tentia
331 1674 508 1721 dicenda,
553 1678 595 1710 ut
622 1673 762 1709 monuit
792 1671 823 1708 C
830 1685 882 1718 π,
913 1684 1040 1722 parum
1067 1672 1134 1708 sibi
1162 1672 1280 1722 ipsum
1305 1676 1475 1711 constare
1497 1673 1630 1713 iudicat
1646 1673 1689 1713 A.

182 1742 329 1792 Benary
348 1742 385 1779 in
406 1740 540 1779 Berlin.
560 1740 709 1778 Jahrbb.
732 1740 768 1777 d.
793 1739 1000 1777 wissensch.
1021 1740 1143 1777 Kritik
1172 1742 1275 1780 1831
1298 1753 1334 1791 p.
1355 1740 1448 1782 759.

1786 342 1791 373 ἔ
