1946 3272
451 266 507 306 44
848 263 1318 303 HERODOTI

451 372 498 416 δέ
527 388 647 423 τινας
675 372 749 417 καὶ
777 376 939 416 ταῦτα·
990 374 1157 429 σίτησιν
1177 373 1222 416 δὲ
1247 370 1358 415 εἶναι
1379 373 1484 426 κρέα
1507 387 1550 415 τε
1581 371 1719 428 ἑφθά·

422 444 526 486 Ξκαὶ
558 441 700 499 πόμα,
739 442 864 499 γάλα.
907 442 1069 500 θώυμα
1098 444 1144 487 δὲ
1174 444 1447 498 ποιευμένων
1475 448 1564 487 τῶν
1595 461 1720 488 κατα-

450 514 630 558 σκόπων
660 515 756 569 περὶ
786 519 874 558 τῶν
904 514 1055 564 ἐτέων,
1086 514 1154 557 ἐπὶ
1172 515 1339 570 κρήνην
1359 526 1439 570 σφι
1457 513 1718 573 ἡγήσασθαι,

451 584 529 628 ἀπ’
559 579 610 642 ἧς
639 584 902 641 λουόμενοι,
939 583 1232 640 λιπαρώτεροι
1271 585 1489 641 ἐγίνοντο,
1527 585 1777 643 κατάπερΞΟ

451 762 605 812 σίτησιν
643 758 686 800 δὲ
729 756 831 799 εἶναι
877 757 973 809 κρέα
1016 773 1057 798 τε

394 813 518 867 ἑφθά·
549 817 616 857 καὶ
638 813 750 867 πόμα
769 832 804 854 κ.
826 831 859 854 τ.
882 815 932 866 λ.]
959 829 1006 854 τε
1035 829 1056 854 e

393 875 576 912 Sancrofti
620 874 711 910 libro
767 877 805 910 et
852 872 1055 910 Bodleiano

393 931 503 972 2935
536 929 671 967 delevit
703 929 837 974 Gaisf.,
871 942 979 977 quem
998 941 1057 966 se·-

392 988 515 1037 quitur
535 986 669 1023 Matth.
707 984 854 1033 Reliqui
883 985 966 1021 libri
999 989 1056 1021 te-

392 1048 503 1090 nent,
535 1055 690 1092 quorum
710 1041 963 1078 auctoritatem
987 1053 1054 1077 nos

392 1112 516 1136 sumus
546 1099 682 1145 secuti,
726 1098 777 1134 ita
806 1101 848 1134 ut
883 1111 949 1148 per
988 1111 1055 1135 τε·

391 1154 461 1194 καὶ
502 1155 537 1192 11.
580 1155 603 1192 Ι.
652 1154 806 1204 σίτησιν
855 1159 894 1190 et
943 1148 1054 1203 πόμα

391 1212 493 1261 iungi
519 1212 771 1248 existimemus.
820 1210 931 1254 Quod
959 1211 1053 1247 enim

391 1268 596 1317 Schweigh.
636 1268 839 1318 suspicatur
877 1267 1054 1304 excidisse

391 1324 549 1374 aliquid,
600 1337 643 1361 ex
680 1336 759 1373 cap.
803 1324 856 1362 97
897 1324 1054 1360 fortasse

391 1380 658 1431 supplendum,
692 1384 755 1416 aut
777 1377 872 1430 κρέα
893 1393 933 1418 τε
952 1375 1054 1418 ὀπτὰ

390 1436 458 1476 καὶ
481 1433 592 1486 ἑφθοὶ
620 1436 874 1482 scribendum,
913 1436 952 1472 id
980 1436 1054 1473 mi-

389 1494 488 1531 nime
510 1493 755 1531 necessarium
779 1492 885 1528 nobis
905 1505 985 1530 esse
1000 1493 1054 1529 vi-

390 1551 517 1596 detur;
545 1562 614 1587 nec
637 1550 754 1598 magis
777 1548 897 1598 placet
915 1549 1054 1586 Schae-

390 1607 458 1644 seri
485 1606 694 1644 emendatio
721 1603 887 1656 κρέατας
916 1606 1054 1655 quippe

390 1675 500 1713 quam
521 1664 675 1699 formam
695 1661 888 1699 Herodoto
914 1662 1055 1698 abiudi-

390 1719 546 1757 candam
583 1731 782 1756 censemus.
812 1739 861 1744 -
901 1717 959 1754 Ad
991 1729 1052 1754 ar-

389 1780 600 1825 gumentum
617 1775 716 1823 quod
740 1775 887 1821 attinet,
928 1775 1054 1811 obser-

388 1836 452 1869 vat
470 1830 679 1868 Maltebrun
698 1830 719 1867 Ι.
741 1829 764 1868 Ι.
795 1830 850 1867 lac
877 1834 916 1867 et
942 1830 1053 1868 boum

389 1901 535 1926 carnem
555 1888 743 1934 siccatam,
774 1887 906 1936 quibus
930 1887 1054 1923 fruan-

389 1949 446 1981 tur
476 1943 676 1990 Macrobii,
713 1943 831 1980 adhuc
863 1955 1054 1980 commune

389 2013 472 2037 esse
484 1999 694 2036 alimentum
716 1998 914 2036 incolarum
933 2000 1053 2047 regio-

392 2056 448 2093 nis
471 2056 648 2092 Sennaar.
697 2055 755 2092 De
782 2067 890 2092 carne
922 2055 1054 2092 siccata

389 2112 484 2149 conf.
505 2116 594 2148 nott.
618 2111 666 2147 ad
685 2110 747 2157 ΙΙΙ,
770 2113 833 2151 18.

446 2166 511 2206 ἐπὶ
533 2162 689 2218 κρήνην
710 2178 783 2215 σφι
800 2161 1049 2217 ἡγήσασθαι]

388 2223 446 2262 De
475 2223 544 2260 hoc
574 2225 674 2261 sonte
705 2224 800 2260 hunc
832 2224 868 2259 in
902 2224 1051 2260 modum

389 2280 487 2317 Mela
501 2279 561 2326 ΙΙΙ,
581 2282 604 2319 9
625 2281 701 2316 init.
735 2280 829 2326 „Est
847 2279 957 2326 lacus,
979 2292 1051 2329 quo

387 2337 535 2387 perfusa
552 2349 705 2386 corpora
719 2337 821 2385 qnasi
840 2341 950 2373 uncta
968 2350 1051 2386 per-

388 2393 517 2429 nitent.
567 2393 708 2429 Bibitur
730 2393 848 2437 idern3
879 2393 971 2429 adeo
997 2397 1052 2429 est

387 2449 545 2498 liquidus
571 2454 607 2485 et
637 2449 685 2484 ad
713 2449 926 2485 sustinenda
955 2461 1050 2497 quae

387 2505 551 2541 incidunt
579 2509 639 2541 aut
672 2505 915 2541 immittuntur
951 2504 1052 2540 infir-

386 2574 490 2606 mus,
533 2565 572 2596 ut
605 2560 689 2596 solia
727 2561 836 2598 etiam
877 2561 1049 2610 proximis

387 2617 510 2654 decisa
532 2617 742 2663 frondibus,
785 2630 857 2652 non
879 2617 1050 2652 innatan-

387 2673 438 2710 tia
468 2674 583 2719 serat,
632 2674 698 2710 sed
728 2685 873 2722 pessum
903 2673 1047 2722 penitus

385 2730 575 2779 accipiat.“
618 2729 779 2766 Virtutes
811 2729 917 2765 miras
945 2728 1048 2764 huius

387 2787 498 2823 sontis
515 2786 613 2835 quod
632 2786 776 2832 attinet,
804 2785 928 2821 laudat
942 2785 1048 2822 Wes-

387 2842 516 2891 seling.
540 2842 707 2879 iudicium
729 2841 933 2886 Boerhavii,
964 2853 1048 2890 per-

387 2899 484 2937 docti
503 2899 645 2947 medici,
662 2899 698 2935 in
709 2897 905 2937 Elementt.
919 2897 1045 2935 Chcm.

1114 760 1129 797 1
1150 774 1186 811 p.
1199 759 1294 806 550,
1320 761 1383 810 qui
1402 773 1473 810 quo
1486 760 1667 798 Herodoti
1691 772 1776 797 nar-

1113 818 1291 854 rationem
1313 830 1433 855 veram
1453 830 1532 854 esse
1555 818 1709 867 probet,
1737 817 1775 853 in

1113 872 1181 909 illis
1213 873 1349 910 telluris
1378 873 1494 923 plagis
1522 873 1620 922 ligna
1650 873 1775 910 baberi

1111 933 1218 979 putat
1228 930 1548 979 ponderosissima,
1571 941 1665 978 quae
1677 940 1781 978 aqua

1112 986 1207 1023 ferre
1237 990 1407 1034 nequeat.
1459 986 1687 1029 Quibuscum
1717 990 1775 1022 ta-

1112 1054 1195 1079 men
1224 1054 1299 1078 non
1323 1047 1529 1090 congruunt
1551 1042 1633 1091 ipsa
1655 1042 1775 1079 Hero-

1112 1098 1190 1135 doti
1210 1098 1341 1135 verba:
1381 1093 1479 1147 μήτε
1508 1099 1588 1135 τῶν
1615 1093 1689 1136 ὅσα
1707 1092 1777 1144 ξύ-

1111 1156 1183 1193 λου
1212 1153 1293 1193 ἐστὶ
1329 1149 1591 1204 ἐλαφρότερα,·
1637 1154 1776 1203 quippe
1846 1170 1859 1175 s

1110 1224 1218 1260 quem
1241 1211 1358 1260 ipsum
1380 1211 1426 1247 de
1443 1210 1509 1247 hac
1531 1223 1570 1247 re
1588 1210 1776 1247 dubitasse

1113 1268 1202 1304 satis
1229 1272 1436 1303 monstrant
1468 1267 1596 1303 verba:
1641 1265 1679 1304 εἴ
1702 1278 1775 1315 σφι

1111 1322 1192 1362 ἔστι
1217 1319 1401 1373 ἀληθέως
1430 1318 1520 1361 οἷόν
1546 1337 1586 1361 τε
1612 1321 1773 1373 λέγεται.

1110 1380 1168 1418 De
1195 1379 1291 1426 Sila,
1327 1379 1451 1416 Indico
1480 1379 1616 1426 ssuvio,
1657 1378 1774 1416 simile

1110 1437 1200 1485 quid
1228 1449 1271 1472 ex
1292 1435 1533 1485 Megasthene
1567 1436 1677 1472 refert
1708 1435 1775 1471 Ar-

1110 1493 1200 1529 rian.
1231 1492 1334 1529 lndd.
1356 1493 1419 1537 ΥΙ,
1437 1493 1476 1539 4,
1509 1496 1661 1528 notante
1679 1490 1774 1528 Lar-

1110 1549 1233 1588 chero.
1273 1549 1326 1585 Ac
1355 1548 1460 1598 plura
1488 1548 1661 1585 retulerat
1685 1549 1773 1586 Cte-

1109 1606 1202 1651 sias,
1241 1605 1341 1642 cuius
1370 1604 1506 1641 consul.
1538 1605 1703 1653 fragmm.
1736 1617 1772 1654 p.

1111 1663 1191 1701 369
1220 1674 1320 1710 seq.,
1363 1662 1410 1698 de
1438 1661 1561 1707 fonte,
1601 1660 1656 1697 cui
1685 1660 1775 1697 nihil

1110 1718 1275 1764 innatet,
1306 1717 1374 1755 sed
1393 1717 1514 1753 omnia
1537 1717 1776 1765 submergan-

1110 1779 1191 1820 tur,
1222 1775 1269 1810 ob
1298 1786 1430 1823 aquam
1455 1773 1614 1809 omnium
1634 1772 1775 1810 levissi-

1110 1843 1229 1877 mam,
1275 1834 1317 1867 ut
1347 1833 1451 1880 putat
1468 1829 1597 1867 Beckn
1609 1841 1694 1867 ann.
1722 1829 1773 1866 ad

1110 1887 1284 1935 Antigon.
1314 1886 1447 1925 Carist.
1481 1899 1518 1936 p.
1545 1887 1650 1932 207,
1691 1886 1773 1933 nisi,

1111 1944 1212 1992 quod
1234 1943 1291 1978 vix
1320 1943 1488 1988 credam,
1526 1940 1658 1978 fabulis
1682 1941 1773 1979 haee

1111 1999 1258 2035 omnino
1273 2003 1378 2036 erunt
1392 1998 1643 2035 adscribenda.
1670 1997 1772 2035 Idem

1110 2056 1254 2092 Ctesias
1276 2054 1378 2091 lndd.
1397 2051 1434 2104 ἓ.
1455 2056 1509 2095 30
1531 2055 1669 2091 sontem
1685 2067 1773 2104 per·
1827 2092 1833 2100 ,

1109 2111 1208 2148 hibet
1230 2111 1266 2147 in
1290 2110 1393 2147 India
1415 2123 1513 2156 esse,
1544 2111 1629 2160 qui,
1658 2123 1773 2159 quae-

1109 2180 1254 2216 cunque
1284 2168 1417 2204 iniecta
1447 2167 1532 2213 sint,
1557 2167 1689 2214 eiiciat,
1710 2179 1774 2204 ex-

1108 2229 1216 2274 cepto
1229 2224 1338 2270 ferro,
1359 2229 1526 2272 argento,
1551 2236 1653 2270 aur0,
1674 2235 1773 2270 aere,

1108 2293 1201 2329 quae
1233 2280 1353 2316 omnia
1377 2281 1649 2329 immergantur.
1696 2279 1773 2316 Ubi

1106 2337 1331 2373 Beckmann.
1350 2338 1490 2384 cogitat
1509 2337 1554 2374 de
1569 2348 1665 2384 aqua
1685 2335 1772 2372 salis

1108 2394 1239 2439 divite,
1273 2393 1372 2429 cuius
1392 2394 1478 2430 inde
1499 2393 1659 2440 gravitas
1686 2405 1772 2442 spe-

1107 2450 1209 2486 cifica
1229 2450 1342 2485 maior
1365 2449 1471 2486 fuerit
1489 2451 1544 2495 ea,
1576 2461 1685 2497 quam
1705 2448 1771 2484 ha-

1108 2506 1221 2542 beant
1239 2518 1394 2553 corpora
1423 2505 1606 2541 hominum
1629 2508 1771 2540 cetero-

1106 2573 1258 2609 rumque
1270 2560 1490 2597 animalium.
1516 2560 1575 2597 Tu
1589 2560 1660 2595 vid.
1675 2563 1769 2597 nott.

1106 2618 1155 2653 ad
1175 2617 1321 2654 Ctesiae
1341 2616 1458 2653 locum
1480 2629 1564 2666 pag.
1585 2616 1667 2656 339
1689 2628 1768 2664 seq.

1163 2667 1336 2723 κατάπερ
1357 2672 1391 2710 εἰ
1408 2671 1542 2711 ἐλαίου
1563 2670 1642 2721 εἴη]
1681 2671 1768 2709 Plu-

1105 2742 1163 2766 res
1187 2729 1284 2778 apud
1312 2734 1453 2766 veteres
1483 2740 1768 2765 commemoran-

1104 2789 1162 2822 tur
1193 2785 1263 2822 olei
1290 2785 1429 2831 sontes,
1471 2785 1517 2821 de
1538 2785 1668 2833 quibus
1694 2784 1768 2821 dixi

1104 2842 1151 2878 ad
1173 2841 1321 2878 Ctesiae
1350 2842 1467 2890 sragg.
1494 2840 1620 2890 (lndd.
1643 2839 1679 2892 ἓ.
1702 2843 1765 2881 11.

1103 2899 1178 2945 32)
1204 2910 1289 2949 pag.
1313 2898 1407 2939 346.
1440 2897 1534 2940 347.
1562 2899 1642 2939 289
1660 2909 1765 2946 seqq.

1924 1325 1929 1354 ›—-
1921 1074 1933 1292 ’,φὴ-..ι
1924 862 1935 1061 ·-2.—..-—=-.--.
1931 830 1933 847 -.
1931 816 1933 820 .
