1863 3256
492 118 1060 161 MELPOMENE.
1121 119 1181 156 lv.

1392 125 1471 164 3⁴1

199 235 480 290 καταβαίνειν
521 231 589 275 ἐπὶ
631 229 709 274 τόν
748 228 924 284 Μηλιέα
963 225 1153 277 κόλπον,
1197 228 1273 270 καὶ
1319 230 1474 272 διαπο-

198 303 408 359 ρεύεσθαι
443 304 486 353 ἐς
516 301 738 357 Εὔβοιαν·
787 297 918 342 πόλιν
953 313 999 341 τε
1036 296 1080 348 ἐς
1109 294 1241 340 πόλιν
1276 298 1472 354 πέμπειν,

195 375 319 432 μέχρι
348 373 607 429 Καρύστου·
659 371 708 415 vd
740 369 780 414 δ’
814 369 901 413 οἷπό
932 369 1114 426 ταύτης,
1159 368 1350 412 ἐκλιπεῖν
1369 369 1532 411 ''Av-70

196 450 329 500 δρον·

389 445 668 499 Καρυστίους
706 441 792 497 γὰρ
834 439 947 484 εἶναι
988 439 1096 491 τούς
1134 441 1391 495 κομίζοντας
1433 440 1475 491 ἐς

165 521 369 572 3Τῆνον·
426 515 617 569 Τηνίους
656 514 724 564 δὲ,
765 513 807 564 ἐς
843 515 1008 568 Δῆλον.
1071 510 1357 556 ἀπικνέεσθαι
1393 510 1474 568 μέν

193 603 278 631 νυν
306 588 444 628 ταῦτα
473 584 527 627 τοὶ
559 583 633 637 ἱροὶ
665 583 781 627 οὕτω
813 582 990 638 λέγουσι
1020 583 1064 634 ἐς
1084 587 1250 640 Δῆλον.
1292 588 1473 637 πρῶτον

194 658 241 702 δὲ
270 655 374 707 τούς
396 655 713 710 Ὑπερβορέους
748 654 916 710 πέμψαι
945 654 1172 710 φερούσας
1200 655 1253 699 τά
1282 653 1356 710 ἱρὰ
1387 652 1472 697 δύο

193 728 353 783 κόρας,
396 725 474 777 τὰς
502 723 804 781 οὐνομάζουσι
832 725 992 782 Δήλιοι
1022 723 1133 769 εἶναι
1156 725 1400 783 Ὑπερόχην
1426 741 1471 769 τε

190 800 265 844 καὶ
304 799 548 855 Λαοδίκην·

132 952 312 1003 ceperint,
345 963 454 989 nemo
478 951 696 997 mirabitur,
739 951 801 1000 qui

133 1014 171 1048 et
192 1010 300 1046 situm
319 1007 504 1045 Dodonae
524 1012 563 1045 et
580 1007 648 1045 loci
667 1008 802 1044 sancti-

133 1070 247 1104 tatem
264 1068 560 1114 vetustatemque
578 1065 801 1115 respexerit,

133 1124 181 1161 de
200 1136 273 1172 quo
293 1121 365 1160 vid.
384 1121 527 1159 Herod.
556 1120 613 1166 ΙΙ,
650 1122 715 1162 52.
745 1120 799 1162 56

133 1181 259 1228 ibique
288 1181 383 1214 nott.
443 1176 477 1213 A
504 1177 665 1214 Dodona
684 1176 800 1226 Apol-

131 1235 214 1272 linis
241 1234 436 1283 religiones
458 1233 590 1271 Delum
613 1233 799 1284 Delphos-

131 1305 202 1342 que
224 1304 305 1329 esse
319 1295 568 1341 propagatas,
609 1291 798 1327 Creuzero

131 1347 315 1398 (Symbol.
340 1347 388 1384 lv
410 1361 446 1397 p.
473 1349 553 1388 160
579 1348 680 1396 seq.)
704 1360 799 1397 quo-

131 1405 328 1443 dammodo
356 1404 439 1441 hinc
460 1404 577 1453 colligi
608 1417 718 1454 posse
744 1404 796 1440 vi-

131 1463 250 1500 detur.
291 1461 376 1505 Quo
406 1461 524 1498 minus
553 1461 680 1498 faciam
713 1475 795 1498 cum

130 1519 298 1556 Viilcker.
313 1518 432 1567 Myth.
455 1518 594 1567 Geogr.
616 1517 629 1554 Ι
648 1531 685 1569 p.
703 1521 796 1565 169,

129 1575 312 1621 Dodona,
344 1575 444 1623 quod
474 1575 530 1611 hic
562 1579 796 1622 memoretur,

130 1636 375 1670 commentum
409 1644 488 1668 esse
528 1632 706 1668 statuenti
737 1645 796 1668 sa-

129 1691 318 1727 cerdotum
339 1688 386 1725 ad
415 1689 710 1726 coniunctionem
726 1701 796 1725 sa-

129 1759 295 1795 crorum,
336 1758 431 1794 quae
461 1744 666 1792 Dodonae,
705 1745 795 1782 Del-

128 1803 210 1854 phis
239 1807 276 1840 et
296 1802 378 1839 Deli
400 1803 553 1849 suerint,
594 1802 793 1851 pertinens,

179 1858 438 1910 καταβαίνειν
457 1857 522 1897 ἐπὶ
542 1855 609 1897 τὸν
630 1857 793 1908 Μηλιέα

126 1913 292 1966 κόλπον]
342 1915 484 1952 Eadem
512 1915 722 1952 Callimach.
753 1916 791 1952 in

125 1973 208 2012 Del.
230 1975 313 2014 287
335 1985 412 2021 seq.
459 1971 655 2010 Meliacum
675 1973 792 2011 sinum

127 2030 297 2079 intelligit
318 2043 338 2067 e
356 2029 509 2078 regione
528 2029 705 2067 Euboeae
730 2043 791 2067 se-

126 2086 403 2138 ptentrionalis,
451 2099 559 2135 quem
599 2099 697 2124 nunc
727 2100 792 2122 vo-

126 2148 210 2181 cant
236 2144 384 2181 Zeitun.
437 2143 497 2181 De
532 2156 605 2192 quo
642 2147 792 2194 praeter

126 2201 300 2238 Strabon.
330 2201 382 2237 IX
407 2213 443 2251 p
470 2202 553 2241 426
581 2214 609 2237 s
642 2200 718 2240 651
747 2200 792 2237 C.

126 2258 164 2295 et
185 2258 277 2296 Plin.
289 2259 340 2297 H.
354 2257 403 2294 Ν.
424 2257 488 2303 1V,
513 2260 564 2297 12
582 2257 675 2308 (12)
693 2258 790 2294 conf.

126 2313 296 2366 Aeschyl.
327 2314 428 2351 Pers.
460 2314 544 2354 486
582 2313 685 2362 (459
714 2314 792 2351 Bo-

127 2371 231 2420 the.).
282 2370 456 2422 Sophocl.
484 2370 618 2407 Trach.
653 2370 735 2412 646
759 2384 788 2408 s·

128 2429 210 2468 638
238 2427 317 2466 coll.
350 2429 429 2469 195
463 2432 499 2465 et
519 2427 673 2464 Philoct.
694 2426 789 2468 741.

128 2483 339 2522 Lamiacum
364 2484 482 2521 sinum
501 2488 610 2521 vocat
630 2484 790 2522 Pausan.

129 2541 157 2586 l,
174 2541 200 2581 4
232 2539 268 2591 ἓ.
288 2543 326 2582 3.
376 2541 487 2591 Apud
506 2541 647 2579 Aelian.
667 2541 713 2578 V.
738 2541 789 2578 H.

126 2597 191 2643 ΙΙΙ,
212 2600 231 2637 1
262 2596 452 2634 Mecienses
475 2602 712 2636 recensentur
735 2598 791 2635 in-

127 2658 183 2692 ter
201 2665 263 2690 eas
285 2657 429 2701 gentes,
449 2668 516 2704 per
534 2667 625 2704 quas
645 2655 714 2692 iter
731 2656 788 2692 fa-

127 2711 272 2749 ciebant
293 2710 515 2759 Delphorum
534 2711 638 2761 pueri
660 2712 709 2748 ad
730 2724 789 2748 sa-

127 2781 186 2805 era
212 2766 392 2817 Apollinis
427 2780 542 2818 prope
571 2767 788 2806 Thessalica

618 796 709 853 ἅμα
750 797 797 841 δὲ
837 795 997 854 αὐτῇσι
1041 795 1259 855 ἄσφαλίης
1307 798 1527 840 εἴνεκεν75

860 950 1004 1000 Tempe
1027 951 1209 989 obeunda.
1241 970 1293 978 ——
1335 949 1425 987 Mox
1444 960 1525 986 cum

857 1007 1062 1056 Schweigh.
1091 1012 1128 1046 et
1144 1008 1260 1044 Gaisf.
1288 1006 1416 1056 scripsi
1454 999 1526 1044 πό-

858 1066 922 1101 λιν
950 1077 996 1102 τε
1026 1063 1066 1110 ἐς
1094 1059 1209 1103 πόλιν
1236 1061 1431 1113 πέμπειν,
1463 1062 1525 1098 ubi

857 1120 967 1168 vulgo
990 1117 1063 1167 δε,
1094 1120 1196 1170 quod
1217 1120 1368 1156 retinuit
1388 1118 1523 1156 Matth.

928 1175 1104 1215 ἐκλιπεῖν
1144 1174 1345 1227 ’Ἀιιδρον]
1417 1175 1525 1219 Quae

855 1232 1030 1271 Reiskius
1070 1234 1121 1270 sic
1164 1233 1317 1282 intelligi
1347 1231 1444 1279 vult,
1483 1235 1525 1268 ut

854 1289 1019 1326 Andrum
1053 1303 1156 1327 sacra
1184 1303 1260 1327 non
1284 1290 1357 1326 sint
1385 1287 1523 1335 delata,

854 1348 921 1384 sed
944 1347 1010 1384 haic
1031 1346 1146 1384 insule}
1166 1346 1295 1396 (quam
1306 1376 1320 1393 ,
1349 1359 1370 1384 e
1387 1345 1521 1393 Cycla-

854 1404 961 1440 dibus
980 1416 1089 1441 unam
1103 1433 1113 1451 ,
1153 1403 1345 1441 Euboeam
1368 1403 1466 1439 inter
1485 1406 1522 1439 et

854 1460 999 1498 Naxum
1024 1461 1147 1507 sitam,
1182 1474 1278 1498 nunc
1293 1462 1427 1497 vocant
1446 1459 1521 1495 An-

855 1518 937 1565 dro)
956 1518 1160 1568 praeterit&
1173 1547 1184 1564 ,
1224 1521 1326 1555 recto
1347 1518 1478 1554 itinere
1499 1529 1522 1553 a

857 1573 1009 1624 Carysto
1030 1575 1153 1624 (quod
1174 1577 1230 1612 est
1252 1573 1429 1611 Euboeae
1452 1586 1520 1622 op-

853 1632 1003 1682 pidum,
1047 1631 1180 1669 eodem
1216 1630 1336 1668 adhuc
1371 1630 1519 1666 nomine

853 1688 1061 1737 cognitum)
1090 1689 1138 1725 ad
1168 1686 1304 1724 Tenum
1333 1685 1448 1737 (quae
1469 1686 1519 1723 ad

852 1744 1032 1795 Cycladas
1058 1745 1245 1794 pertinens
1267 1757 1363 1781 nunc
1389 1742 1518 1794 appel—

850 1801 946 1838 latur
986 1800 1094 1850 Teno)
1130 1802 1302 1847 advecta,
1351 1800 1516 1849 quamvis

851 1857 997 1895 Andrus
1019 1858 1074 1895 his
1098 1859 1245 1895 urbibus
1275 1861 1374 1896 esset
1393 1857 1517 1894 media

849 1915 1050 1953 interiecta.

908 1967 1179 2023 οὔνομ-ἄξουσι
1203 1991 1254 1998 -
1282 1966 1398 2020 εἶναι]
1457 1969 1516 2007 De

848 2029 1030 2066 infinitivo
1062 2024 1165 2067 εἶναι
1201 2027 1276 2064 vid.
1310 2028 1514 2064 Hermann.

849 2087 898 2123 ad
914 2087 1037 2135 Viget.
1057 2099 1142 2136 pag.
1162 2085 1257 2126 750.
1288 2084 1424 2122 Matth.
1448 2083 1514 2120 Gr.

850 2141 886 2194 ᾗ.
913 2142 996 2184 420
1015 2156 1101 2193 pag.
1122 2144 1205 2183 768
1226 2154 1304 2191 seq.

902 2195 1126 2251 Ὑπερόχην
1143 2212 1183 2236 τε
1199 2196 1267 2236 καὶ
1284 2194 1512 2247 Λαοδίκην]

847 2256 1038 2306 Virginuin
1082 2256 1230 2293 nomina
1272 2255 1372 2291 haud
1412 2254 1515 2290 novit

847 2313 948 2351 Mela
971 2313 1035 2359 Ill⁷
1056 2312 1096 2359 5,
1116 2313 1183 2360 15,
1212 2325 1281 2349 nec
1302 2311 1441 2348 Plinius
1463 2310 1512 2347 H.

847 2369 895 2408 N.
914 2370 978 2417 IV,
1003 2372 1054 2410 12
1073 2368 1179 2419 (26).
1212 2368 1320 2413 Quae
1339 2367 1512 2405 Clemens

847 2426 1042 2464 Alexandr.
1071 2427 1184 2464 habet
1203 2426 1239 2462 in
1260 2425 1445 2475 Protrept.
1463 2423 1513 2461 T.

850 2484 860 2520 l
874 2498 908 2535 p.
922 2485 975 2525 39
990 2484 1103 2530 Pott.,
1115 2495 1159 2521 ea
1169 2495 1213 2520 ex
1224 2483 1305 2533 ipso
1317 2481 1512 2519 Herodoto

847 2541 959 2578 ducta
976 2553 1056 2579 esse
1083 2540 1182 2578 haud
1197 2539 1327 2577 iniuria
1348 2542 1512 2575 statuere

846 2598 991 2635 videtur
1012 2597 1213 2647 Spanhem.
1231 2597 1280 2633 ad
1297 2593 1510 2632 Callimach.

846 2655 883 2692 in
901 2654 984 2693 Del.
1005 2656 1101 2694 292.
1156 2652 1283 2690 Altero
1306 2651 1411 2697 loco,
1448 2649 1509 2685 ubi

845 2711 987 2750 Noster
1008 2711 1073 2748 has
1103 2710 1262 2759 virgines
1288 2718 1508 2745 commemo-

845 2772 901 2805 rat
921 2768 986 2815 lV,
1010 2767 1077 2813 35,
1106 2779 1174 2817 pro
1198 2763 1405 2813 Λαοδίκης
1426 2761 1508 2800 Me-
