1863 3256
471 218 555 257 22⁰
900 219 1370 258 HERODOTI

469 326 656 381 κρέοντα
684 327 762 371 τὸν
795 327 947 384 Τήϊον·
994 330 1067 371 καί
1096 345 1203 379 κως,
1242 327 1322 371 εἴτ’
1354 328 1398 371 ἐκ
1427 329 1637 383 προνοίης
1668 328 1739 372 αὐ-

470 397 549 442 τὸν
585 398 898 455 κατηλογέοντα
935 397 986 441 τοὶ
1026 397 1226 452 Ὀροίτεω
1264 399 1513 456 πρήγματα,
1555 400 1636 442 εἴτε
1666 400 1796 442 καὶ7ο

471 471 677 526 συντυχίη
706 486 770 520 τις
799 469 978 523 τοιαύτη
1007 467 1248 524 ἐπεγένετο·
1288 471 1364 514 τόν
1386 487 1429 513 τε
1461 469 1544 526 γὰρ
1567 468 1739 524 κήρυκα

467 539 547 584 τόν
574 540 772 595 Ὀροίτεω
804 538 1082 592 παρελθόντα
1112 541 1411 596 διαλέγεσθαι,
1441 542 1512 584 καὶ
1542 540 1620 584 τὸν
1652 544 1738 583 Πο-

469 611 702 666 λυκράτεα,
739 614 883 664 τυχεῖν
910 610 994 664 γὰρ
1026 611 1371 668 ἐπεστραμμένου
1399 613 1508 666 πρὸς
1537 611 1615 654 τὸν
1643 616 1739 654 τοῖ-

470 699 566 739 χον,
619 681 719 724 οὔτε
755 697 797 722 τι
833 686 1210 738 μεταστραφῆναι,
1262 683 1360 726 οὔτε
1397 682 1736 737 ὑποκρίνασθαι.

467 754 612 797 Αἰτίαι
651 751 730 806 μὲν
770 749 823 806 δὴ
864 745 991 795 αὗται
1031 753 1233 808 ὁιφάσιαι
1263 753 1463 809 λέγονται
1493 758 1572 797 τοῦ
1601 753 1795 797 θανά-75

469 839 549 866 του
587 825 667 865 τοῦ
698 821 1003 877 Πολυκράτεος
1038 825 1260 878 γενέσθαι·
1309 824 1486 878 πάρεστι
1521 825 1565 869 δὲ
1596 827 1737 869 πείθε-

443 899 580 937 Ξσθαι
609 892 791 951 ὁκοτέρῃ
820 910 884 945 τις
916 894 1116 950 βούλεται
1149 893 1329 939 αὐτέων.
1374 894 1423 938 Ὁ
1445 897 1497 951 δὴ
1518 891 1737 950 οἷνὈροί-

467 982 562 1022 της,
616 964 810 1020 ἱζόμενος
855 965 902 1009 ἐν
946 967 1181 1023 Μαγνησίῃ
1222 970 1276 1022 τῇ
1313 964 1424 1021 ’ὑπὲρ
1466 967 1734 1022 Μαιάνδρου

310 750 409 794 122

135 815 310 850 Polycrates
353 814 414 850 pri-

136 857 202 876 mus
229 848 413 876 Graecorum

136 883 278 922 temporis
319 882 364 909 hi
368 886 413 907 ῑο

136 917 190 942 rici
200 916 342 943 affectans
352 922 412 941 ma-

136 950 178 976 rin
234 950 410 984 imperium·

135 983 256 1011 ultimus
296 986 409 1018 tempo-

409 1154 535 1192 floruit
556 1157 680 1204 poeta,
696 1153 757 1203 qui
778 1153 963 1202 ingenium
982 1153 1073 1191 illius

410 1212 541 1248 durum
554 1215 631 1247 arte
653 1212 719 1247 suit
738 1211 858 1247 mitius
869 1210 1072 1248 reddidisse

407 1269 534 1305 fertur.
595 1267 680 1310 Quo
721 1271 865 1303 mortuo
907 1265 1072 1305 Athenas

407 1322 675 1361 Anacreontem
701 1322 884 1360 arcessivit
911 1324 1073 1374 Hippar-

407 1380 509 1427 chus,
522 1380 702 1416 Pisistrati
723 1379 828 1426 filius‚
843 1380 941 1429 apud
962 1393 1071 1429 quem

406 1450 481 1474 non
507 1436 637 1473 minori
660 1437 781 1473 floruit
802 1440 914 1486 poeta
943 1442 1071 1473 aucto-

408 1494 527 1539 ritate,
547 1493 768 1541 summisque
787 1492 984 1529 honoribus
1004 1493 1072 1530 suit

375 1582 378 1585 .
408 1555 569 1586 ornatus.
628 1550 705 1586 Sed
726 1549 815 1585 haee
836 1548 985 1586 verbulo
1012 1550 1070 1585 in-

408 1606 549 1643 dicasse
577 1606 732 1642 sufficiat
753 1606 800 1641 ad
825 1605 920 1641 hunc
941 1605 1071 1651 locum,

409 1675 518 1711 quem
557 1666 633 1698 tum
660 1662 706 1698 ad
739 1660 977 1699 Anacreontis
1007 1675 1071 1699 ae-

409 1723 522 1755 tatem
537 1719 843 1764 constituendam,
854 1723 927 1754 tum
939 1719 985 1756 ad
996 1717 1070 1755 Po-

407 1775 552 1823 lycratis
564 1780 731 1825 tempora
747 1774 956 1812 definienda
976 1787 1069 1811 non-

405 1831 494 1868 nihil
513 1831 632 1868 valere
649 1844 756 1868 nemo
774 1843 848 1868 non
871 1832 978 1868 videt.
1024 1831 1064 1867 In

405 1889 506 1925 cuius
540 1888 647 1925 rebus
680 1901 759 1924 cum
794 1887 881 1923 nihil
908 1889 983 1925 sere
1015 1888 1065 1925 ad

406 1949 545 1981 certum
577 1957 711 1980 annum
741 1945 902 1981 revocari
941 1948 1065 1993 queat,

406 2006 447 2037 ut
466 2001 604 2037 monuit
616 2000 774 2037 Schultz.
794 2001 830 2036 in
841 1998 977 2050 Appar.
997 2001 1065 2037 cri-

405 2058 464 2093 tic.
487 2069 571 2106 pag.
593 2058 647 2097 30
668 2062 813 2107 praeter
833 2070 958 2094 necem
981 2070 1065 2093 ann.

405 2115 486 2153 523
513 2126 546 2149 a.
565 2113 650 2150 Chr.
673 2126 708 2149 n.
729 2126 757 2149 s.
772 2112 1063 2163 OlympLle,

407 2172 425 2208 1
462 2173 499 2207 et
535 2168 701 2206 auxilium
731 2169 907 2219 Cambysi
942 2170 1065 2218 Aegy-

404 2230 506 2276 ptum
556 2226 742 2263 invadenti
782 2227 929 2264 missum
968 2239 1064 2263 anno

405 2282 486 2322 525
507 2294 538 2318 a.
563 2282 649 2319 Chr.
671 2295 720 2328 n.,
737 2295 830 2331 quae
853 2283 909 2319 hic
926 2283 972 2319 ab
984 2283 1064 2320 He-

403 2338 535 2374 rodoto
558 2339 772 2385 reserantur,
803 2351 846 2376 ea
872 2340 908 2375 in
930 2351 1064 2376 annum

404 2394 485 2434 524
512 2407 545 2430 a.
569 2394 656 2431 Chr.
686 2408 721 2431 n.
753 2396 911 2432 incidere
937 2408 1066 2432 conse-

403 2462 518 2498 quens
546 2454 613 2489 cst.
672 2451 731 2487 Ad
755 2450 902 2500 Olymp.
930 2451 1063 2498 LXIV,

403 2508 428 2544 3
451 2518 478 2542 s.
500 2507 583 2546 522
605 2518 635 2542 a.
659 2507 743 2543 Chr.
766 2519 800 2543 n.
822 2507 911 2544 haec
932 2507 1064 2545 retule-

405 2567 463 2598 rat
489 2561 646 2598 Clinton.
675 2563 711 2599 in
743 2563 865 2609 Fast„
895 2564 956 2600 ubi
988 2565 1060 2600 vid.

406 2617 607 2655 Larcherus
627 2618 829 2667 Polycratis
848 2632 973 2657 necem
995 2633 1062 2669 po-

406 2675 460 2711 nit
472 2674 506 2710 in
518 2687 600 2710 ann.
615 2674 694 2715 523
707 2688 739 2711 a.
754 2675 837 2712 Chr.
852 2675 1062 2723 n.s.Lxlv,

406 2732 433 2770 2
458 2729 576 2777 (Tab.
596 2730 806 2780 chronolog.
828 2744 912 2781 pag.
941 2734 1064 2780 630)·,

405 2785 575 2824 Panofka
592 2787 785 2834 (Samiorr.
804 2787 880 2826 Res
892 2802 977 2840 pag.
991 2790 1063 2837 41)

406 2843 443 2880 in
468 2842 612 2895 Olymp.
635 2842 770 2893 LXIV,
793 2846 825 2884 1.

1185 1150 1473 1204 κατηλογέοντα
1521 1150 1568 1192 τὰ
1608 1147 1789 1204 Ὀροίτεω

1129 1206 1354 1262 πρήγματα]
1390 1209 1449 1247 De
1470 1211 1660 1248 accusativi
1679 1211 1791 1247 ratio-

1129 1281 1176 1305 ne
1197 1268 1271 1304 vid.
1296 1266 1426 1303 Matth.
1453 1267 1518 1302 Gr.
1551 1267 1616 1304 Gr.
1644 1265 1679 1317 ἓ.
1703 1268 1787 1307 378

1128 1328 1206 1361 not.
1225 1325 1263 1362 2.
1297 1323 1404 1359 Conf.
1429 1323 1570 1360 Herod.
1588 1324 1617 1370 I,
1630 1325 1694 1365 84.
1714 1323 1789 1360 Eo·

1128 1381 1210 1417 dem
1232 1392 1353 1425 sensu,
1372 1391 1444 1427 quo
1464 1379 1521 1416 hic
1543 1383 1787 1430 κατηλογεῖν,

1128 1437 1220 1472 infra
1249 1436 1320 1481 lll,
1354 1436 1431 1476 125
1467 1430 1625 1487 α’λογεῖν
1659 1442 1697 1474 et
1726 1435 1787 1484 Vl,

1128 1492 1182 1533 75
1215 1490 1257 1530 ἐν
1288 1489 1426 1545 α’λογίῃ
1459 1490 1559 1541 ἔχειν
1583 1489 1672 1531 τινά
1705 1492 1786 1530 coll.

1128 1548 1176 1595 ll,
1209 1548 1301 1593 141,
1332 1549 1390 1584 ubi
1417 1549 1486 1585 vid.
1515 1554 1605 1587 nott.
1651 1550 1786 1588 Caete-

1128 1618 1206 1641 rum
1243 1609 1461 1641 structuram
1499 1606 1583 1643 inde
1615 1620 1635 1643 a
1666 1607 1785 1644 verbis

1126 1661 1194 1699 καί
1223 1675 1302 1706 κως
1330 1660 1491 1697 nonnihil
1523 1662 1704 1700 turbatam
1731 1665 1786 1700 vi-

1126 1717 1216 1761 deri,
1239 1730 1307 1753 nec
1327 1730 1474 1766 prorsus
1493 1717 1654 1767 legitimo
1674 1720 1784 1757 modo

1123 1774 1342 1824 procedere,
1392 1775 1532 1811 monitu
1581 1775 1639 1812 vix
1680 1789 1784 1826 opus.

1124 1831 1246 1867 Causa
1271 1830 1308 1866 in
1331 1842 1373 1866 eo
1398 1835 1476 1877 cst,
1507 1832 1606 1880 quod
1630 1833 1784 1870 causalis

1122 1887 1304 1924 sententia
1319 1887 1570 1935 praemittitur,
1582 1900 1676 1937 quae
1695 1890 1783 1926 sub-

1122 1943 1226 1991 sequi
1251 1942 1435 1987 debebat3
1465 1944 1512 1981 ‹ie
1533 1956 1604 1992 quo
1629 1945 1783 1983 diximus

1122 2000 1171 2036 ad
1206 1998 1241 2044 Ι,
1275 1999 1311 2037 8.
1383 1998 1481 2036 Nam
1515 2000 1629 2038 verba
1663 1996 1784 2040 αὐτόν

1121 2052 1408 2106 κατηλογέοντα
1420 2056 1468 2091 ad
1487 2055 1715 2106 Polycratem
1727 2071 1784 2096 re-

1120 2112 1272 2149 serenda
1302 2123 1382 2148 esse
1411 2116 1525 2161 patet.
1594 2113 1700 2156 Quae
1730 2116 1783 2152 sic

1121 2168 1268 2218 proprie
1288 2168 1544 2204 constituenda
1573 2181 1654 2207 esse
1678 2175 1782 2207 notat

1121 2225 1266 2272 Steger.
1300 2224 1347 2259 ad
1380 2224 1413 2260 h.
1436 2223 1480 2260 l.:
1512 2225 1579 2263 καί
1606 2240 1685 2271 κως
1714 2223 1781 2265 τὸν

1124 2275 1398 2330 Πολυκράτεα,
1429 2280 1484 2318 εῖτ
1495 2276 1565 2319 ’ἐκ
1586 2283 1782 2330 προιοίας

1121 2332 1330 2388 κατηλό7εε
1348 2352 1395 2374 τα
1414 2332 1490 2387 ’.Ορ
1509 2332 1781 2403 πρήγματα-

1122 2391 1341 2444 ἕπε7ἐνετο·
1372 2408 1442 2432 τον
1475 2395 1550 2431 οὑν
1573 2391 1622 2444 δή
1651 2396 1779 2434 Πολυ-

1120 2446 1278 2500 κράτεα,
1307 2451 1380 2487 τοῦ
1405 2463 1580 2500 κηρυκος
1603 2465 1672 2489 του
1699 2446 1778 2502 Ὀρ.

1120 2501 1320 2556 παρελθὸι
1324 2520 1388 2551 τος
1413 2504 1676 2557 διαλέγεσθαι,
1690 2506 1781 2547 οὔτε

1120 2578 1156 2601 τι
1187 2563 1509 2613 μεταστραφῆναι
1538 2561 1599 2614 (τι
1603 2568 1682 2613 χεῖν
1704 2579 1778 2616 γαρ

1119 2639 1175 2646 —
1203 2615 1268 2656 τὸν
1300 2619 1452 2668 τοῖχοι)
1487 2616 1578 2658 ου’τε
1612 2618 1779 2674 υποκρί·

1119 2678 1279 2713 νασθαι.

1302 2730 1411 2781 Cap.
1443 2731 1595 2768 CXXII.

1178 2785 1220 2826 ἕν
1238 2787 1456 2841 Μαγνησίῃ
1477 2790 1528 2841 τῇ
1544 2784 1644 2839 ὑπὲρ
1664 2790 1777 2827 Μαι-

1124 2839 1302 2896 άνδρου]
1349 2842 1567 2894 Magnesia,
1605 2856 1701 2895 quae
1729 2844 1777 2882 ad
