1879 3255
350 195 404 234 18

753 192 1231 230 HERODOTI

348 304 534 359 κεφαλαί
565 304 645 347 εἰσι
677 300 880 351 ἀσθενέες
911 299 1051 350 οὕτω,
1093 300 1198 344 ὥστε
1235 303 1271 344 εἰ
1311 301 1452 351 θέλεις
1481 299 1614 359 ψήφῳ
1627 307 1668 341 85

349 372 496 430 μούνῃ
527 373 722 430 βαλέειν,
753 371 1083 424 διατετρανέεις·
1124 373 1170 413 αἱ
1189 372 1235 414 ὁὲ
1255 376 1344 415 τῶν
1361 373 1614 427 Αἰγυπτίων

349 443 467 487 οὕτω
498 443 552 499 δή
582 460 622 485 τι
653 442 851 497 ἰσχυραὶ,
880 439 1004 496 μόγις
1034 441 1088 484 ἂν
1118 444 1230 499 λίθῳ
1259 446 1417 494 παίσας
1438 441 1616 499 διαρῥή-

320 520 342 553 3
355 515 478 565 ξειας.

540 514 683 556 αἴτιον
721 511 767 554 δὲ
804 511 964 554 τούτου
1001 510 1100 554 τόδε
1142 513 1313 568 ἔλεγον,
1355 515 1427 558 καὶ
1467 515 1537 569 ἐμέ
1567 512 1613 569 γ’

350 582 559 634 εὐπετέως
588 583 786 633 ἔπειθον,
837 581 904 624 ὅτι
935 579 1168 636 Αἰγύπτιοι
1202 586 1303 639 μὲν,
1335 583 1491 627 αὐτίκα
1530 583 1615 629 ἀπὸ

351 655 536 696 παιδίων
578 651 832 709 ἀρξάμενοι,
883 654 1114 706 ξυρεῦνται
1153 654 1231 705 τάς
1277 655 1494 710 κεφαλάς,
1545 655 1618 698 καὶ
1683 661 1762 700 199

325 723 466 778 4πρός
506 722 586 766 τὸν
623 723 749 779 ’ἥλιον
797 724 1034 779 παχύνεται
1073 724 1122 767 τὸ
1163 724 1326 768 ὀστέον.

1390 724 1532 769 τώυτό
1573 725 1619 769 δὲ
1630 731 1671 766 91

350 798 481 836 τοῦτο
534 794 607 836 καὶ
663 797 745 836 τοῦ
807 794 865 849 μὴ
919 799 1260 850 φαλακροῦσθαι
1317 796 1460 840 α’ίτιόν
1507 797 1617 840 ἐστι·

351 865 604 918 Αἰγυπτίων
655 863 739 918 γὰρ
782 863 837 906 ἄν
884 883 949 916 τις
997 867 1248 922 ἐλαχίστους
1295 869 1433 911 ἴδοιτο
1482 872 1619 923 φαλα-

323 941 342 974 5
354 933 490 988 κρούς
559 933 738 977 πάντων

810 934 1071 991 ἀνθρώπων.

1163 938 1356 981 τούτοισι
1423 937 1503 992 μὲν
1565 936 1618 991 δή

352 1004 486 1049 τοῦτό
531 1005 622 1049 ἐστι
667 1008 807 1048 α’ίτιον
855 1008 1032 1062 ἰσχυράς
1079 1007 1257 1062 φορέειν
1296 1008 1373 1059 τὰς
1416 1005 1620 1063 κεφαλάς.

351 1082 468 1119 τοῖσι
519 1077 564 1119 δὲ
610 1078 836 1135 Πέρσῃσι,
902 1077 968 1121 ὅτι
1021 1076 1234 1129 ἀσθενέας
1285 1080 1499 1134 φορέουσι
1545 1077 1622 1128 τὰς

353 1146 568 1202 κεφαλάς,
628 1151 770 1193 αἴτιον
818 1146 940 1192 τόδε·

297 1302 412 1339 verba
427 1302 620 1350 Synesium
640 1305 807 1351 spectare
830 1302 867 1337 in
884 1301 960 1337 En-

298 1371 390 1395 com.
412 1358 513 1395 Calv.
527 1371 562 1408 p.
576 1361 643 1404 77,
663 1363 786 1394 monet
807 1357 960 1394 Wessel.

357 1410 460 1453 οὕτω
490 1411 539 1464 δή
570 1429 605 1452 τι
638 1414 813 1465 ἰσχυραὶ,
846 1410 961 1464 μόγις

301 1466 353 1509 ἂν
373 1494 424 1500 —
449 1469 722 1521 διαρῤἡξειας]
750 1472 772 1506 i.
790 1484 820 1509 e.
842 1471 960 1520 Aegy-

292 1529 450 1578 ptiorum
478 1540 556 1564 vero
577 1530 700 1564 cranz'a
720 1530 774 1564 ita
795 1531 875 1563 sunt
894 1539 961 1563 va-

301 1583 391 1631 lida,
422 1587 463 1620 ut
490 1583 608 1633 lapide
631 1586 829 1633 percutiens
858 1595 963 1631 aegre

289 1640 506 1689 »elifii-iuga&
521 1642 545 1660 ‘⁶
621 1640 839 1677 particulam
894 1638 962 1685 ὥς,

302 1710 411 1747 quam
451 1702 536 1734 ante
576 1692 688 1748 μόγις
727 1697 966 1734 exhibuerant

303 1753 504 1800 editiones,
553 1766 633 1789 cum
676 1753 880 1802 Schweigh.
930 1756 965 1789 et

304 1810 422 1847 Gaisf.
451 1810 587 1855 abieci,
619 1810 790 1858 quoniam
817 1822 839 1846 a
865 1809 964 1845 libris

304 1866 470 1902 omnibus
489 1866 632 1915 scriptis
649 1866 755 1902 abest
773 1870 810 1902 et
826 1865 966 1902 Noster

305 1923 429 1971 utique
451 1923 502 1958 ita
529 1923 608 1958 sine
630 1922 883 1958 coniunctione
912 1921 966 1957 lo-

305 1979 369 2027 qui
389 1977 503 2021 solet3
524 1978 617 2013 conf.
637 1977 699 2023 ill,
713 1980 802 2017 108.
826 1977 886 2023 lv,
899 1978 966 2023 52,

306 2046 401 2083 quae
426 2033 545 2070 attulit
566 2033 772 2082 Schweigh.
829 2032 967 2069 Assen-

306 2093 395 2126 titur
415 2089 546 2126 Matth.
566 2090 603 2125 in
617 2090 683 2127 Gr.
696 2090 763 2126 Gr.
783 2103 820 2139 p.
837 2092 967 2135 12863

308 2147 370 2195 qui
392 2146 487 2182 idern
509 2159 593 2196 pag.
621 2147 703 2186 912
725 2146 966 2182 consulendus

307 2203 355 2239 ob
365 2214 471 2239 voces
485 2198 535 2252 δή
558 2217 612 2249 τι,-
631 2201 692 2238 Τιι
704 2202 787 2238 add.
802 2202 863 2248 ΙΙΙ,
877 2205 966 2242 120.

313 2256 403 2299 145.
424 2258 488 2304 lV,
509 2261 573 2298 28.
595 2258 638 2304 Η,
662 2258 753 2297 135.
794 2259 886 2294 Cum
907 2259 967 2294 iis-

309 2315 393 2351 dem
413 2315 495 2350 viris
516 2315 631 2351 doctis
653 2327 720 2364 pro
741 2309 969 2364 διαῤῥήξεις

311 2370 437 2420 scripsi
470 2366 744 2420 διαρῤήξειας,
774 2373 874 2420 qnod
899 2371 967 2406 dn-

310 2427 418 2473 dum,
445 2431 483 2463 ut
512 2427 653 2463 monuit
680 2426 769 2472 Cr.‚
807 2426 970 2463 voluerat

311 2482 467 2519 Werser.
494 2483 528 2518 in
558 2485 654 2519 Actt.
683 2482 779 2532 phin.
802 2484 968 2519 Menace.

313 2539 326 2574 1
349 2551 434 2588 pag.
459 2538 554 2584 249,
573 2540 801 2588 approbante
822 2539 971 2576 Dissen.

312 2594 349 2632 in
376 2594 558 2643 Disquiss.
584 2594 716 2644 philon.
750 2596 762 2631 l
794 2608 879 2645 pag.
907 2598 971 2642 10,

313 2651 678 2700 quodqueSancrosti
699 2651 790 2689 libor
811 2665 889 2688 cum
909 2652 970 2687 tri-

313 2707 383 2744 bus
410 2707 486 2743 aliis
515 2708 736 2757 suppeditat.
796 2707 892 2744 Nam
914 2709 972 2744 fn-

313 2766 433 2800 turum
452 2776 530 2800 cnm
551 2761 622 2810 ἅν,
652 2768 693 2800 ut
713 2765 757 2801 ab
778 2764 973 2801 Herodoto

315 2819 464 2857 omnino
482 2820 637 2858 alienum
660 2825 727 2868 est,
748 2821 797 2857 ita
819 2821 901 2858 hnic
921 2820 974 2857 Ιο-

999 1148 1338 1205 σκιητροφέουσι
1385 1149 1428 1201 ἐξ

1476 1148 1621 1205 ἀρχῆς,
1638 1170 1642 1172 ’

1016 1314 1059 1337 co
1083 1301 1230 1338 minime
1257 1301 1503 1347 conveniens,
1536 1301 1573 1336 in
1604 1311 1677 1349 quo

1016 1358 1219 1408 optativum
1243 1358 1311 1394 sibi
1332 1359 1473 1406 flagitat
1490 1357 1593 1393 ratio.

1075 1413 1203 1452 αἴτιον
1234 1412 1395 1463 ἰσχυρᾶς
1419 1412 1580 1464 φορέειν
1609 1407 1680 1457 ‘1:025-

1017 1467 1217 1520 κεφαλάς]
1274 1471 1462 1506 Omittitur
1511 1468 1680 1506 articulus

1018 1530 1090 1566 τοῦ
1101 1532 1188 1564 ante
1207 1527 1422 1563 infinitivum
1436 1531 1522 1577 post
1541 1526 1680 1570 αἴτιον,

1019 1584 1127 1634 paulo
1138 1588 1246 1620 antea
1255 1584 1412 1619 additus.
1429 1583 1536 1619 conf.
1548 1581 1681 1619 Matth.

1021 1642 1087 1679 Gr.
1112 1642 1176 1676 Gr.
1198 1652 1282 1688 pag.
1312 1640 1420 1680 1064
1450 1644 1524 1675 not.
1541 1639 1579 1689 β.

1078 1694 1385 1745 σκιητροφέουσι
1415 1694 1454 1742 ἐξ
1482 1690 1627 1745 α’ρχῆς]
1659 1694 1682 1730 ἰ.

1022 1766 1053 1790 e.
1075 1753 1118 1789 ab
1146 1754 1248 1789 initio
1269 1752 1334 1799 (ab
1353 1766 1396 1789 eo
1421 1757 1587 1802 tempore
1608 1763 1683 1800 quo

1022 1810 1099 1846 nati
1119 1810 1222 1856 sunt)
1238 1822 1362 1858 pueros
1383 1809 1444 1845 sub
1462 1809 1585 1844 umbra
1601 1807 1682 1845 edu-

1022 1869 1125 1912 cant,
1152 1866 1352 1915 parictibus
1374 1864 1553 1911 inclusos3
1583 1863 1682 1914 quod

1022 1923 1138 1971 ipsum
1177 1934 1220 1957 eo
1257 1923 1397 1967 refero,
1440 1922 1562 1970 quod,
1602 1921 1683 1970 ipso

1025 1977 1216 2014 Herodoto
1257 1983 1405 2015 auctore
1442 1978 1476 2024 I,
1512 1980 1590 2018 136
1622 1976 1684 2012 filii

1023 2047 1147 2071 recens
1181 2035 1256 2070 nati
1288 2035 1385 2084 apud
1413 2035 1545 2071 Persas
1579 2033 1686 2083 quin-

1026 2103 1097 2139 que
1127 2103 1193 2139 per
1220 2103 1334 2126 annos
1361 2090 1567 2128 mulieribus
1597 2089 1685 2127 solis

1024 2147 1310 2193 committuntur,
1341 2160 1407 2184 nee
1428 2147 1536 2184 ullum
1562 2147 1599 2183 in
1618 2158 1686 2197 pa-

1023 2207 1116 2239 trum
1139 2209 1372 2253 conspectum
1398 2217 1464 2253 per
1495 2203 1565 2240 hoc
1593 2207 1686 2240 tem-

1025 2272 1092 2308 pus
1113 2260 1274 2296 veniunt.
1315 2260 1372 2298 De
1391 2273 1462 2309 quo
1482 2272 1583 2296 more
1604 2258 1686 2310 plu-

1026 2327 1066 2351 ra
1086 2316 1247 2352 Brisson.
1284 2316 1341 2353 De
1360 2330 1435 2365 reg.
1459 2316 1557 2353 Pers.
1583 2317 1686 2365 prin-

1026 2373 1095 2420 cip.
1133 2372 1185 2418 ll,
1210 2374 1262 2413 82
1288 2386 1388 2421 seq„
1415 2374 1476 2421 qui
1509 2373 1605 2409 idem
1638 2372 1685 2408 de

1024 2428 1225 2478 principum
1244 2428 1335 2473 filiis,
1347 2429 1408 2477 qni
1419 2428 1592 2465 ennuchis
1605 2426 1684 2477 ple-

1026 2497 1179 2532 rumque
1201 2485 1438 2521 tradebantur
1457 2483 1684 2529 instituendi,

1025 2540 1266 2577 consulendus
1294 2540 1350 2586 ΙΙ,
1387 2543 1475 2581 166.
1514 2540 1685 2586 „Quibus

1026 2597 1125 2632 adde
1172 2609 1266 2633 nnnc
1305 2596 1606 2646 olympiodorum
1650 2596 1688 2632 in

1028 2653 1189 2688 Platonis
1211 2653 1322 2689 Alcib.
1350 2654 1457 2702 prior.
1490 2666 1525 2703 p.
1552 2654 1628 2693 153
1651 2656 1688 2689 et

1029 2722 1137 2757 quem
1161 2710 1208 2745 ad
1237 2722 1317 2746 enin
1343 2709 1460 2745 locum
1485 2709 1628 2746 laudavi
1659 2708 1689 2747 I.

1029 2766 1077 2801 de
1108 2766 1284 2802 Hammer
1313 2766 1347 2802 in
1386 2765 1527 2802 Annali.
1554 2765 1687 2802 Literr.

1030 2822 1266 2858 Vindobonn.
1309 2822 1389 2859 vol.
1420 2822 1502 2858 Vll!
1537 2835 1574 2873 p.
1603 2823 1686 2863 381
