1863 3256
165 262 249 302 648
631 256 1205 297 EXCURSUSIII

166 386 203 423 p.
225 372 306 413 457
329 370 432 421 plura
452 369 525 407 vid.
545 371 581 407 in
601 371 747 409 Ctesiae
770 372 936 418 sragmm.
962 382 997 418 p.
1021 366 1074 407 55
1097 380 1197 416 seq,
1227 379 1322 416 quae
1338 366 1394 403 hic
1413 370 1582 417 repetere
1597 379 1671 404 non

166 442 279 476 vacat.
340 436 417 475 Alia
447 438 623 488 placuisse
653 439 759 474 video
778 434 981 483 Schlegelio
1005 434 1082 470 Ind.
1103 434 1195 470 Bibl.
1218 434 1240 471 l.
1263 436 1283 470 Ι.
1302 447 1339 484 p.
1361 432 1439 474 147
1453 462 1464 480 ‚
1495 435 1557 483 qui
1575 434 1671 471 idem

165 506 236 542 alio
261 505 339 541 loco
361 503 520 552 (Berlin.
539 504 744 542 'I'asehcnb.
771 503 877 542 1829
899 515 935 551 p.
957 503 1042 550 83)
1064 502 1151 538 scite
1170 502 1363 548 admonet,
1403 501 1490 538 talia
1514 502 1561 538 ad
1579 502 1674 539 Ger-

166 572 309 610 maniae
327 585 475 621 quoque
493 577 620 621 poetas
642 574 782 606 veteres
796 597 806 614 ,
836 580 870 604 v.
889 581 921 607 e.
943 569 991 605 ad
1011 567 1046 605 T
1049 568 1212 606 iturelem
1233 568 1496 606 Eschenbachii
1513 569 1673 616 fluxisse,

167 641 228 677 ubi
248 640 349 677 India
372 641 604 690 praedicatur
626 636 741 672 omnis
761 635 962 685 sapientiae
985 648 1141 673 arcanae
1162 648 1317 686 parem,
1357 648 1453 685 quae
1479 637 1601 673 omnia
1617 649 1675 673 ar-

167 720 277 755 cana,
321 708 443 744 omnia
472 705 560 741 mira
588 703 842 752 stupendaque
873 703 1066 740 contineat.
1128 702 1252 752 Atque
1274 704 1310 739 id
1330 704 1446 754 ipsum
1470 715 1616 753 quoque
1637 704 1676 740 in

170 774 232 811 tali
254 774 466 822 quaestione
492 771 589 807 haud
615 770 856 820 praetermitti
883 771 1017 818 debet,
1054 771 1153 819 quod
1176 771 1272 807 haud
1294 784 1428 821 pauca,
1467 770 1550 807 olim
1572 771 1678 808 fabu-

169 840 246 878 losa
269 842 397 877 fictave
418 851 510 887 quae
531 838 761 884 videbantur,
785 850 880 874 nunc
899 837 986 875 talia
1009 839 1154 875 minime
1177 850 1256 875 esse
1277 839 1454 884 videntur,
1483 837 1563 888 ipsa
1579 842 1676 876 terra

171 909 369 945 accuratius
388 905 553 954 cognita·‚
585 909 623 941 ut
650 916 738 941 sane
758 905 803 941 dc
826 904 905 940 aliis
928 917 1093 953 quoque,
1135 917 1229 953 quae
1257 917 1323 941 nos
1352 904 1564 952 offendant,
1603 918 1677 943 non

171 977 248 1012 sine
268 974 434 1011 cautione
455 972 611 1021 quadam
633 971 795 1009 adhibita
812 971 916 1008 nobis
934 973 979 1008 sit
997 973 1317 1022 pronuntiandum.

563 1298 1153 1346 EXCURSUS
1225 1299 1295 1346 III

453 1414 554 1451 Al)
620 1413 1100 1451 HERODOT.
1168 1414 1394 1460 111‚102.

246 1621 395 1664 ’Ἀλλοι
425 1622 470 1665 δὲ
499 1626 588 1665 τῶν
610 1621 764 1666 Ἰνδῶν
787 1623 1064 1681 Κασπατύρῳ
1094 1639 1138 1666 τε
1167 1621 1269 1666 πόλι
1297 1622 1368 1665 καὶ
1386 1625 1438 1678 τῇ
1458 1626 1683 1683 Πακτυϊκῇ

341 1688 460 1745 χώρῃ
491 1690 572 1733 εἰσὶ
598 1690 842 1746 πρόσουροι
870 1708 911 1735 κ.
939 1708 974 1734 τ.
1008 1695 1045 1734 λ.

287 1781 429 1819 Eadem
452 1783 656 1821 reseruntur
684 1785 779 1823 insta
798 1784 875 1832 1V‚1.
886 1784 940 1839 44
954 1814 965 1833 ‚
1004 1784 1065 1822 ubi
1085 1782 1218 1832 Scylax
1240 1795 1284 1821 ex
1307 1783 1398 1821 urbe
1420 1783 1625 1836 Caspatyro
1646 1792 1684 1825 et

176 1849 347 1898 Pactyica
365 1854 462 1887 terra
478 1852 662 1901 profectus
681 1864 763 1890 esse
783 1853 932 1901 dicitur,
971 1866 1049 1890 cum
1075 1853 1121 1889 ab
1141 1851 1232 1888 Indo
1252 1851 1362 1888 fluvio
1382 1851 1429 1887 ad
1451 1853 1566 1890 sinum
1590 1853 1682 1892 Ara-

177 1917 298 1954 bicum
324 1930 440 1966 usque
467 1920 668 1968 navigaret.
728 1918 971 1971 Caspapyrum
999 1921 1126 1958 urbem
1150 1921 1188 1958 in
1216 1925 1315 1959 terra
1342 1920 1549 1957 Gandarica
1573 1934 1685 1959 nove-

176 1989 233 2021 rat
253 1985 476 2034 Hecataeus,
496 1991 590 2025 teste
607 1986 794 2037 Stephano
808 1989 897 2037 Byz.
919 2001 948 2026 s.
968 2001 1001 2025 v.
1016 1989 1077 2034 (cf.
1097 1989 1271 2027 Hecataei
1295 1989 1463 2037 fragmm.
1482 1987 1559 2025 coll.
1571 1988 1684 2026 Klau-

177 2065 253 2090 sen.
270 2066 308 2103 p.
327 2053 412 2103 94).
468 2055 527 2093 De
546 2054 747 2093 Gandariis
776 2068 885 2105 supra
909 2056 1059 2093 diximus
1087 2057 1134 2093 ad
1161 2056 1224 2104 ΙΙΙ,
1248 2058 1326 2102 91·,
1355 2055 1402 2093 de
1424 2054 1619 2106 Pactyibus
1638 2058 1686 2094 ad

180 2120 253 2168 111,
279 2123 343 2162 93.
403 2121 478 2160 Iam
510 2122 719 2173 Pactyicam
744 2123 930 2172 regionem
964 2128 1000 2161 et
1025 2124 1268 2161 Gandaricam
1289 2136 1356 2174 pro
1385 2136 1456 2160 una
1483 2125 1686 2174 eademque

183 2192 280 2226 terra
308 2190 419 2228 habet
438 2189 641 2227 Larcherus
670 2190 786 2240 (Tab.
809 2191 946 2240 Geogr.
966 2204 1001 2241 p.
1023 2190 1101 2232 401
1127 2204 1231 2241 seqq.
1253 2190 1333 2228 coll.
1357 2204 1395 2241 p.
1417 2193 1517 2238 102)
1538 2192 1593 2230 vel
1618 2205 1686 2244 po-

183 2256 275 2303 tius,
306 2258 342 2294 id
361 2259 461 2307 quod
480 2258 727 2306 verisimilius,
757 2257 963 2308 Pactyicam
981 2271 1047 2309 pro
1065 2259 1274 2296 Gandariae
1293 2263 1416 2309 parte,
1447 2271 1519 2308 qua
1539 2260 1686 2308 quidem

184 2324 427 2372 appellatione
444 2329 600 2375 utraque
620 2326 722 2375 regio
741 2326 823 2364 olim
842 2327 951 2364 fuerit
969 2327 1226 2377 comprehensa
1238 2356 1251 2373 ,
1284 2328 1336 2363 ita
1354 2331 1392 2364 ut
1414 2338 1458 2364 ea
1477 2326 1687 2363 Gandariae

184 2390 302 2438 portio
316 2419 326 2435 ,
358 2392 413 2427 cui
434 2405 568 2431 nomen
588 2395 757 2443 Pactyica
771 2423 781 2441 ,
811 2408 925 2445 prope
944 2394 1071 2431 Indum
1093 2396 1139 2432 sit
1157 2396 1250 2442 sita,
1288 2395 1471 2432 meridiem
1502 2398 1538 2432 ct
1567 2395 1686 2433 orien-

185 2461 258 2494 tem
280 2471 402 2495 vcrsus
423 2473 443 2495 a
463 2459 655 2497 Bactriana
667 2490 679 2507 ,
716 2463 940 2500 occidentem
960 2475 1086 2499 versus
1116 2475 1138 2499 a
1158 2462 1394 2512 Paropamiso
1415 2465 1548 2499 monte.
1608 2462 1687 2500 Du-

184 2524 311 2574 plicom
337 2525 562 2574 Pactyicam,
603 2529 752 2566 alteram
775 2531 934 2567 Indicam
958 2530 1106 2567 alteram
1125 2529 1371 2567 Armeniacam
1406 2527 1551 2578 (prouti
1574 2531 1688 2568 visum

186 2596 263 2629 erat
284 2592 475 2641 Rennelio)
495 2607 652 2643 unquam
672 2597 782 2633 fuisse
803 2598 898 2633 idem
918 2601 1039 2645 negat.
1096 2596 1272 2634 Doduell.
1292 2596 1465 2641 (Dissert.
1484 2597 1530 2634 de
1548 2597 1687 2646 Scylac.

187 2658 225 2709 ἓ.
250 2660 291 2706 1)
310 2659 509 2709 Pactyicam
530 2662 715 2710 regionem
739 2664 890 2699 eandem
916 2676 994 2701 esse
1015 2665 1139 2700 statuit
1158 2669 1268 2712 atque
1289 2664 1555 2711 Gandaricam‚
1594 2676 1687 2713 quae

186 2730 315 2776 postea
332 2728 441 2765 suerit
462 2729 667 2779 appellata,
698 2730 820 2779 Gangi
842 2731 1012 2775 vicinam3
1043 2732 1264 2780 ssuviumqm¹
1285 2732 1369 2769 indo
1391 2732 1559 2780 Gangem
1574 2759 1585 2778 ‚
1615 2744 1688 2768 non

187 2795 315 2831 Indum
339 2796 459 2833 fuisse.
517 2795 566 2833 At
589 2795 784 2847 Caspatyri
807 2797 930 2835 urbem
960 2799 1007 2834 ad
1032 2797 1202 2847 Gangem
1236 2800 1342 2836 sitam
1371 2799 1480 2836 fuisse
1501 2811 1587 2836 cave
1609 2811 1687 2835 cre-

188 2863 253 2899 das
264 2876 274 2910 3
314 2864 361 2900 ad
396 2863 654 2903 occidentalem
692 2864 770 2902 Indi
802 2866 898 2903 ssuvii
924 2866 1037 2915 ripam
1064 2867 1186 2916 potius
1216 2870 1393 2904 exstructa
1417 2865 1531 2903 videri
1564 2865 1689 2910 debet,
