1863 3256
97 250 189 278 suipra
207 250 259 271 eos
268 263 278 276 ‚
307 242 373 272 Me-

115 275 285 305 uanchlaeni
295 297 304 311 ‚
338 284 359 305 a

97 310 217 344 Scythis
243 309 355 338 diversi

97 380 130 404 et
147 381 233 404 vasta
251 377 358 406 omnia.

99 343 238 377 ulterius,
250 342 376 378 palude·

427 129 512 169 312

822 128 1289 167 HERODO'I’I

429 235 511 293 τήν
536 236 778 292 Ταυρικήν·
819 237 869 280 τό
901 238 948 281 δὲ
977 237 1085 292 πρὸς
1114 235 1202 293 ἠῶ,
1234 236 1303 279 ἐπί
1325 251 1367 278 τε
1389 233 1583 291 τάφρον,
1615 236 1696 292 τήν

433 307 487 364 δή
517 308 561 350 οἱ
589 308 636 351 ἐκ
665 310 754 350 τῶν
791 310 972 362 τυφλῶν
1011 306 1238 362 γενόμενοι
1277 305 1472 359 ὤρυξαν,
1515 307 1588 350 καὶ
1628 307 1697 350 ἐπὶ
1712 315 1753 348 10

431 383 506 434 τῆς
528 380 681 434 λίμνης
710 381 785 434 τῆς
805 377 1053 432 Μαιήτιδος
1082 377 1130 420 τὸ
1161 375 1394 433 ἐμπόριον,
1431 375 1480 419 τό
1500 376 1698 420 καλέεται

432 450 658 505 Κρημνοί·
697 447 750 490 τὰ
781 448 826 490 δὲ
857 445 1005 490 αὐτῶν
1027 447 1268 502 κατήκουσι
1297 448 1366 491 ἐπὶ
1393 446 1591 503 ποταμὸν
1615 445 1698 489 Τά-

401 526 423 560 3
433 527 546 562 ναϊν.

611 517 673 561 Τὰ
713 518 760 560 δὲ
793 517 1041 572 κατύπερθε
1076 516 1189 571 πρὸς
1229 521 1370 573 βορῆν
1410 516 1574 574 ἄνεμον
1608 521 1698 561 τῶν

428 591 668 646 βασιληΐων
709 589 929 632 Σκυθέων
965 587 1159 632 οἰκέουσι
1198 588 1547 644 Μελάγχλαινοι,
1591 589 1695 632 ἄλλο
1710 595 1753 630 15

399 660 565 711 4ἔθνος
587 692 597 712 ,
654 658 729 702 καὶ
787 657 841 702 οὐ
894 656 1140 702 Σκυθικόν.

378 850 491 886 tuisse
518 862 698 896 errorem,
736 851 787 887 ita
813 855 854 888 ut
875 852 1038 899 fluvium,

377 906 441 954 qui
470 918 597 943 revera
626 907 661 942 in
682 906 826 944 Tanain
849 920 890 944 se
919 909 1039 944 insun-

377 962 464 1008 dat,
501 963 536 999 in
559 961 724 1000 Maeotin
743 964 841 1001 exire
860 964 1037 1013 putarint.

432 1014 474 1056 τὸ
494 1015 536 1056 δὲ
557 1015 653 1069 πρὸς
672 1015 752 1069 viui]
783 1019 892 1056 Conf.
906 1019 1038 1057 Matth.

379 1073 447 1110 Gr.
475 1074 542 1111 Gr.
562 1073 599 1125 ἓ.
617 1077 698 1116 437
720 1079 795 1112 not.
815 1075 853 1115 4.
888 1076 946 1114 De
960 1075 1039 1126 fos-

379 1143 443 1177 sa,
473 1143 580 1180 quam
605 1136 868 1170 commemorat
886 1132 1038 1180 Noster,

380 1187 533 1224 diximus
551 1189 599 1225 ad
616 1187 679 1234 IV,
694 1190 731 1227 3.
745 1210 799 1215 --
814 1189 854 1225 In
873 1189 1038 1239 proxime

379 1256 482 1293 seqq.
503 1256 571 1294 pro
588 1240 819 1295 Μαιήτιδος
836 1244 1038 1291 Mediceus,

378 1298 462 1347 alii,
492 1300 664 1338 exhibent
686 1295 937 1348 Μαιώτιδος.
978 1301 1039 1340 Tu

378 1355 451 1392 vid.
471 1360 563 1393 nott.
583 1357 630 1393 ad
651 1357 715 1404 lV,
739 1360 776 1397 3.

434 1413 633 1463 Κρημνοί]
677 1413 736 1450 Cf.
756 1412 818 1460 1V,
848 1415 948 1460 110,
979 1412 1040 1450 ubi

376 1468 426 1505 ad
459 1469 635 1507 ditionem
663 1469 881 1520 Scytharum
916 1470 1040 1506 libero-

379 1537 458 1561 rum
491 1525 559 1562 hoc
591 1526 792 1576 emporium
823 1527 1041 1577 pertinuisse

376 1580 522 1618 dicitur.
554 1581 616 1631 De,
633 1583 712 1632 ipsa
732 1595 822 1620 voce
845 1583 941 1620 conf.
961 1582 1041 1620 He-

381 1637 478 1687 sych.
501 1650 530 1674 s.
550 1650 582 1674 v,
606 1637 638 1674 ΙΙ
659 1651 695 1688 Ρ.
713 1638 796 1679 345
822 1639 879 1675 ed.
902 1638 1041 1676 Albert.

379 1694 489 1731 Unde
501 1693 638 1741 differt,
655 1695 799 1744 opinor,
814 1693 1041 1741 Cremniscos,

378 1750 478 1787 cuius
499 1749 636 1787 Plinius
658 1750 821 1788 meminit
837 1751 885 1788 H.
909 1751 958 1789 N.
979 1751 1042 1797 IV,

382 1809 434 1847 12
455 1806 562 1854 (26).
610 1805 663 1844 Ac
681 1807 825 1844 videtur
844 1807 1042 1845 Mannerto

379 1861 429 1898 IV
451 1875 486 1913 p.
508 1862 561 1903 84
581 1875 672 1912 seq.‚
702 1864 754 1900 ita
773 1864 922 1900 omnino
941 1864 1041 1901 locus

380 1918 494 1956 fuisse
530 1919 733 1969 appellatus
761 1932 931 1966 saxosus,
981 1920 1043 1969 qui

383 1974 443 2011 ubi
465 1987 592 2012 revera
609 1975 737 2022 fuerit,
767 1975 824 2012 vix
842 1977 1043 2014 accuratius

384 2031 652 2079 definiendum,
692 2031 760 2068 nisi
793 2033 893 2081 quod
927 2045 1043 2083 prope

383 2086 562 2124 Calmium
600 2088 746 2125 fluvium
783 2089 895 2126 fuisse
929 2089 1043 2127 videri

383 2146 531 2180 statuas.
578 2143 714 2182 Ritter.
740 2144 932 2192 (Vorhalle
954 2157 1043 2196 pag.

384 2195 485 2250 156)
509 2200 545 2235 in
568 2201 774 2238 universum
794 2202 935 2239 reddit:
974 2201 1044 2238 Die

386 2253 553 2304 ch'ppen.
584 2256 779 2294 Reichard.
794 2257 816 2294 l.
840 2258 861 2295 l.
884 2270 970 2308 pag.
988 2260 1042 2297 27

384 2309 502 2347 locum
541 2313 666 2360 quaeri
704 2326 813 2362 posse
846 2318 970 2351 censet
1006 2315 1043 2350 in

384 2367 462 2403 vico
502 2366 748 2405 Stari-Krim
797 2370 844 2406 ad
893 2370 1042 2406 fluvium

385 2422 586 2469 Calmium,
627 2436 700 2461 non
728 2424 853 2474 procul
879 2426 925 2462 ab
954 2426 1045 2462 urbe

386 2476 583 2528 Μανίιψοί.
625 2500 677 2506 -
721 2481 763 2517 In
794 2481 957 2530 proxime
987 2494 1044 2518 se-

387 2536 585 2583 quentibus
604 2536 704 2584 quod
722 2537 875 2573 Reiskio
894 2537 929 2573 in
944 2550 1046 2573 men-

389 2594 460 2628 tem
492 2596 644 2629 venerat
683 2593 841 2629 scribere
877 2591 955 2631 τοὶ
992 2591 1044 2631 δὲ

389 2641 526 2686 αὐτῶν
544 2661 611 2698 pro
631 2645 685 2686 τοὶ
713 2646 764 2687 δὲ
786 2643 930 2695 αὐτῶν,
944 2650 1045 2698 quod

388 2716 513 2741 omnes
535 2708 663 2741 tenent
687 2705 813 2755 scripti
833 2705 938 2752 libri,
970 2718 1046 2743 me-

387 2760 458 2796 rito
507 2760 716 2810 obloquitur
758 2762 893 2800 struve
937 2762 1042 2812 Spee.

1238 662 1584 716 Μελαγχλαίνων
1651 659 1697 704 δὲ

1098 852 1252 895 Quaest.
1275 851 1291 887 1
1316 864 1353 901 p.
1379 854 1439 891 12.
1470 852 1555 902 ipsa
1573 852 1756 889 sententia

1096 908 1242 944 minime
1285 907 1407 944 dubia.
1466 908 1563 945 Nam
1600 908 1755 956 Scythas

1096 964 1205 1000 hosce
1227 962 1306 999 vult
1325 964 1458 1012 partim
1478 965 1587 1001 etiam
1607 963 1756 1001 ulterius

1095 1032 1212 1069 usque
1235 1019 1283 1056 ad
1302 1018 1446 1056 Tanain
1468 1020 1660 1070 pertinere.

1155 1071 1467 1127 Μελάγχλαινοι]
1498 1076 1556 1114 De
1567 1076 1633 1113 hac
1645 1080 1757 1125 gente

1094 1133 1190 1170 conf.
1216 1132 1278 1178 lv,
1310 1134 1401 1173 100.
1434 1135 1524 1173 102.
1552 1135 1657 1179 107,
1695 1132 1758 1170 ubl

1095 1188 1209 1238 ipsius
1249 1189 1404 1225 nominis
1448 1190 1612 1227 redditur
1652 1189 1756 1225 ratio.

1094 1244 1150 1281 Ac
1164 1248 1354 1295 praeterea
1372 1257 1450 1282 eam
1472 1248 1759 1282 commemorant

1095 1301 1304 1351 Stephanus
1324 1301 1416 1350 Byz.
1442 1315 1472 1338 s.
1495 1315 1529 1339 v.
1555 1301 1619 1349 (ex
1635 1301 1759 1339 Heca-

1097 1361 1183 1394 taeo
1203 1356 1362 1404 Milesio,
1382 1359 1482 1395 cuius
1501 1358 1572 1395 vid.
1591 1358 1757 1406 fragmm.

1095 1426 1181 1464 pag.
1204 1415 1258 1453 87
1288 1414 1347 1451 ed.
1368 1414 1585 1463 Klausen.),
1623 1413 1758 1462 Scylax

1096 1471 1134 1506 in
1155 1469 1285 1519 Peripl.
1305 1468 1342 1520 ἓ.
1366 1472 1433 1510 78.
1453 1473 1506 1511 79
1526 1470 1580 1521 (Ρ.
1603 1472 1685 1511 286
1702 1482 1756 1519 sq.

1097 1525 1204 1563 Tom.
1224 1526 1239 1561 1
1261 1526 1318 1563 ed.
1342 1525 1460 1574 Gail.)
1491 1539 1533 1564 ac
1553 1526 1688 1563 Plinius
1706 1526 1758 1563 H.

1097 1581 1146 1619 N.
1164 1581 1228 1628 Vl,
1251 1582 1289 1623 5.
1326 1582 1443 1620 Sedes
1464 1583 1501 1620 in
1512 1583 1669 1620 Russiae
1689 1595 1760 1631 gu-

1098 1638 1232 1676 berniis
1251 1637 1488 1688 vagorod,
1525 1638 1637 1686 Orel,
1671 1638 1758 1676 Μο-

1099 1693 1204 1731 hilew
1218 1723 1228 1741 ,
1270 1695 1418 1743 Kursk,
1463 1695 1540 1732 aliis
1588 1695 1759 1746 proximis

1098 1751 1210 1788 fuisse
1247 1751 1323 1788 vult
1352 1751 1507 1789 Rennel.
1547 1764 1632 1802 pag.
1662 1751 1758 1798 413,

1099 1820 1207 1856 quem
1227 1808 1393 1857 sequitur
1409 1807 1580 1845 Larcher.
1606 1809 1643 1844 in
1661 1807 1697 1844 T
1699 1808 1757 1844 ab.

1101 1864 1239 1912 Geogr.
1291 1863 1340 1901 At
1361 1864 1518 1902 Heeren.
1542 1864 1652 1902 ldeen
1675 1864 1704 1910 Ι,
1731 1867 1757 1904 2

1099 1931 1184 1970 pag.
1205 1922 1310 1967 277,
1349 1932 1503 1969 quocum
1529 1921 1617 1958 facit
1647 1920 1757 1957 Man-

1099 1980 1192 2013 nert.
1218 1975 1266 2012 lv
1284 1990 1319 2026 p.
1334 1977 1412 2017 104
1432 1990 1547 2027 prope
1566 1976 1759 2014 Woscuam

1100 2032 1283 2069 habitasse
1300 2034 1427 2070 statuit
1439 2033 1759 2078 Melanchlaenos3

1100 2089 1163 2137 qui
1199 2102 1278 2125 cum
1306 2089 1498 2138 Scythicae
1528 2090 1650 2140 stirpis
1684 2101 1759 2126 non

1100 2145 1247 2191 fuerint,
1271 2146 1448 2194 Scythicis
1469 2147 1633 2195 quamvis
1652 2150 1760 2182 uten-

1100 2205 1156 2238 tes
1178 2202 1353 2238 institutis
1378 2202 1538 2249 (Herod.
1560 2202 1621 2248 lv,
1646 2199 1759 2249 107),

1100 2258 1196 2294 idem
1234 2258 1393 2295 Heeren.
1440 2271 1520 2295 cum
1571 2258 1757 2294 Gatterer.

1101 2326 1164 2351 eos
1182 2314 1228 2350 ad
1249 2314 1511 2351 Germanorum
1530 2326 1647 2362 genus
1668 2313 1760 2350 rela-

1101 2373 1157 2406 tos
1186 2370 1262 2406 vult
1300 2383 1371 2406 non
1405 2369 1509 2406 aliter
1540 2375 1650 2419 atque
1679 2369 1757 2406 An-

1101 2425 1320 2474 drophagos.
1365 2426 1611 2463 Reichardum
1639 2426 1668 2462 si
1694 2439 1760 2463 au-

1101 2481 1180 2517 dias
1204 2480 1224 2517 l.
1247 2482 1266 2517 l.
1298 2495 1381 2530 pag.
1407 2483 1460 2522 58
1494 2480 1762 2519 IlIclanclzlaeni

1102 2550 1123 2573 a
1143 2538 1251 2573 fluvio
1265 2537 1450 2574 wolchow
1470 2552 1583 2586 usque
1602 2540 1648 2575 ad
1672 2539 1759 2576 Vol-

1103 2606 1172 2641 gae
1222 2594 1418 2642 primordia
1456 2596 1760 2641 extendebantur,

1102 2650 1407 2699 Herodotumque
1463 2652 1650 2700 probabile
1703 2656 1760 2690 est

1103 2704 1330 2754 Molvgznos,
1363 2719 1454 2756 quos
1475 2713 1653 2745 memorat
1672 2708 1759 2745 Pto-

1103 2762 1183 2799 lem.
1207 2763 1276 2810 w,
1299 2763 1348 2803 14
1363 2790 1373 2810 ,
1412 2767 1525 2813 atque
1544 2764 1758 2802 hodiernum
