1863 3256
492 211 1178 255 MELPOMENE.1V.
1383 219 1467 261 599

169 324 353 382 3γλυκύ.
412 325 509 381 περὶ
548 324 594 369 δὲ
632 321 736 368 αὐτὸ
777 323 1008 379 ἅνθρωποι
1051 322 1246 368 οἰκέουσι
1287 325 1512 381 ἔσχατοιόῧ

168 397 309 451 4πρός
341 400 417 453 τῆς
451 395 636 452 ἐρήμου,
679 396 752 439 καὶ
782 394 890 450 ὑπὲρ
919 399 994 451 τῆς
1022 394 1278 450 θηριώδεος.
1335 401 1465 451 Πρῶ-
1522 395 1587 421 ¹⁰⁰⁸
1608 394 1696 422 5⁰¹³*-

195 485 265 511 τοι
294 469 394 524 μὲν,
427 465 512 511 ἀπὸ
547 468 724 524 Θηβέων
755 466 826 510 διοὲ
858 467 960 509 δέκα
991 465 1187 522 ἡμερέων
1218 464 1342 519 ὁδοῦ,
1369 465 1465 522 Ἀμ-

196 538 375 595 μιόνιοι,
420 540 587 595 ἔχοντες
620 538 669 582 τὸ
709 539 807 594 ἷρόν
848 536 935 581 οἷπό
971 542 1052 581 τοῦ
1088 538 1301 594 Θηβαιέος
1331 538 1461 589 Διός’
1511 590 1514 593 .

138 717 316 768 Ecphras.
334 717 430 754 Stat.
449 729 478 753 c.
500 713 563 756 14.
582 714 750 753 Eustath.
766 716 802 752 in

135 773 287 811 Homer.
312 787 348 823 p.
372 772 467 816 995,
488 773 542 813 30
565 785 593 809 S.
614 773 709 818 990,
730 772 798 818 45,

136 834 310 868 monente
330 829 574 878 wesseling,
594 830 656 878 qui
677 829 800 867 Shaw.

137 899 286 936 quoque
322 886 450 923 laudat
472 887 532 923 -de
568 885 652 922 salis
688 886 801 924 ubere

135 956 202 994 per
222 943 288 979 hos
307 942 451 991 Libyae
470 946 608 979 tractus
634 943 739 992 copia
765 947 801 980 et

136 1011 247 1037 causa
272 999 467 1037 fertilitatis
488 1003 699 1036 testantem.
744 997 800 1036 Ae

134 1057 407 1094 recentissimus
436 1056 585 1092 istarum
607 1056 798 1104 regionum

134 1113 413 1162 peregrinator,
460 1112 631 1149 Minutoli
658 1112 682 1149 l.
709 1112 732 1149 l.
762 1116 798 1150 et

133 1170 214 1220 ipse
235 1170 406 1206 observat
417 1169 537 1206 fontes
550 1169 661 1205 dulcis
680 1182 798 1218 aquae

133 1226 363 1276 prosilientes
386 1239 406 1263 e
433 1225 511 1262 solo
536 1225 728 1262 salinario:
759 1226 797 1263 id

134 1284 235 1332 quod
264 1281 436 1319 Larcher.
465 1283 656 1332 repetitum
684 1281 797 1319 voluit

134 1352 156 1376 e
177 1352 280 1386 rore,
319 1351 391 1388 quo
420 1337 474 1375 sal
498 1339 638 1375 solutus
655 1342 692 1375 et
709 1339 794 1375 dein

133 1394 220 1432 solis
254 1395 385 1432 ardore
417 1399 636 1444 evaporatus
670 1395 793 1442 fuerit,

132 1451 292 1501 crystalli
340 1454 506 1489 naturam
566 1453 794 1500 formamque

133 1509 268 1546 deinde
297 1520 499 1546 assumens.
529 1529 584 1536 —
624 1508 665 1545 In
689 1521 793 1557 seqq.

131 1565 243 1603 verba
263 1561 364 1614 πρός
384 1567 455 1615 τῆς
477 1560 628 1616 ἐρήμου
649 1564 792 1603 valent:

131 1634 253 1659 'versus
281 1621 431 1658 deserta.

164 1679 326 1729 Πρῶτοι
341 1675 426 1728 μὲν,
448 1673 703 1729 οἷπὸΘηβέων
724 1674 791 1717 διοῖ

132 1732 419 1785 δέκαῆμερέων
441 1733 551 1785 ὁδοῦ]
577 1736 632 1771 Ab
645 1734 793 1772 Ammo-

130 1791 192 1829 nio
212 1804 243 1829 s.
267 1791 387 1828 Siwah
408 1793 470 1835 (ef.
490 1792 536 1838 ΙΙ,
564 1793 631 1832 32.
655 1791 718 1839 ΙΙΙ,
737 1794 792 1832 26

129 1848 253 1897 ibique
269 1848 382 1896 nott.)
394 1849 532 1885 distant
543 1848 696 1886 Thebae
708 1862 794 1885 cen-

132 1908 212 1942 tum
230 1905 307 1942 fere
337 1904 492 1942 milliarr.
518 1918 666 1954 geogr.·‚
697 1918 792 1954 quae

132 1962 260 1998 decem
278 1961 419 1998 dierum
439 1963 557 2012 spatio
573 1961 702 1998 confici
717 1974 791 1998 non

130 2030 241 2068 posse
279 2018 385 2055 facile
426 2018 661 2067 intelligitur,
710 2031 790 2055 cum

129 2073 346 2125 plerumque
363 2075 524 2124 quinque
541 2075 588 2112 ad
611 2088 790 2112 summum

130 2130 296 2168 milliaria
323 2131 368 2167 ab
389 2132 589 2168 istiusmodi
609 2136 790 2170 mercato-

105 2181 110 2184 *
130 2187 232 2224 ribus
253 2187 289 2223 in
311 2200 421 2224 unuin
442 2188 539 2225 diem
556 2190 791 2225 consumiso-

130 2243 255 2290 leant3
294 2247 335 2279 ut
365 2244 488 2293 potius
520 2244 704 2294 duplicato
736 2247 790 2281 υί-

130 2301 231 2349 ginta·
260 2300 399 2337 dierum
430 2314 583 2337 numero
619 2302 669 2338 ad
699 2301 790 2339 haec

130 2356 357 2407 perficienda
400 2369 493 2406 opus
538 2358 597 2394 sit..
662 2358 791 2407 Itaque

130 2425 242 2450 unam
266 2413 391 2450 decem
422 2415 563 2451 dierum
584 2414 790 2461 stationem,

131 2481 229 2517 quae
247 2469 485 2520 probabiliter
505 2471 541 2507 in
564 2471 641 2508 ousi
656 2484 791 2520 magna

130 2525 242 2562 fuerit
271 2526 322 2562 Et
359 2525 448 2563 Wali
482 2527 519 2563 in
550 2528 631 2577 ipso
669 2529 790 2565 medio

132 2581 264 2618 itinere
286 2582 402 2629 (conf.
421 2587 515 2620 nott.
538 2585 585 2621 ad
609 2584 680 2628 ΙΙΙ,
704 2583 791 2634 26),

132 2638 304 2673 omissam
334 2639 447 2676 videri
477 2641 605 2677 statuit
631 2641 789 2679 Heeren.

133 2693 247 2730 Ideeu
265 2693 309 2739 ll,
325 2695 345 2733 1
359 2707 393 2743 p.
408 2698 502 2742 218,
523 2697 579 2733 cui
593 2697 793 2747 adstipula-

134 2753 194 2786 tur
218 2749 343 2785 ldeler.
362 2750 398 2786 in
416 2750 580 2802 Fundgr.
601 2755 637 2791 d.
659 2755 723 2791 Or.
746 2754 793 2791 [V

134 2818 220 2857 pag.
246 2805 328 2845 406
347 2811 433 2854 seq.¹

192 2857 421 2913 Ἀμμώνιοι]
462 2863 503 2900 In
523 2875 566 2900 ea
585 2864 675 2913 east,
700 2877 796 2915 quae

860 728 957 753 nunc
989 719 1143 753 vocatur
1177 715 1299 753 Sz'wali
1310 745 1323 762 ,
1369 713 1520 753 Ammo-

860 773 940 809 n10s
962 773 1193 822 quaerendos
1213 786 1295 810 esse
1314 785 1425 822 supra
1447 773 1520 810 iam

859 829 909 866 ad
931 829 985 876 ll,
1009 831 1062 869 32
1083 842 1103 866 e
1125 828 1310 865 Minutolii
1331 830 1520 867 itinerario

859 887 1088 933 monuimus,
1129 885 1206 922 coll.
1233 885 1360 923 ldeler.
1380 887 1400 922 l.
1423 886 1445 922 l.
1468 885 1520 924 lV

858 956 896 994 p.
918 942 1000 983 407
1027 955 1110 991 sqq.
1140 943 1327 980 Mannert.
1350 942 1408 989 X,
1438 945 1464 982 2
1481 956 1519 993 p.

858 1000 912 1040 52
932 1012 1037 1048 seqq.
1078 999 1148 1035 Est
1168 1012 1254 1036 vero
1279 999 1336 1035 hic
1355 999 1520 1047 cogitan-
1589 1004 1595 1017 ¹

858 1057 945 1093 dum
966 1057 1012 1093 (le
1033 1056 1199 1103 civitate,
1249 1055 1363 1105 qualis
1389 1057 1518 1093 etiarn-

856 1126 941 1149 num
983 1125 1064 1150 esse
1102 1113 1254 1157 dicitur,
1304 1111 1390 1148 olim
1427 1113 1515 1150 satis

854 1170 1060 1218 frequenti,
1098 1169 1198 1218 quod
1220 1169 1457 1206 cataeombae
1477 1170 1516 1207 in

853 1226 983 1263 vicinia
1005 1226 1095 1262 sitae
1121 1238 1163 1262 ac
1189 1226 1403 1262 mumiarum
1431 1225 1516 1263 reli-

853 1284 946 1332 quiis
966 1282 1128 1332 repletae
1146 1282 1368 1328 ostendunt,
1397 1284 1514 1331 regis-

851 1351 923 1387 que
949 1339 1102 1388 imperio
1136 1339 1297 1376 subiecta
1326 1338 1443 1385 (Her.
1464 1339 1512 1388 ΙΙ,

852 1397 918 1435 32.
945 1397 1041 1442 42),
1077 1394 1176 1432 cuius
1199 1394 1373 1444 palatium
1394 1408 1513 1446 prope

849 1452 966 1489 vicum
995 1451 1196 1500 Schargieh
1221 1464 1319 1488 nunc
1350 1452 1513 1490 dirutum

851 1513 995 1555 exstat,
1025 1512 1122 1546 teste
1144 1507 1316 1544 Minutoli
1336 1508 1358 1545 l.
1380 1508 1402 1544 l.
1422 1522 1510 1559 pag.

853 1563 946 1606 164.
983 1564 1076 1605 165.
1112 1567 1192 1605 167
1228 1564 1308 1602 coll.
1348 1565 1511 1604 Heeren.

849 1623 904 1661 Id.
928 1622 975 1669 ΙΙ,
998 1626 1015 1662 1
1038 1634 1123 1671 pag.
1142 1623 1223 1660 213
1244 1634 1349 1670 seqq.

906 1675 949 1717 τὸ
981 1675 1069 1729 ἷρόν
1100 1673 1176 1716 oin-r&
1208 1680 1281 1716 τοῦ
1313 1674 1510 1728 Θηβαιέος

851 1730 963 1784 Διός]
994 1735 1052 1773 De
1069 1735 1185 1772 forma
1202 1732 1396 1784 Θηβαιέος
1413 1735 1508 1771 conf.

848 1793 879 1840 I,
904 1794 994 1832 182.
1037 1790 1185 1841 Templi
1206 1791 1299 1827 Iovis
1324 1791 1510 1828 Ammonii

848 1849 967 1886 adhuc
986 1852 1183 1898 supersunt
1200 1848 1353 1897 rudera,
1384 1848 1429 1884 ab
1452 1847 1509 1883 in-

848 1905 992 1955 digenis
1012 1909 1140 1941 vocata
1156 1904 1268 1941 Birbe'
1296 1906 1337 1950 (i.
1359 1918 1392 1942 e.
1412 1909 1508 1941 tem-

847 1961 971 2013 plum)
1011 1962 1088 1999 sive
1122 1962 1235 2010 idque
1267 1961 1508 2010 frequentius,

852 2017 1028 2062 Umbecla;
1069 2032 1089 2056 e
1107 2019 1237 2067 quibus
1257 2020 1343 2054 satis
1363 2018 1508 2068 perspi-

847 2076 960 2113 cimus
991 2075 1088 2112 haud
1115 2075 1276 2123 ingentis
1303 2074 1408 2112 molis
1429 2086 1507 2110 am-

845 2133 988 2169 bitusve
1008 2131 1120 2168 fuisse
1146 2132 1238 2168 hauc
1260 2132 1410 2178 aedem,
1443 2143 1508 2167 cu-

846 2189 900 2225 ius
914 2192 1097 2226 structura
1107 2189 1297 2237 formaque
1308 2186 1507 2237 Aegyptia-

846 2245 896 2283 cis
926 2248 983 2282 est
1014 2244 1206 2281 simillima.
1270 2243 1368 2281 Muri
1405 2245 1507 2281 inte-

846 2302 903 2351 gri
945 2314 966 2338 e
1005 2301 1210 2351 lapidibus,
1265 2301 1423 2352 parietes
1452 2300 1507 2337 in-

845 2359 1022 2394 trinsecus
1097 2362 1207 2406 atque
1283 2357 1508 2394 extrinsecus

848 2415 996 2462 figuris,
1027 2414 1163 2462 signis,
1195 2413 1291 2450 notis
1310 2413 1508 2463 Hierogly-

848 2471 964 2521 phieis
995 2470 1153 2507 distincti
1181 2470 1435 2519 coloribusque
1465 2481 1509 2507 ex

847 2532 954 2578 parte
1007 2528 1101 2564 bene
1150 2528 1303 2564 servatis
1357 2526 1509 2571 inducti,

848 2597 943 2633 quae
965 2585 1086 2620 omnia
1106 2583 1304 2621 Thebaicis
1325 2583 1449 2631 figuris
1467 2594 1509 2617 ac

849 2641 946 2677 notis
977 2640 1179 2688 simillima,
1227 2640 1275 2676 ad
1306 2639 1398 2675 lovis
1429 2636 1508 2674 cul-

850 2701 930 2734 tum
957 2696 1139 2734 Ammonii
1177 2696 1381 2745 pertinent3
1429 2697 1509 2729 tota

852 2755 1011 2803 denique
1024 2754 1133 2790 aedes
1152 2765 1254 2789 muro
1275 2749 1509 2794 circumdata,

853 2823 925 2858 quo
947 2809 1089 2859 profani
1111 2821 1132 2844 a
1159 2807 1268 2843 sacris
1289 2811 1509 2842 arcerentur.

854 2865 1132 2903 Accuratissime
1164 2862 1355 2913 descripsit
1388 2861 1510 2898 Miuu-

1522 327 1612 353 monii
1624 336 1631 353 :

1521 361 1620 399 eapite
1649 361 1794 388 arietino:

1674 327 1797 361 Iupiter,
