1863 3256
4 304 8 345 ἑ

3 435 7 500 1

2 575 5 598 l

2 613 4 625 ι

416 109 980 154 MELI’OMENE.
1040 112 1103 149 lv.

125 225 204 281 τήν
231 223 374 281 Ἀσίην
402 224 505 275 τούς
535 219 739 271 Σκύθας,
768 220 842 263 καὶ
869 218 949 274 τὴν
978 217 1276 274 χερσόννησον
1306 222 1419 262 κη’-1
1451 225 1586 285 {fri'tlh-ze
1599 235 1664 287 θεῖ
1682 234 1732 253 rr-

124 307 300 347 σαντες,
348 294 395 338 ἐν
433 297 486 350 τῇ
515 296 602 335 νῦν
635 289 818 347 Σινώπη
849 289 975 341 πόλις
1010 288 1160 341 Ἑλλάς
1191 292 1393 333 οἴκισται.

1314 115 1398 154 297

1506 268 1588 286 eiii
1634 260 1669 288 el

1458 326 1530 360 ιω]

98 366 317 423 3φαυεροὶ
349 364 395 408 δέ
432 365 513 407 εἰσι
551 363 624 407 καὶ
661 364 704 406 οἱ
733 360 913 405 Σκύθαι
951 359 1179 413 διώξαντες
1219 359 1397 414 αὐτούς,

121 438 196 481 καὶ
234 433 487 492 ἐσβαλόντες
533 433 578 484 ἐς
615 437 700 490 γῆν
736 432 817 488 τὴν
855 433 1084 489 Μηδικὴν,
1131 432 1397 488 ἁμαρτόντες

93 511 202 564 4τῆς
242 505 362 550 ὁδοῦ.

432 506 477 548 οἱ
513 505 592 561 μὲν
628 504 712 561 γὰρ
750 504 988 560 Κιμμέριοι
1031 503 1114 547 αἰεὶ
1153 503 1234 560 τὴν
1278 502 1399 556 παρὰ

119 577 351 622 θάλασσαν
390 575 597 632 ἔφευγον·
656 577 700 618 οἱ
738 575 784 618 δὲ
821 574 1024 627 Σκύθαι,
1073 575 1118 618 ἐν
1157 575 1275 631 δεξιῇ
1313 573 1424 617 τόνό

120 647 360 692 Καύκασον
394 647 586 703 ἔχοντες,
618 646 814 691 ἐδίωκον.
872 646 915 696 ἐς
947 644 971 689 ὃ
1002 645 1211 702 ἐσέβαλον
1241 645 1283 696 ἐς
1312 644 1393 702 τήν

122 719 330 776 Μηδικὴν
358 723 460 775 γῆν,
501 718 544 769 ἐς
581 716 820 775 μεσόγαιαν
855 720 932 773 τῆς
969 713 1080 759 ὁδοῦ
1116 718 1394 773 τραφθέντες.

123 786 255 843 οὗτος
294 790 341 835 δὲ
381 789 513 841 ἄλλος
550 788 682 842 ξυνὸς
705 788 927 847 Ἑλλήνων
964 803 1009 831 τε
1049 787 1122 831 καὶ
1157 788 1396 846 βαρβάρων

120 861 352 919 λεγόμενος
382 860 513 917 λόγος
543 862 720 918 εἴρηται.

123 1007 166 1047 ἐν
206 1010 255 1062 τῇ
294 1010 373 1047 νῦν
413 1004 581 1058 Σινώπη
616 1004 729 1056 πόλις

63 1061 201 1111 Ἑλλὰς
228 1063 411 1115 οἴκισται]
453 1066 538 1103 Duo
561 1066 642 1102 libri
670 1064 729 1104 οἴ-

65 1136 197 1172 κηται.
231 1121 266 1158 T
269 1135 292 1158 u
313 1123 407 1160 conf.
427 1122 517 1159 haec
530 1122 729 1172 respicien-

0 1209 1 1224 ,
64 1183 138 1217 tem
158 1178 326 1215 Eustath.
348 1179 395 1215 ad
415 1178 570 1228 Dionys.
582 1178 726 1227 Perieg.

0 1231 1 1281 J
64 1236 171 1281 772,
200 1247 242 1272 ac
266 1235 314 1272 de
334 1235 414 1286 ipsa
436 1236 525 1272 urbe
544 1235 727 1273 Herodot.

0 1293 1 1298 ’
63 1291 102 1338 Ι,
135 1292 228 1332 193.
288 1291 395 1335 Quae
425 1292 511 1329 urbs
543 1292 591 1328 ad
617 1291 727 1329 Ponti

63 1347 198 1385 Euxini
223 1360 324 1385 oram
355 1348 392 1385 in
424 1348 680 1399 Paphlagonia
706 1361 728 1385 a

63 1404 218 1442 Milesiis
259 1405 410 1442 condita
449 1405 544 1442 circa
578 1405 727 1455 Olymp.

63 1460 218 1508 XXXII,
246 1464 272 1502 2
299 1466 430 1511 postea
456 1462 612 1500 maxime
640 1462 729 1499 emi-

63 1517 157 1566 nuit,
185 1531 266 1555 eum
285 1518 395 1556 Ponti
418 1519 520 1568 regia
541 1520 647 1557 sedes
670 1531 729 1557 es-

65 1578 123 1612 set
161 1575 272 1612 facta.
326 1574 386 1612 De
421 1588 495 1625 qua
515 1579 601 1626 post
625 1576 729 1613 Stra-

63 1631 152 1669 bon.
179 1631 248 1668 XII
281 1645 318 1682 p.
338 1629 420 1672 545
446 1645 476 1669 s,
498 1634 575 1672 821
603 1645 659 1682 sq.
691 1635 729 1670 et

0 1712 5 1727 J
63 1687 194 1737 Polyb.
216 1687 278 1734 IV,
299 1690 351 1728 56
375 1688 513 1726 consul.
555 1688 731 1726 Mannert

65 1744 206 1793 Geogr.
227 1745 262 1781 d.
284 1745 348 1781 Gr.
369 1758 403 1781 u.
423 1745 471 1783 R.
501 1746 565 1793 VI,
586 1747 612 1787 3
639 1758 727 1796 pag.

68 1804 115 1841 11
141 1814 225 1851 sqq.
270 1801 607 1840 Raoul-Rochette
628 1802 726 1839 Hist.

65 1857 113 1895 de
134 1857 333 1895 l'Etabliss.
356 1859 392 1895 d.
422 1858 489 1895 col.
517 1859 583 1896 Gr.
609 1858 659 1895 III
689 1872 726 1909 p.

68 1917 144 1955 171
169 1927 265 1964 sqq.,
296 1918 332 1952 et
349 1927 443 1964 quae
462 1916 550 1953 citat
564 1915 661 1953 Gail.
678 1916 726 1952 ad

66 1971 216 2020 Scymni
233 1971 316 2008 Chii
336 1973 504 2021 fragmm.
524 1985 577 2009 vs.
587 1972 670 2013 204
688 1986 726 2023 p.

65 2026 162 2070 407.
199 2027 416 2066 Tzschucke
436 2029 484 2066 ad
505 2029 592 2069 Mel.
621 2029 649 2076 1,
673 2030 724 2069 19

65 2097 102 2135 p.
124 2085 206 2126 597
228 2098 306 2134 seq.
325 2084 426 2135 (Vol.
445 2085 495 2122 III
516 2086 558 2122 P.
580 2084 615 2136 l)
636 2090 728 2122 nott.

65 2153 195 2190 exegg.
236 2134 344 2180 Nunc
371 2142 576 2192 appellatur
606 2142 728 2179 Sinob.

66 2197 189 2247 Atque
210 2198 357 2236 Rittero
389 2199 612 2247 (Erdkunde
639 2200 670 2236 II
693 2213 727 2250 p.

68 2253 169 2305 792)
191 2259 338 2294 auctore
354 2256 426 2293 iam
446 2260 556 2294 antea
566 2257 729 2294 Cimme-

67 2312 201 2348 riorum
232 2312 317 2349 urbs
344 2313 415 2349 suit
444 2313 611 2364 Sinope3
655 2326 728 2362 quo

69 2368 106 2404 in
125 2368 271 2407 nomine
290 2369 429 2418 syllaba
449 2369 542 2417 Sin,
573 2369 729 2420 plurium

70 2425 234 2472 gentium
253 2425 289 2462 in
308 2426 514 2464 nominibus
533 2427 653 2474 obvia,
671 2428 728 2463 in-

71 2480 183 2517 dicari
207 2481 284 2519 vult
297 2476 469 2520 ‘homines
489 2484 609 2534 prisco
637 2496 729 2521 aevo

70 2536 299 2576 metallorum
334 2541 609 2578 tractandorum
630 2540 728 2591 peri-

70 2598 148 2639 tos,
188 2594 312 2642 quales
343 2596 502 2646 Sinopes
539 2597 636 2634 urbis
672 2610 731 2635 re·-

71 2649 266 2699 gionisque
329 2652 530 2691 adiacentis
593 2653 729 2692 incolas

70 2707 183 2744 fuisse
212 2707 428 2757 accepimus,

128 2761 168 2810 ἐς
191 2759 212 2802 ὃ
240 2761 440 2815 ἐσέβαλον]
472 2763 510 2813 ἐς
539 2762 562 2806 ὃ
592 2766 730 2816 (donec)

787 1007 931 1045 exhibui
960 1020 1040 1044 cum
1059 1007 1264 1056 Schweigh.
1289 1008 1453 1046 etGaisf.

785 1064 870 1102 Duo
893 1064 973 1100 libri
991 1064 1164 1101 exhibent
1185 1063 1225 1110 ἔς
1243 1059 1283 1102 τ’
1297 1095 1307 1111 ,
1347 1066 1448 1114 quod

786 1121 885 1157 idem
903 1121 1057 1157 occurrit
1074 1120 1137 1168 IV,
1153 1123 1248 1167 201,
1274 1122 1357 1167 VII,
1371 1122 1446 1162 141

785 1176 940 1226 aliisque
979 1177 1067 1213 locis
1108 1189 1129 1213 a
1169 1178 1305 1214 Struve
1342 1178 1449 1228 Spec.

787 1234 942 1277 Quaest.
970 1234 1018 1271 de
1041 1233 1181 1270 Herod.
1208 1233 1294 1270 dial.
1319 1234 1334 1270 I
1363 1247 1450 1285 pag.

786 1290 840 1331 42
874 1289 1014 1335 allati53
1065 1290 1164 1327 unde
1199 1290 1345 1327 Koenio
1382 1292 1449 1339 (ad

786 1347 944 1395 Gregor.
977 1347 1145 1384 Corinth.
1186 1347 1233 1384 de
1260 1347 1343 1384 dial.
1374 1348 1451 1384 lon.

787 1402 824 1454 ἓ.
845 1405 898 1444 63
921 1417 956 1453 p.
979 1403 1063 1445 472
1085 1404 1251 1452 Schaef.)
1283 1408 1318 1441 et
1339 1404 1450 1442 VVes-

786 1459 941 1509 selingio
964 1460 1001 1496 in
1024 1464 1184 1497 mentem
1207 1461 1307 1498 venit
1328 1460 1367 1508 ἐς
1389 1458 1450 1509 το“,

787 1517 889 1566 quod
921 1518 1038 1566 magis
1073 1517 1121 1553 sit
1146 1517 1333 1566 lonicum,
1384 1532 1451 1556 ne-

787 1574 984 1610 scientibus
1002 1586 1105 1620 sane,
1128 1574 1362 1612 Herodotum
1381 1575 1449 1613 hac

787 1631 826 1667 in
848 1630 1003 1667 formula
1022 1643 1206 1679 nunquam
1228 1631 1271 1668 ea
1292 1633 1344 1668 uti
1365 1645 1451 1682 pro-

788 1687 944 1724 nominis
978 1688 1116 1734 forma,
1153 1700 1248 1736 quae
1273 1700 1294 1725 a
1319 1701 1451 1725 conso-

788 1749 901 1781 nante
929 1743 1088 1794 incipiat.
1147 1744 1294 1782 Monuit
1316 1746 1450 1783 Struve

784 1799 806 1839 l.
826 1799 848 1837 Ι.
880 1800 1005 1844 Quare
1027 1813 1094 1837 nec
1113 1800 1182 1837 hoc
1201 1800 1294 1849 loco,
1316 1815 1384 1840 nec
1404 1801 1450 1850 ΙΙ,

788 1857 889 1903 157,
919 1857 993 1905 IV,
1029 1860 1109 1899 122
1138 1858 1339 1908 quidquam
1370 1871 1450 1896 mu-

782 1914 946 1951 tandum.

841 1969 880 2017 ἒς
904 1966 1122 2023 μεσόγαιαν
1143 1972 1214 2022 τῆς
1233 1969 1334 2011 όδοῦ
1356 1987 1448 2023 τρα-

786 2026 973 2078 φθέντες]
1016 2029 1037 2065 i.
1060 2041 1091 2066 e.
1116 2030 1243 2065 itinere
1272 2030 1311 2066 in
1339 2029 1448 2066 medi-

786 2089 952 2122 terranea
974 2085 1050 2121 loca
1071 2098 1240 2122 converso.
1271 2085 1371 2123 Libri
1385 2086 1448 2123 ali-

787 2147 877 2192 quot
907 2140 1169 2192 στραφέντες,
1206 2142 1448 2180 Valckenario

786 2199 904 2248 magis
930 2199 1109 2236 arrideret
1143 2198 1449 2251 ἐκτραφθέντες,

787 2269 869 2292 cum
898 2254 1159 2306 ἐκτρέπεσθαι
1190 2258 1237 2293 sit
1270 2257 1454 2307 deflectere

789 2313 830 2349 de
851 2316 946 2349 recta
967 2314 1049 2360 via,
1083 2317 1123 2350 ut
1141 2313 1188 2360 Π,
1209 2315 1274 2355 80.
1305 2313 1369 2360 vl,
1385 2314 1451 2355 34.

786 2369 942 2406 Pausan.
966 2370 995 2416 l,
1017 2368 1084 2411 44.
1107 2371 1144 2409 2.
1178 2372 1213 2410 6.
1255 2371 1320 2417 ΙΧ,
1343 2373 1383 2418 2,
1417 2377 1452 2411 1.

785 2426 846 2464 De
858 2427 938 2477 ipsa
956 2428 1073 2463 forma
1089 2425 1336 2479 τραφθέντες
1354 2428 1449 2465 conf.

786 2487 878 2520 nott.
898 2483 945 2520 ad
966 2484 994 2531 I,
1022 2485 1115 2525 130.

843 2535 1054 2592 λεγόμενος
1075 2537 1201 2592 λόγος]
1232 2540 1318 2578 Pari
1339 2540 1450 2576 modo

787 2596 949 2646 loquitur
979 2597 1013 2645 I,
1049 2598 1145 2638 214.
1191 2597 1248 2643 11,
1281 2595 1346 2636 47.
1381 2595 1447 2636 48.

787 2653 868 2701 VII,
889 2653 982 2695 214.
1034 2652 1131 2691 Add.
1153 2654 1308 2691 Pausan.
1331 2653 1358 2701 1,
1384 2654 1447 2698 19,

788 2712 827 2750 2.
866 2710 906 2757 I,
941 2709 1009 2757 43,
1041 2714 1063 2751 1
1099 2710 1179 2747 coll.
1206 2710 1262 2756 II,
1302 2711 1376 2756 13,
1411 2710 1448 2747 8.

788 2766 913 2805 Verba
934 2761 1052 2814 οὗτος
1075 2764 1117 2806 δὲ
1139 2763 1255 2812 ἄλλος
1274 2786 1322 2793 -
1347 2764 1450 2817 εἴρη-

1455 270 1550 321 ῑιικιι.Ι
1573 270 1632 329 “[ἰ,
1659 295 1667 320 ι

1674 261 1722 300 ian

1672 304 1687 320 ,ι
1702 303 1718 321 c

1724 269 1732 287 1

1723 299 1733 321 ῑ
