1863 3256
443 151 1127 196 MELPOMENE.1V.
1334 163 1419 204 419

124 266 424 324 ὃσμησοὶμενοι
450 265 525 318 τὰς
553 264 744 322 κεφαλὰς
774 263 845 308 καὶ
878 261 1215 317 ἐκπλυνάμενοι,
1244 271 1420 311 ποιεῦσι

153 339 254 392 περὶ
282 338 332 382 τὸ
365 341 489 393 σῶμα
518 336 644 382 τάδε·

697 335 829 380 ἐπεὰν
865 334 972 388 ξύλα
1009 331 1197 391 στήσωσι
1236 338 1335 390 τρία
1374 338 1418 390 ἐς

152 406 317 464 ἄλληλα
345 409 594 465 κεκλιμένα,
633 408 731 463 περὶ
763 411 899 451 ταῦτα
927 407 1083 457 πίλους
1113 406 1325 461 εἰρινέους
1349 423 1419 452 πε·

152 481 392 534 ριτείνουσι
410 494 419 504 ·

467 479 794 535 συμφράξαντες
834 478 880 521 δὲ
917 475 976 529 ὥς
1005 477 1210 534 μάλιστα,
1261 481 1419 532 λίθους

151 550 198 593 ἐκ
228 548 369 603 πυρὸς
399 550 639 605 διαφανέας
669 549 930 605 ἐσβάλλουσι
959 548 1002 600 ἐς
1024 549 1199 606 σκάφην
1219 552 1420 609 κειμένην

4 613 90 666 ῘΊ4
146 621 195 664 ἐν
232 619 346 676 μέσῳ
386 623 476 662 τῶν
516 617 657 671 ξύλων
686 634 731 661 τε
769 618 842 661 καὶ
880 623 967 662 τῶν
1005 623 1157 664 πίλων.

148 702 230 747 σφι
258 689 469 746 κάνναβις
498 692 700 747 φυομένη
741 689 788 732 έν
816 693 870 747 τῇ
899 690 1039 748 χώρῃ,
1079 694 1193 750 πλὴν
1221 693 1415 751 παχύτη-

146 778 221 813 τος
251 762 324 805 καὶ
353 760 588 817 μεγάθεος,
618 764 679 819 τῷ
707 762 812 820 λίνῳ
844 761 1155 821 ἐμφερεστάτη·
1204 764 1339 822 ταύτῃ
1370 767 1416 810 δὲ

121 837 301 892 Ξπολλῷ
328 831 566 888 ὑπερφέρει
595 832 621 889 ἡ
653 831 874 888 κάνναβις.

776 904 850 947 καὶ
878 905 921 956 ἐξ
952 903 1086 960 αὐτῆς
1119 906 1303 963 Θρήϊκες
1340 909 1420 964 μὲν
1477 911 1562 954 315

145 975 220 1020 καὶ
250 977 403 1030 εἵματα
434 978 661 1018 ποιεῦνται
682 980 797 1018 τοῖσι
826 974 1006 1021 λινέοισι
1028 974 1287 1029 ὁμοιότατα·
1328 977 1475 1023 οὐδ’66

145 904 220 948 καὶ
251 904 512 961 σπειρομένη
544 902 726 959 φύεται·

936 833 1045 890 αὕτη
1086 834 1159 878 καὶ
1190 835 1414 894 αὐτομάτη

146 1045 222 1098 ἂν,
266 1045 385 1098 ὅστις
423 1046 480 1102 μὴ
525 1045 665 1100 κάρτα
702 1048 868 1101 τρίβων
906 1047 971 1100 εἴη
1003 1045 1157 1101 αὐτῆς,
1202 1050 1416 1105 διαγνοίη,

144 1118 272 1160 λίνου
300 1117 328 1174 ἢ
357 1116 594 1174 καννάβιός
626 1118 733 1161 ἐστι·
777 1116 825 1168 ὂς
856 1118 901 1160 δὲ
931 1115 989 1172 μή
1022 1115 1106 1160 εἶδέ
1126 1133 1189 1160 κω
1211 1118 1291 1174 τὴν
1312 1135 1415 1162 καν-

84 1495 174 1532 dum
193 1495 311 1532 omnis
330 1508 413 1532 earo
434 1499 651 1546 consumpta
669 1496 748 1534 fue-

84 1553 154 1599 rit,
184 1564 258 1601 quo
279 1553 376 1589 facto
394 1566 478 1590 ossa
502 1552 696 1604 sepeliunt.

143 1603 416 1659 σμησάμενοι]
447 1610 470 1647 i.
493 1623 524 1647 e.
553 1611 617 1646 uba·
638 1613 747 1660 caput

85 1676 186 1701 suum
217 1665 446 1704 deterserunt.
486 1666 544 1704 Cf.
573 1670 666 1703 nott.
699 1667 748 1703 ad

84 1720 155 1769 ΙΙΙ,
189 1719 282 1761 148.
314 1721 373 1758 Ad
391 1722 533 1770 πίλους
554 1721 748 1776 εἰρινέους

84 1778 180 1815 conf.
206 1777 278 1815 lV.
308 1781 375 1819 23.

141 1830 470 1886 συμφράξαντες]
543 1830 750 1888 συμφροῖτ-

84 1904 166 1929 τειν
206 1895 262 1928 est
296 1896 393 1929 arcte
430 1893 664 1940 coniungere,
710 1896 749 1930 ut

81 1947 172 1984 nihil
201 1948 304 1984 vacui
331 1949 488 2000 supersit
517 1950 638 1999 spatii.
687 1947 749 1986 Ad

80 2004 199 2041 verba
220 2004 362 2052 λίθους
387 2004 430 2044 ἐκ
449 2002 575 2057 πυοὸς
600 2005 748 2054 διαφα-

81 2056 177 2106 νέας
206 2062 303 2101 conf.
332 2066 430 2100 nott.
460 2063 511 2099 ad
536 2062 595 2110 ll,
624 2065 680 2105 92
712 2065 750 2100 et

254 2172 285 2209 C
300 2186 371 2224 ap.
401 2173 569 2212 LXXIV.

127 2225 242 2268 ’Ἐστι
258 2228 300 2268 δέ
319 2242 390 2279 σφι
403 2226 617 2282 κάνναβις]
644 2232 746 2269 citat

82 2283 176 2323 Lex.
199 2287 355 2334 Seguier
373 2286 689 2335 (Bekk.Anecdd.
715 2288 745 2336 1)

82 2354 169 2391 pag·
193 2343 292 2388 105,
323 2346 374 2384 27
398 2348 436 2381 et
457 2345 618 2393 Hesych.
645 2344 693 2381 T.
714 2344 746 2381 Il

84 2411 121 2448 p.
146 2400 235 2440 138.
272 2399 394 2450 Ipsum
419 2400 536 2438 locum
559 2401 746 2439 Herodoti

84 2453 165 2491 sine
225 2456 320 2493 iusta
377 2469 487 2495 causa
542 2457 746 2496 sollicitavit

84 2509 259 2548 Valcken.

143 2562 266 2620 ταύτῃ
292 2564 334 2606 δὲ
364 2570 500 2623 πολλῷ
523 2567 743 2622 ὑπερφέρει

85 2635 122 2660 κ.
144 2636 175 2660 τ.
198 2623 250 2672 λ.]
284 2623 308 2659 i.
340 2637 371 2662 e.
401 2626 469 2663 hac
492 2630 592 2664 tenus
624 2625 742 2679 (quod

86 2677 162 2715 scil.
186 2679 339 2716 crassior
366 2685 421 2718 est
451 2686 490 2720 et
511 2681 642 2736 maior)
676 2697 743 2721 au-

86 2738 152 2771 tem
170 2735 318 2772 multum
332 2742 491 2785 praestat
507 2739 592 2777 haec
610 2753 743 2777 canna-

87 2791 162 2840 bis,
193 2804 282 2842 quae
310 2796 360 2840 (s,
383 2798 420 2831 et
440 2807 484 2833 eo
501 2808 650 2847 quoque
668 2797 742 2835 scil.

143 1186 327 1241 νάβιδα,
372 1190 517 1232 λίνεον
547 1187 723 1244 δοκήσει
751 1186 864 1232 εἶναι
893 1186 942 1230 τὸ
975 1184 1083 1242 εἷμα.

144 1261 189 1302 οἷ
206 1258 384 1302 Σκύθαι
413 1262 488 1315 τῆς
516 1257 757 1315 καννάβιος
788 1258 838 1302 τό
868 1257 1038 1314 σπέρμα
1068 1258 1196 1302 ἐπεὰν
1225 1260 1405 1316 λάβωσι.
1415 1270 1459 1303 70

141 1327 422 1374 ὑποδύνουσι
451 1328 538 1374 ὑπὸ
578 1329 682 1382 τούς
718 1332 897 1382 πίλους,
940 1329 1016 1373 καὶ
1055 1329 1202 1373 ἔπειτα
1242 1331 1412 1390 έπιβοὲλ

1369 1186 1387 1193 a-

803 1499 967 1546 praestat
983 1497 1103 1546 quod)
1126 1500 1157 1534 et
1177 1501 1295 1547 suante
1310 1501 1471 1548 provenit

803 1556 837 1589 et
859 1556 961 1596 saltu
1000 1554 1039 1590 id
1061 1555 1188 1603 quod'
1181 1567 1217 1591 in
1235 1554 1346 1592 linum
1365 1557 1471 1592 mini-

803 1622 862 1646 me
893 1610 1000 1646 cadit.
1040 1611 1214 1648 Similiter
1233 1619 1471 1662 opponuntur

803 1681 851 1704 τα
900 1660 1106 1716 αὐτόματα
1154 1663 1300 1716 φύεται
1344 1673 1381 1705 et
1421 1684 1470 1709 τα

806 1718 1046 1774 σπειρόμενα
1074 1719 1216 1773 φύεται
1234 1724 1290 1772 ll,
1321 1724 1398 1773 94,
1427 1730 1470 1763 ut

806 1783 930 1816 monet
962 1779 1134 1818 Valcken.
1148 1809 1158 1828 ‚
1201 1781 1263 1830 qui
1292 1781 1329 1818 in
1363 1794 1470 1832 seqq.

805 1836 858 1872 sic
888 1835 972 1873 olim
1003 1837 1176 1887 scriptum
1207 1850 1288 1875 esse
1308 1839 1470 1877 coniicit:

806 1907 872 1930 και
898 1891 937 1940 ἐξ
965 1888 1088 1944 αὐτῆς
1111 1889 1308 1946 Θρηισσαι
1332 1910 1470 1946 γυναι-

805 1945 927 2000 κη’ϊον
996 1945 1148 2000 κόσμον
1209 1949 1277 1989 καὶ
1329 1950 1469 2003 είματα

804 2007 1022 2045 ποιεῦνται.
1058 2008 1147 2045 Sine
1166 2020 1294 2054 causa,
1322 2013 1362 2045 ut
1382 2009 1469 2047 mihi

804 2063 959 2100 videtur.
991 2063 1052 2100 Tu
1068 2064 1140 2101 vid.
1157 2064 1319 2113 Hesyeh‚
1340 2065 1361 2102 l.
1378 2065 1469 2103 1.-

812 2119 971 2171 Τρίβων
991 2120 1121 2157 dicitur
1139 2122 1258 2168 tritus,
1283 2122 1305 2157 i.
1326 2135 1356 2159 e.
1371 2123 1468 2172 peri-

806 2178 885 2222 tus,
926 2181 1097 2214 monente
1127 2177 1272 2214 Ernest.
1308 2179 1356 2215 ad
1384 2178 1468 2215 Ari-

806 2232 925 2282 stoph.
947 2233 1048 2270 Nub.
1073 2235 1178 2280 866,
1209 2238 1249 2270 ut
1277 2239 1380 2271 notat
1401 2235 1466 2273 Cr.

862 2289 975 2327 λίνου
988 2285 1016 2338 ἢ
1027 2286 1245 2341 κανναβιός
1259 2289 1353 2342 ἐστι]
1366 2293 1469 2329 Citat

802 2345 933 2382 Pollux
961 2346 1048 2393 Vll,
1077 2349 1131 2388 72
1160 2346 1238 2384 coll.
1258 2347 1467 2386 Casaubon.

802 2402 851 2439 ad
872 2402 993 2439 Laert.
1014 2403 1086 2450 ΙΙΙ,
1117 2405 1181 2445 63.
1222 2404 1275 2440 Ac
1293 2410 1468 2443 monente

800 2458 894 2495 Italo
915 2459 1129 2509 interprete,
1160 2459 1373 2498 Herodotus
1390 2462 1465 2511 pri-

800 2527 880 2553 mus
910 2516 1084 2554 cannabis
1120 2515 1269 2567 (Hans)
1309 2519 1466 2556 mentio-

799 2585 882 2611 nem
903 2572 1000 2610 fecit.

980 2629 1091 2679 Cap.
1121 2627 1275 2668 LXXV.

857 2680 1110 2724 ’ὑποδύνουσι
1146 2682 1228 2723 ’ὑπὸ
1268 2681 1362 2731 τούς
1391 2682 1462 2723 πί-

800 2740 916 2790 λους]
958 2742 984 2783 i.
1018 2755 1050 2779 e.
1087 2741 1235 2777 subeunt
1269 2743 1332 2777 sub
1357 2741 1461 2790 pilos.

799 2796 860 2835 Ad
875 2797 1016 2845 πίλους
1037 2799 1134 2835 conf.
1156 2797 1217 2844 lV,
1240 2799 1308 2837 23.
1338 2799 1461 2836 Verbo

1101 2855 1154 2894 27
1173 2850 1190 2867 *

1205 621 1326 666 ’Ἐστι
1364 624 1409 668 δέ
1421 624 1608 687 60g2”,¹}‚³¹'¹
1601 636 1623 655 ¹⁹

1473 696 1503 720 te
1496 669 1584 720 cyna
1616 665 1675 689 eth.
1663 672 1705 698 ψ
1707 674 1752 726 {t

1473 731 1557 754 sata:

1473 769 1519 787 GU!
1513 770 1572 788 sslv

1570 697 1680 728 8011ΙΙ·

1589 730 1750 758 nde'snr-la

1578 765 1736 795 cst-,telin

1519 804 1569 830 sq
1575 805 1641 825 uam
1659 797 1750 825 simil-

1470 797 1574 858 ltiiiiae.

1149 1188 1320 1243 Ταύτης
1351 1194 1413 1234 ὠν
1470 1189 1683 1287 Ξεῗῖζίιᾞέξὲῗ
1713 1227 1737 1253 fs

1472 1258 1498 1283 lo
1502 1259 1646 1319 ε’ἓι-οΙειιει
1737 1277 1749 1281 -

1469 1291 1508 1317 lie
1512 1300 1559 1318 rso
1546 1301 1612 1326 squ
1635 1270 1748 1321 ιιιειιιιΙί-

1468 1326 1518 1351 tur
1520 1333 1561 1352 a«
1575 1335 1646 1362 sae,
1673 1328 1728 1354 ben

1470 1359 1572 1386 oleant
1607 1348 1646 1387 σι’
1663 1369 1746 1389 muu-

1472 1391 1532 1421 ‹lae
1549 1393 1676 1423 niteant.

1671 633 1750 665 apud

1731 1201 1749 1222 θ

1711 1336 1748 1355 ne
