1863 3256
16 426 21 491 i

491 66 1057 108 MELPOMENE.
1116 67 1179 105 IV.

1387 74 1470 113 327

199 178 438 235 ὑπερβάντι
469 179 514 222 δὲ
543 175 754 230 τούτους,
791 175 952 228 ἄλλους
983 174 1278 229 ἀνθρώπους,
1312 181 1356 219 οἳ
1388 179 1468 234 τήν

172 248 422 305 3ἒξάμηνον
450 247 734 293 καθεύδουσι.
793 251 921 292 τοῦτο
953 246 999 290 δὲ
1031 245 1113 290 οὐκ
1134 246 1366 302 ἐνδέκομαι
1388 248 1468 303 τὴν
1480 258 1525 289 80

172 318 353 376 4άρχήν.
409 318 531 362 ’Λλλοὶ
569 317 617 362 τό
648 318 728 375 μὲν
767 318 878 373 πρὸς
913 316 980 375 ἠῶ
1011 322 1099 362 τῶν
1130 322 1373 374 φαλακρῶν
1409 335 1469 373 γι-

141 457 357 504 praeruptos
407 466 570 503 saxaque
626 467 803 492 conscen-

141 511 242 546 dant.
302 509 484 547 Gatterer.
516 510 538 547 l.
564 510 587 547 l.
625 524 660 560 p.
687 513 711 551 8
741 524 802 547 ca—

134 565 299 615 pripedes
321 565 434 603 fuisse
459 568 647 603 contendit
668 567 801 615 gralla-

139 627 259 658 torum
275 622 349 658 sive
369 622 717 660 colobathrariorum
736 637 801 673 ge-

137 691 218 725 nus,
240 678 301 727 qui
322 691 394 727 quo
416 681 575 717 securius
597 693 663 730 per
684 682 800 718 ardua

137 739 173 772 et
208 735 366 785 abrupta
401 737 578 773 montium
614 737 800 775 ambulare

135 796 308 842 possent,
347 793 575 831 ferramentis
606 795 662 831 vel
693 793 798 843 lignis

136 848 246 885 etiam
278 848 436 885 hirsutas
463 850 619 900 pedibus
644 851 799 900 adapta-

135 905 275 950 verint3
316 910 355 941 ut
383 907 476 944 adeo
498 919 627 960 parum
648 907 797 944 absimi-

134 961 186 999 les
212 962 344 998 fuerint
370 963 525 1000 Caucasi
556 963 708 1010 accolis,
750 964 798 1001 de

133 1018 264 1067 quibus
293 1019 429 1056 Strabo
450 1019 502 1056 Xl
540 1033 578 1070 p.
603 1020 684 1060 506
713 1034 741 1057 s.
760 1034 796 1069 p.

133 1076 217 1114 772
229 1074 272 1112 B.
305 1075 403 1118 Quin
421 1078 535 1112 ovium
552 1088 678 1124 genus,
696 1077 797 1125 quod

130 1130 266 1179 Argalt'
279 1136 412 1168 vocant
425 1133 694 1180 (Steinschase)
707 1146 794 1169 num

130 1187 189 1224 hic
204 1187 358 1236 intelligi
374 1190 507 1238 possit,
530 1190 675 1238 quaerit
688 1189 795 1226 Man-

129 1248 223 1282 nert.
244 1243 293 1281 IV
309 1258 345 1295 p.
367 1248 458 1285 113.
492 1246 584 1283 Mihi
607 1246 721 1283 satius
742 1246 794 1282 vi-

128 1301 239 1338 detur
271 1314 351 1338 cum
372 1302 555 1340 Heerenio
582 1303 694 1340 Ideen
721 1307 791 1340 etc.

127 1357 156 1405 l,
177 1360 202 1397 2
233 1371 322 1408 pag.
346 1358 429 1399 284
460 1359 547 1397 talia
577 1360 713 1397 referre
743 1360 790 1396 ad

127 1414 290 1462 fabulas,
328 1427 423 1464 quae
452 1418 499 1454 de
529 1416 661 1453 ultimis
683 1416 790 1454 Asiae

128 1472 275 1509 mediae
296 1476 332 1509 et
352 1473 646 1522 septentrionalis
677 1485 720 1510 ac
741 1473 789 1510 si—

128 1527 281 1577 gillatim
305 1529 472 1566 Siberiae
493 1530 706 1578 regionibus
734 1530 789 1566 in-

128 1584 260 1622 colisve
286 1586 498 1623 ferebantur
522 1600 563 1623 ac
585 1600 650 1635 per
673 1587 789 1623 Grae-

126 1642 219 1679 ciam
233 1643 511 1692 spargebantur.
538 1643 596 1679 Ad
610 1643 789 1680 Siberiam

126 1698 217 1735 haec
257 1712 405 1748 quoque
439 1700 631 1737 referenda
665 1705 790 1737 censet

125 1754 347 1792 Maltebrun.
367 1756 512 1793 Annall.
535 1757 571 1794 d.
591 1756 735 1806 Voyag.
758 1756 788 1793 ll

124 1823 212 1863 pag.
237 1813 331 1852 373.

183 1864 407 1920 ’ὑπερβάντι
437 1866 479 1907 δὲ
504 1864 687 1919 τούτους]
730 1868 789 1906 De

125 1926 307 1976 participii
355 1931 536 1963 structura
594 1927 689 1964 conf.
740 1925 787 1971 ΙΙ,

127 1985 192 2023 11.
223 1984 291 2022 29.

185 2035 330 2085 ἄλλους
355 2034 622 2091 άνθρώπους,
657 2040 696 2079 οἳ
713 2036 788 2090 τήν

127 2092 329 2147 ἑξάμηνον
349 2093 610 2147 καθεύδουσι]
642 2098 664 2136 i.
681 2111 712 2135 e.
728 2098 790 2146 qui

124 2165 186 2190 sex
212 2166 433 2203 permenses
467 2153 653 2190 dormiunt.
712 2154 787 2190 Ubi

124 2209 234 2258 vulgo
255 2210 428 2260 supplent
446 2211 644 2260 περίοδον.
676 2211 785 2248 Conf.

125 2265 255 2306 Lamb.
285 2267 373 2304 Bos.
405 2268 463 2305 De
492 2268 625 2318 ellipss.
653 2268 718 2304 Gr.
747 2281 783 2318 p.

127 2324 208 2363 382
224 2324 302 2361 coll.
320 2336 406 2374 pag.
421 2325 514 2365 545.
546 2326 699 2375 Spectat
715 2324 785 2361 huc

126 2377 292 2417 Eustath.
326 2381 373 2417 ad
404 2381 558 2431 Dionys.
598 2381 782 2430 Perieget.

127 2434 220 2475 581.
275 2436 335 2473 Ad
357 2443 610 2486 argumentum
630 2438 698 2474 loci
726 2451 783 2475 re-

127 2494 184 2528 cte
221 2492 269 2529 ita
304 2495 430 2531 scribit
466 2495 649 2532 Gatterer.
682 2494 704 2531 l.
738 2494 781 2532 l.:

128 2546 235 2594 „hoc
264 2550 397 2587 nemini
434 2551 544 2589 hodie
573 2550 783 2589 incredibile

127 2605 265 2655 poterit
300 2618 407 2653 esse,
453 2608 539 2657 qui,
589 2608 704 2658 qualis
739 2609 785 2645 sit

126 2660 347 2711 Lapponurn
372 2668 578 2702 nostrorum
604 2665 701 2703 vitae
727 2677 784 2702 ra·

127 2718 198 2764 tio,
228 2718 327 2756 haud
348 2719 609 2768 ignoraverit.“
638 2721 691 2759 Ac
711 2722 787 2760 veri

861 453 948 502 quid
970 454 1037 491 hac
1058 455 1094 491 in
1117 453 1239 491 sabula
1256 466 1342 491 vere
1359 452 1524 490 Siberica

860 511 1010 547 subesse
1036 511 1130 548 bene
1160 511 1250 548 vidit
1272 510 1433 547 Heeren.
1455 508 1477 546 1.
1499 508 1522 546 l.

860 579 945 615 pag.
977 568 1071 606 284.
1101 569 1184 608 307
1225 566 1303 604 coll.
1336 567 1521 604 Mannert.

859 623 907 659 lv
937 637 972 673 p.
1012 625 1101 665 113.
1162 624 1331 661 Bredow.
1363 623 1520 672 Specim.

861 679 1061 729 Uranolog.
1086 693 1171 730 pag.
1196 680 1282 717 XVI
1306 684 1343 717 et
1363 678 1520 717 Rennel.

856 749 891 786 p-
914 736 1008 777 443.
1068 737 1142 774 Ubi
1160 738 1255 774 enim
1278 741 1444 787 tempore
1466 735 1521 771 hi-

857 793 971 829 berno
1003 794 1118 830 omnis
1152 794 1257 842 quasi
1278 798 1412 830 natura
1434 793 1520 829 dor-

855 850 944 886 mire
966 850 1120 897 videtur,
1152 851 1239 899 quid
1258 850 1399 897 mirum,
1420 848 1519 899 ipsos

854 906 1019 943 homines
1061 919 1125 944 sex
1170 908 1347 943 mensium
1398 906 1518 956 spatio

853 963 1053 1013 parietibus
1085 962 1244 1000 inclusos
1276 968 1313 1000 et
1344 963 1518 1000 continua

853 1021 930 1056 sere
948 1021 1062 1056 noctis
1087 1019 1256 1068 caligine,
1280 1032 1354 1056 non
1377 1019 1445 1055 nisi
1463 1018 1519 1055 lu-

852 1088 923 1112 nae
953 1076 1029 1112 sive
1059 1089 1212 1112 aurorae
1249 1075 1406 1112 borealis
1438 1075 1517 1112 luce

852 1132 1008 1169 subinde
1050 1132 1306 1179 collustratae,
1353 1144 1516 1182 pressos,

852 1188 1075 1226 dormientes
1114 1189 1185 1226 dici
1221 1201 1284 1226 sex
1320 1201 1387 1239 per
1411 1201 1515 1225 men-

851 1243 942 1282 ses?
1002 1245 1110 1289 Quae
1142 1258 1223 1282 cum
1254 1245 1305 1282 ita
1334 1246 1430 1291 sint,
1468 1246 1516 1283 de

849 1301 1019 1340 Siberiae
1040 1302 1166 1339 incolis
1194 1302 1284 1339 haec
1304 1301 1516 1351 intelligen-

849 1359 898 1395 da
919 1371 1026 1405 esse,
1068 1364 1168 1397 recte
1195 1358 1323 1396 statuit
1345 1358 1514 1396 VOlcker.

846 1414 965 1465 Myth.
991 1416 1131 1465 Geogr.
1163 1416 1178 1452 I
1211 1428 1297 1466 pag.
1331 1417 1424 1457 191.
1458 1435 1514 1443 —

845 1472 888 1509 In
901 1485 982 1522 sqq.
1002 1470 1077 1521 τήν
1097 1468 1226 1523 άρχήν
1247 1474 1344 1509 valet
1361 1474 1512 1519 omnino,

840 1542 1000 1579 prorsus,
1029 1536 1070 1566 ut
1089 1529 1153 1577 111,
1179 1531 1243 1569 16.
1273 1528 1339 1577 IV,
1356 1531 1423 1570 28·
1444 1532 1513 1576 29,

846 1586 945 1622 alibi.

904 1637 1015 1681 Ἀλλά
1045 1638 1090 1681 τό
1127 1638 1198 1692 μὲν
1229 1638 1329 1694 πρὸς
1361 1636 1428 1692 ηάῒ
1453 1662 1511 1669 -

845 1694 1081 1748 Ἰσσηδόνων
1123 1694 1380 1750 οἰκεόμενον]
1423 1699 1446 1736 i.
1476 1711 1510 1736 e.

846 1756 943 1802 „sed
985 1769 1059 1793 eam
1092 1757 1290 1804 regionem,
1338 1768 1428 1805 quae
1464 1756 1510 1792 ab

848 1815 976 1849 oriente
1014 1813 1193 1850 calvorum
1231 1814 1408 1849 homiuum
1437 1814 1510 1849 sita

846 1873 918 1916 est,
945 1872 1036 1907 satis
1056 1874 1145 1906 certo
1167 1872 1363 1920 accepimus
1384 1869 1429 1905 ab
1452 1867 1509 1905 Is-

845 1927 1032 1964 sedonz'bus
1072 1927 1225 1963 ipzcolz'fl
1298 1921 1509 1977 Ἀτρεκέως

846 1996 926 2021 cum
941 1984 1143 2033 Schweigh.
1165 1988 1203 2021 et
1222 1983 1340 2021 Gaisf.
1359 1983 1508 2029 inserui,

845 2054 924 2078 cum
959 2053 980 2077 a
1016 2040 1178 2091 pluribus
1212 2040 1312 2077 libris
1350 2040 1507 2077 abesset.

845 2096 980 2146 Neque
1015 2098 1153 2147 recepit
1186 2096 1385 2143 Matthiae,
1426 2109 1507 2134 cum

844 2167 934 2191 sane
957 2154 1062 2191 facile
1085 2154 1220 2190 oriatur
1238 2153 1419 2204 suspicio,
1461 2165 1507 2191 ex

844 2211 885 2247 iis
907 2211 1041 2259 verbis,
1068 2224 1163 2259 quae
1184 2211 1313 2260 capitis
1334 2210 1437 2247 initio
1453 2209 1507 2248 le-

843 2272 980 2317 guntur
1009 2263 1160 2314 (οὕᾶεὶς
1192 2263 1388 2318 α’τρεκέως
1422 2263 1506 2306 οἶδε

843 2319 1040 2375 φράσαι),
1081 2337 1208 2362 vocem
1233 2325 1304 2361 huc
1330 2324 1505 2361 intrusam

842 2394 934 2419 esse.
982 2381 1023 2417 ln
1051 2394 1155 2430 seqq.
1195 2376 1328 2420 αὐτῶν
1351 2377 1505 2420 τούτων

840 2451 922 2475 cum
940 2438 1055 2475 Gaisf.
1077 2443 1115 2476 et
1132 2438 1267 2476 Matth.
1288 2438 1417 2488 scripsi
1436 2450 1504 2487 pro

841 2490 995 2534 αὐτέων
1049 2493 1234 2534 τουτέων.
1322 2493 1504 2531 Issedones

841 2556 1171 2590 commemorantur
1188 2552 1216 2599 I,
1239 2554 1317 2592 201
1341 2550 1501 2598 (ubivid.

841 2611 969 2657 nott.).
1021 2609 1072 2646 IV
1082 2638 1093 2656 ,
1133 2611 1197 2649 13.
1240 2611 1294 2650 26
1340 2608 1503 2654 itemque

842 2666 942 2716 apud
961 2665 1116 2703 Ptolem.
1139 2665 1203 2711 Vl,
1238 2663 1303 2710 15,
1337 2665 1409 2709 16,
1440 2662 1502 2711 qui

841 2726 917 2760 tres
934 2722 1037 2760 huius
1057 2721 1212 2758 nominis
1232 2724 1362 2770 gentes
1375 2719 1503 2755 distin-
