1946 3272
466 180 550 221 170

858 182 1335 222 HERODOTI

469 287 539 342 δὲ,
570 287 642 332 καὶ
659 286 892 344 Ἀρμενίων
903 324 914 343 ,
942 292 1015 335 καὶ
1033 296 1119 335 τῶν
1135 292 1381 349 προσεχέων
1397 292 1517 349 μέχρι
1538 297 1620 338 τοῦ
1633 293 1735 338 πόν-
1747 302 1791 336 65

461 375 544 402 του
569 364 649 403 τοῦ
669 360 907 413 Εὐξείνου,
947 362 1202 417 τετρακόσια
1226 364 1427 408 τάλαντα.
1486 364 1623 420 νομός
1650 367 1735 419 τρί-

435 435 542 481 Ξτος
563 430 635 473 καὶ
657 430 835 482 δέκατος
859 427 998 484 οὗτος.
1053 433 1157 478 Ἀπὸ
1179 436 1224 479 δὲ
1245 438 1527 491 Σαγαρτίων,
1559 435 1632 478 καὶ
1649 438 1736 477 Σα-

464 501 682 556 ραγγέων,
713 503 788 546 καὶ
811 505 1099 559 Θαμαναίων,
1131 506 1204 549 καὶ
1228 505 1421 559 Οὐτίων,
1455 506 1528 551 καὶ
1551 504 1737 557 Μύκων,

408 689 489 714 esse
502 676 702 726 suspicatur
723 673 818 711 idem
836 674 991 712 Rennel.
1023 673 1074 712 At

406 732 626 770 Billerbcck.
656 731 677 767 l.
705 728 727 766 l.
751 742 835 780 pag.
862 732 911 770 13
943 731 991 767 ob
1019 731 1073 767 lo-

408 802 469 825 cos
486 787 664 824 Herodoti
689 786 752 832 lll,
772 790 851 828 102
872 792 907 824 et
930 787 993 833 IV,
1017 787 1072 828 44

407 844 619 893 Pactyz'cam
636 843 684 879 ad
707 842 836 879 Indum
856 843 1006 880 fluvium
1023 844 1073 879 si·-

407 904 483 937 tam
511 901 621 937 fuisse
643 899 740 943 vult·‚
769 899 826 935 cui
849 911 932 935 mox
960 912 996 949 p.
1020 897 1071 938 14

404 960 482 993 not.
520 955 674 1004 Pactyes
704 955 752 991 ad
779 955 853 992 Oxi
882 956 1070 1004 superiora

405 1013 444 1049 in
477 1012 582 1049 litore
616 1010 843 1050 meridionali
884 1011 1070 1048 habitasse

404 1067 629 1119 probabilius
663 1068 820 1105 videtur.
884 1067 940 1104 Tu
973 1068 1070 1104 conf.

403 1124 565 1162 Heeren.
586 1125 700 1163 Ideen
722 1124 750 1170 l,
771 1127 796 1164 2
820 1137 906 1174 pag.
929 1126 1010 1164 289
1033 1129 1072 1161 ct

402 1180 612 1218 Maltebrun
643 1181 666 1218 l.
703 1180 724 1217 l.
759 1193 845 1231 pag.
874 1182 978 1226 340,
1009 1181 1071 1230 qui

404 1237 614 1287 Pactyicam
633 1238 769 1275 hancce
790 1239 827 1274 in
845 1237 952 1275 terris
971 1237 1070 1274 Cau-

403 1294 511 1331 casiis
549 1293 763 1344 plerumque
795 1295 841 1330 ab
880 1293 1071 1331 Armenio-

402 1363 481 1388 rum
512 1350 664 1400 imperio
694 1351 990 1401 dependentibus
1021 1351 1070 1387 si-

402 1411 478 1444 tam
500 1407 611 1444 fuisse
634 1408 899 1444 contendit—
914 1407 973 1444 De
990 1407 1069 1444 He-

402 1463 523 1500 rodoti
554 1463 750 1509 Armenici,
795 1464 1067 1512 angustioribus

389 1520 535 1573 =finibus
557 1520 707 1566 inclusa,
727 1521 799 1557 vid.
824 1521 852 1567 I,
878 1522 957 1561 180
978 1520 1066 1569 ibiq.

400 1580 492 1614 nott.
521 1581 560 1614 et
587 1577 634 1624 V,
658 1576 722 1616 52.
765 1577 796 1613 Ε
817 1578 986 1614 strabon.
1014 1576 1067 1613 XI

400 1645 437 1684 p.
456 1632 538 1673 530
559 1645 587 1669 s.
618 1646 702 1682 pag.
721 1635 804 1673 802
823 1634 866 1670 B.
894 1633 1066 1670 Larcher.

401 1688 523 1734 affert,
553 1688 745 1726 Armenios
768 1695 914 1739 praeter
939 1690 1066 1726 tributi

401 1757 578 1782 summam
604 1746 682 1795 regi
702 1747 900 1795 quotannis
921 1747 970 1782 ad
996 1745 1068 1782 Mi-

401 1802 507 1840 thrae
552 1803 681 1839 festum
723 1802 899 1841 obtulisse
938 1802 1068 1852 viginti

403 1858 501 1896 mille
524 1872 639 1908 equos
661 1858 790 1909 pullos.

458 1910 553 1953 'And
593 1913 635 1954 δὲ
665 1913 916 1966 Σαγαρτίων]
947 1915 1067 1951 Huius

403 1972 587 2021 satrapiae
608 1971 748 2008 ambitu
773 1971 958 2008 Persidem
982 1984 1068 2020 pro-

403 2028 520 2078 priam
547 2027 702 2074 includi,
732 2029 839 2065 sitam
876 2029 972 2064 inter
999 2028 1068 2063 Sa-

403 2096 583 2132 rangaeos
607 2089 642 2121 et
667 2084 849 2122 Persicum
871 2085 987 2121 sinum
1011 2087 1068 2120 at-

403 2152 476 2188 que
508 2141 690 2177 ordinario
720 2142 855 2178 tributo
886 2145 1066 2178 exemtarn

403 2200 498 2234 teste
520 2197 712 2234 Herodoto
730 2197 793 2244 ΙΙΙ,
809 2199 876 2243 97,
896 2197 993 2233 haud
1012 2196 1067 2232 in-

403 2252 491 2288 iuria
514 2254 711 2291 observare
740 2254 882 2291 videtur
911 2252 1065 2290 Rennel.

399 2307 421 2344 l.
446 2307 469 2345 l.
493 2321 577 2358 pag.
600 2312 693 2351 508.
713 2332 767 2337 -—
786 2310 844 2347 De
860 2309 1062 2358 Sagartiz's,

399 2376 494 2413 quos
511 2365 645 2401 incolas
659 2367 817 2414 regionis
831 2367 990 2414 Zagatai
1003 2379 1063 2403 es·-

399 2433 440 2457 se
464 2422 670 2471 suspicatur
686 2423 783 2458 idem
803 2422 976 2468 Rennel.,
1007 2423 1063 2458 di-

398 2477 513 2513 ximus
535 2478 582 2513 ad
601 2478 626 2522 Ι,
641 2478 731 2518 125.
766 2479 805 2514 ln
822 2478 946 2515 Media
960 2478 1064 2526 aqui-

399 2532 496 2570 lonia
522 2534 705 2571 habitasse
727 2547 799 2570 non
823 2535 1063 2584 improbabile

399 2589 542 2627 videtur
553 2590 698 2627 Gatter.
721 2591 787 2637 (ad
806 2590 1022 2627 Billerbeck.
1040 2590 1062 2627 l.

400 2645 423 2682 l.
446 2659 530 2696 pag.
557 2648 640 2693 16).
681 2647 840 2684 Gentem
866 2647 1062 2683 nomadum

404 2702 441 2738 in
464 2701 615 2740 Perside
635 2704 782 2753 propria
801 2704 912 2740 fuisse
933 2704 1063 2740 statuit

400 2757 622 2796 Maltebrun.
640 2759 663 2797 l.
686 2759 707 2800 l.
733 2772 818 2810 pag.
842 2762 933 2800 340.

457 2814 524 2855 καὶ
553 2814 815 2869 Σαραγγέων]
868 2816 1062 2865 Saranges

1129 676 1283 714 Rennel.
1303 676 1324 713 l.
1336 676 1355 713 l.
1375 677 1526 714 collocat
1544 677 1579 713 in
1598 680 1694 714 terra
1711 675 1793 712 Ζα-

1131 745 1248 781 rang,
1274 746 1303 770 s.
1328 733 1509 780 Siltistan,
1540 738 1579 769 ut
1605 746 1701 770 nunc
1722 745 1793 782 ap-

1128 789 1294 839 pellatur.
1335 789 1396 826 Tu
1423 791 1496 826 vid.
1526 790 1604 836 Vll,
1631 792 1695 830 67.
1728 788 1794 835 ΙΙΙ,

1133 847 1211 884 117
1222 849 1258 882 et
1268 846 1494 894 potissimum
1507 846 1666 883 Heeren.
1681 846 1792 882 Ideen

1128 900 1156 946 l,
1172 904 1189 939 1
1214 914 1300 950 pag·
1315 901 1409 940 334.
1439 902 1572 939 Ritter.
1589 901 1794 938 Erdkunde

1127 956 1160 992 11
1184 969 1269 1006 pag.
1294 958 1342 996 18
1361 970 1462 1006 seqq.
1487 960 1536 997 21
1558 970 1661 1006 seqq.
1692 957 1791 994 Nam

1128 1011 1331 1050 celebratur
1350 1013 1441 1049 haec
1460 1014 1561 1062 regio
1582 1014 1618 1049 in
1633 1013 1792 1062 antiquis

1128 1068 1321 1106 Persarum
1335 1069 1594 1106 traditionibus
1605 1064 1792 1118 sacrisque

1127 1125 1226 1162 libris
1263 1126 1339 1163 sive
1375 1126 1618 1171 carminibus,
1653 1125 1792 1175 quippe

1128 1195 1225 1231 quae
1252 1182 1401 1219 heroum
1433 1183 1538 1219 sedes
1568 1188 1606 1219 et
1639 1183 1792 1219 deorum

1125 1239 1229 1287 quasi
1254 1240 1373 1288 patria
1396 1239 1513 1275 suerit.
1571 1238 1682 1281 Quod
1707 1251 1792 1276 vero

1126 1295 1304 1332 Valcken.
1325 1295 1372 1330 ad
1395 1295 1458 1342 ΙΙΙ,
1475 1298 1553 1335 117
1577 1290 1793 1346 Σαράγγας

1125 1355 1163 1389 et
1182 1346 1366 1402 Δράγγας
1390 1365 1457 1401 pro
1486 1363 1557 1387 una
1588 1351 1792 1399 eademque

1125 1413 1236 1457 gente
1256 1408 1378 1454 habet,
1399 1409 1457 1444 vix
1480 1408 1626 1444 dubium
1649 1408 1791 1444 videbi-

1126 1470 1185 1501 tur
1201 1465 1537 1513 pronuntiationem
1557 1464 1683 1501 literae
1697 1463 1791 1501 Sain

1125 1521 1317 1571 spectanti.
1376 1520 1466 1558 lnde
1495 1525 1592 1557 reete
1620 1520 1790 1569 Drangas

1125 1577 1163 1613 in
1184 1578 1311 1614 eadem
1339 1578 1488 1626 regione
1508 1576 1660 1625 Zarang
1680 1576 1793 1613 collo-

1126 1637 1185 1670 cat
1212 1634 1292 1670 Van
1332 1633 1397 1670 der
1428 1633 1528 1681 Chys
1566 1633 1791 1670 Commentt.

1124 1702 1255 1739 geogr.
1278 1689 1327 1726 ad
1350 1689 1490 1726 Arrian.
1520 1702 1605 1739 pag.
1629 1691 1695 1730 79.

1180 1746 1246 1784 καὶ
1261 1743 1518 1796 Θαμαναίων]
1545 1745 1790 1782 Τὴαηιαηαεο-

1124 1815 1222 1849 rum,
1250 1803 1311 1852 qui
1339 1803 1431 1839 infra
1455 1815 1601 1851 quoque
1622 1802 1685 1849 lll,
1709 1804 1789 1842 117

1124 1864 1473 1905 commemorantur,
1504 1859 1612 1895 sedes
1640 1870 1789 1895 accura-

1124 1916 1194 1952 tius
1215 1916 1375 1952 indicare
1402 1928 1474 1951 non
1496 1915 1611 1952 audet
1631 1913 1788 1952 Rennel.

1124 1971 1146 2008 l.
1168 1972 1190 2009 l.
1217 1971 1434 2009 Billerbeck.
1462 1971 1483 2008 l.
1503 1970 1523 2006 l.
1552 1984 1636 2021 pag.
1663 1970 1713 2010 14
1739 1971 1788 2008 ad

1125 2028 1283 2065 medium
1295 2029 1412 2065 Oxum
1427 2040 1489 2064 eos
1507 2027 1690 2064 habitasse
1702 2039 1789 2064 cen-

1126 2090 1195 2130 set,
1211 2097 1303 2134 quos
1316 2084 1536 2121 Maltebrun.
1548 2083 1570 2119 l.
1586 2083 1606 2120 l.
1618 2097 1684 2134 pro
1695 2084 1789 2120 Car-

1124 2142 1267 2178 maniae
1300 2140 1425 2177 incolis
1457 2141 1590 2185 habet3
1628 2153 1694 2177 nec
1714 2139 1786 2176 alio

1123 2203 1264 2247 spectat
1275 2197 1523 2234 Valckenaerii
1534 2195 1724 2232 hariolatio
1736 2195 1786 2231 ad

1123 2254 1188 2300 Ill,
1221 2256 1323 2301 117,
1355 2254 1415 2290 ubi
1444 2266 1510 2303 pro
1541 2252 1784 2302 Θαμαναίων

1123 2311 1267 2347 coniicit
1297 2310 1548 2359 Καρμανίων.

1164 2361 1406 2411 καὶΟὕι-ίων,
1418 2364 1482 2402 καὶ
1498 2358 1672 2413 [Μύκων]
1683 2361 1783 2399 Utios

1120 2422 1274 2460 Reunel.
1295 2422 1317 2459 l.
1339 2422 1359 2459 l.
1379 2420 1616 2471 probabiliter
1632 2421 1783 2457 eosdem

1121 2491 1202 2516 esse
1215 2479 1301 2515 dicit
1314 2484 1425 2526 atque
1439 2476 1563 2521 Urius,
1576 2478 1636 2525 qui
1650 2477 1783 2514 Baete-

1120 2536 1191 2571 aris
1202 2540 1319 2572 terrae
1332 2535 1405 2570 sint
1415 2533 1584 2570 confines.
1604 2533 1732 2580 Uxios‚
1742 2536 1782 2570 et

1120 2596 1313 2627 montanos
1329 2596 1363 2628 et
1382 2595 1619 2640 campestreS,
1631 2594 1780 2638 gentem

1119 2647 1326 2684 bellicosam
1356 2661 1378 2683 a
1405 2647 1654 2697 septentrione
1688 2645 1780 2682 Per·

1119 2704 1219 2750 sidis,
1239 2704 1300 2740 ubi
1316 2703 1425 2739 hodie
1447 2705 1578 2741 Asm'on
1589 2717 1616 2740 s.
1636 2704 1779 2748 Asciat,

1118 2760 1154 2796 in
1175 2760 1371 2806 montibus,
1385 2762 1445 2809 qui
1465 2760 1650 2797 Persidem
1665 2772 1686 2796 a
1699 2758 1781 2796 Me-

1119 2816 1180 2854 dia
1207 2817 1427 2866 seiungunt,
1468 2816 1633 2854 habitare
1671 2817 1781 2853 notat

1912 1571 1914 1596 ι

1913 1620 1916 1659 l

1909 1694 1917 1770 ’ἕ
