1863 3256
419 103 503 143 442
811 104 1272 143 HERODO'I'I

419 209 465 255 ὁὲ
502 208 526 254 ὁ
560 209 871 267 Ἑλλήσποντος
909 214 951 263 ἐς
989 214 1127 269 χάσμα
1162 212 1385 267 πελάγεος,
1426 213 1474 256 τὸ
1506 214 1558 268 ὀὴ
1588 217 1663 257 Αἰ-

288 277 354 322 86
410 286 539 336 ναῖον
577 282 780 326 καλέεται.
840 282 1112 338 Μεμέτρηται
1149 285 1194 327 δὲ
1234 286 1370 327 ταῦτα
1399 277 1498 326 ὧδε·
1557 289 1664 340 νηῦς

84 340 356 368 0““““”“”ἰ”“““
415 352 571 395 ἐπίπαν
636 351 817 407 μάλιστά
886 368 940 406 κη
1009 353 1210 396 κατανύει
1282 352 1328 395 ἐν
1394 356 1661 409 μακρημερίῃ

81 374 356 438 ἔῖἷέἓῗᾰὲᾞζοῗὲῗῖ
425 421 434 434 ,
557 422 564 434 .
638 422 649 435 .
1158 423 1166 436 =
1262 424 1271 435 .
1355 423 1389 451 ‘e
1589 426 1649 450 ‚a

81 447 156 473 nus,
191 441 355 470 stadiorum
413 439 590 478 οργυιας
631 423 986 475 επτακισμυρίας,
1039 440 1194 474 νυκτος
1233 426 1297 475 δὲ,
1348 436 1661 479 εξακισμυριαδ.

356 601 595 646 Germanica3
664 610 759 647 quae
824 599 1008 637 verissima

355 670 436 695 esse
469 656 678 705 optimeque
703 666 902 703 congruere
931 669 1008 693 mo-

356 718 415 749 net
440 712 560 748 Kruse
587 711 609 749 l.
643 711 664 748 l.
700 722 783 760 pag.
817 713 882 751 52.
915 714 1005 752 120.

353 770 465 805 Secus
494 768 685 804 videbatur
709 766 906 815 Breigero,
944 768 1006 816 qui

350 836 436 873 pag·
476 826 525 862 21
561 844 611 850 ——
650 824 730 867 23,
769 823 1007 859 recentiorum

350 879 564 916 testimoniis
602 879 649 915 de
667 877 894 927 Hellesponti
929 877 1008 914 lon-

349 935 517 983 gitudine
566 934 708 980 allatis,
755 934 1005 972 Herodoteam

349 1003 554 1028 mensuram
600 990 788 1028 contendit
835 1002 914 1027 esse
950 991 1006 1027 ni-

349 1047 482 1094 miam,
513 1060 632 1096 neque
661 1059 740 1083 cum
769 1045 920 1083 aliorum
949 1047 1004 1083 in-

349 1103 451 1138 diciis
495 1103 675 1140 conciliari
703 1114 811 1152 posse
838 1102 907 1139 nisi
938 1104 1003 1139 mi—

347 1159 495 1196 noribus
523 1159 580 1196 hic
610 1171 758 1208 quoque
776 1158 903 1195 stadiis
923 1157 1002 1195 No-

346 1219 457 1251 strum
484 1227 587 1252 usum
616 1216 728 1251 fuisse
747 1226 879 1252 sumas,
909 1214 1000 1252 Mihi

342 1271 464 1321 potior
482 1271 606 1307 Krusii
627 1271 820 1308 sententia.

498 1326 606 1377 Cap.
635 1326 837 1363 LXXXVI.

403 1385 500 1432 νηῦς
519 1381 664 1421 ἐπίπαν
685 1397 720 1420 κ.
741 1397 771 1420 τ.
787 1380 835 1431 λ.]
857 1381 916 1420 De
934 1395 999 1419 vo-

346 1451 388 1476 ce
411 1438 555 1477 ἒπίπαν
573 1440 667 1476 conf.
686 1438 756 1486 lv,
785 1440 850 1479 68.
908 1439 998 1476 Mox

346 1495 431 1532 dedi
450 1494 494 1533 ἐν
513 1495 757 1547 μακρημερίῃ
775 1506 854 1531 cum
876 1493 998 1531 Medi-

344 1563 433 1596 ce0,
462 1549 699 1597 Florentino,
739 1549 817 1587 aliis
841 1550 996 1588 duobus.

342 1605 488 1655 Reliqui
507 1605 609 1643 libri:
638 1605 681 1646 ἐν
703 1608 837 1659 μακρῇ
854 1603 995 1660 ἡμέρῃ,

333 1658 441 1710 ⁴quod
474 1675 495 1699 a
518 1662 724 1700 melioribus
743 1663 850 1698 codd.
873 1662 994 1700 afferri

341 1718 486 1756 minime
514 1719 634 1756 dicere
665 1719 823 1756 debebat
840 1719 994 1756 Schnei-

340 1774 417 1811 der.
445 1775 482 1811 in
510 1773 601 1813 Lex.
629 1776 694 1812 Gr.
722 1788 750 1812 s.
779 1788 813 1811 v.
881 1775 993 1825 Apud

338 1829 475 1878 Scylac.
499 1831 535 1868 in
563 1831 694 1881 Peripl.
721 1843 810 1880 pag.
830 1833 856 1872 8
885 1831 992 1868 Hud-

339 1898 415 1923 son.
436 1900 471 1936 p.
491 1885 571 1927 248
591 1888 683 1924 Gail.
710 1887 881 1936 legimus:
918 1903 991 1926 πα-

338 1937 514 1990 ράπλους
553 1942 595 1982 δέ
636 1943 715 1983 ἔστι
748 1963 804 1970 --
842 1941 991 1995 ἡμέρας

336 2014 500 2048 μακρας.

393 2051 553 2106 ὀργυιάς
572 2054 896 2105 ἑπτακισμυρίας,
920 2071 990 2094 νυ-

336 2108 426 2157 κτός
440 2109 493 2159 δὲ,
515 2110 805 2162 ἑξακισμυρίας]
828 2107 989 2164 ὀργυιάς

335 2178 400 2214 pro
425 2163 605 2218 ὀργυιέας
624 2181 704 2206 cum
724 2172 877 2206 recentt.
902 2170 986 2206 edd.

336 2222 432 2258 dedi.
464 2225 521 2260 Cf.
543 2225 587 2270 ΙΙ,
612 2224 702 2265 149.
741 2224 810 2261 Est
830 2238 915 2262 vero
931 2230 988 2262 ta-

337 2276 379 2313 lis
396 2278 580 2316 Herodoti
599 2280 834 2330 computatio,
860 2285 898 2318 ut
916 2293 987 2317 uno

336 2345 455 2382 eoque
478 2336 589 2383 longo
620 2337 680 2373 die
704 2336 803 2373 navis
823 2337 988 2374 conficiat

334 2388 402 2425 iter
430 2392 580 2435 70‚000
620 2392 849 2441 mgyiarum,
881 2396 987 2430 nocte

335 2449 457 2482 autem
478 2448 630 2493 60‚OOO
647 2448 870 2496 orgyiarum:
893 2461 986 2496 quae

335 2512 509 2539 summam
531 2504 613 2543 700
635 2507 671 2539 et
689 2505 771 2543 600
791 2504 985 2540 stadiorum

336 2555 496 2594 efficiunt
535 2571 578 2596 ea
615 2570 658 2596 ex
700 2560 984 2607 ratiocinatione,

335 2625 442 2660 quam
475 2614 523 2650 ad
557 2614 612 2661 11,
651 2613 729 2656 149
759 2615 984 2653 tradidimus.

333 2667 450 2712 Quam
469 2669 649 2708 Herodoti
677 2671 852 2709 rationem
877 2671 984 2720 vulgo

332 2725 571 2776 receptiorem
584 2727 695 2765 fuisse
703 2727 870 2766 observat
879 2727 983 2766 Wes-

1063 600 1257 649 selingius,
1301 599 1390 636 alios
1422 600 1600 649 quosdam
1634 600 1716 637 hinc

1063 657 1291 693 discedentes
1315 657 1481 693 ass'erens.
1507 656 1585 692 xv'id.
1600 656 1717 694 Ukert

1063 711 1202 760 Geogr.
1224 713 1260 749 d.
1282 712 1347 749 Gr.
1368 725 1401 748 u.
1423 713 1528 749 Ram.
1561 713 1595 759 1,
1621 715 1647 751 2
1677 726 1713 762 p.

1064 767 1116 806 56
1138 779 1214 816 seq.
1233 768 1297 807 58.
1328 767 1422 804 Add.
1445 769 1651 805 Casaubon.
1665 769 1713 805 ad

1064 821 1185 860 Strab.
1217 822 1230 858 l
1258 836 1292 872 p.
1316 825 1364 862 61
1399 821 1443 874 (S.
1471 837 1507 873 p.
1530 822 1627 874 35),
1666 825 1713 861 de

1063 878 1162 914 vario
1182 879 1306 925 modo,
1337 891 1409 927 quo
1428 883 1568 916 veteres
1586 884 1624 916 et
1638 884 1711 917 ter-

1062 934 1189 970 restria
1203 938 1237 971 et
1253 936 1430 971 maritima
1444 936 1571 972 itinera
1590 948 1711 972 emen-

1062 989 1091 1025 si
1117 990 1210 1036 sint,
1247 1003 1409 1028 monens.
1467 990 1520 1027 Ac
1551 990 1711 1028 locorum

1060 1045 1251 1083 distantias
1269 1046 1413 1083 omnino
1431 1047 1626 1084 secundum
1643 1059 1710 1084 na-

1058 1101 1250 1150 vigationis
1269 1103 1347 1140 dies
1359 1130 1371 1149 ,
1406 1103 1466 1152 qui
1484 1103 1532 1139 ad
1550 1102 1621 1140 tale
1641 1103 1709 1140 iter

1057 1158 1320 1196 conficiendum
1333 1160 1461 1196 insumi
1474 1158 1625 1206 soleant,
1643 1159 1709 1198 de‘-

1056 1213 1149 1250 finiri
1177 1218 1273 1251 recte
1301 1219 1407 1252 notat
1425 1215 1520 1252 Gail.
1548 1215 1596 1252 ad
1616 1215 1707 1264 Scy-

1054 1267 1120 1309 lae.
1154 1270 1190 1306 in
1215 1271 1370 1319 Geogrr.
1403 1272 1547 1308 minorr.
1580 1271 1704 1322 Ipag.

1055 1327 1136 1367 328
1157 1338 1236 1375 seq.
1286 1327 1395 1364 Unde
1422 1328 1489 1363 iter
1517 1328 1706 1376 ipsamque

1055 1381 1265 1419 distantiam
1296 1384 1354 1419 vix
1381 1384 1578 1419 accuratius
1611 1384 1707 1421 indi-

1054 1438 1126 1473 cari
1144 1450 1252 1487 posse
1270 1438 1386 1487 quivis
1405 1438 1603 1487 intelliget,
1643 1440 1705 1489 qui

1053 1491 1212 1530 locorum
1260 1493 1512 1542 difficultates,
1576 1500 1703 1533 ventos

1053 1549 1171 1597 magis
1191 1549 1381 1599 minusque
1397 1563 1613 1600 prosperos,
1641 1563 1703 1589 ae-

1052 1608 1150 1651 stus,
1178 1606 1329 1653 fluctus,
1362 1607 1480 1652 vada,
1511 1606 1581 1643 alia
1600 1608 1701 1644 navi-

1050 1661 1204 1709 gationis
1258 1663 1517 1712 impedimenta
1534 1692 1547 1709 ,
1615 1664 1701 1713 quin

1049 1717 1147 1766 ipsas
1171 1729 1280 1755 naves
1301 1731 1375 1755 non
1397 1719 1475 1770 pari
1491 1732 1609 1766 cursu,
1634 1721 1701 1757 sed

1047 1773 1178 1822 partim
1205 1773 1362 1811 velocius
1397 1775 1528 1826 partim
1562 1777 1699 1813 tardius

1046 1830 1321 1878 progredientes
1331 1860 1341 1878 ,
1371 1831 1459 1869 satis
1478 1833 1699 1882 respexerit3

1047 1897 1266 1934 quamquam
1293 1888 1356 1924 ubi
1385 1888 1512 1924 stadiis
1544 1888 1698 1938 spatium

1046 1940 1145 1978 haud
1163 1942 1261 1980 licuit
1279 1948 1444 1983 accurate
1460 1944 1623 1992 definire,
1645 1944 1698 1981 al—

1046 2001 1160 2034 teram
1184 2000 1359 2037 rationem
1380 2001 1576 2037 secundum
1596 2002 1697 2038 navi-

1046 2054 1202 2102 gationis
1247 2056 1344 2103 dies,
1401 2056 1563 2094 latiorem
1601 2057 1695 2094 illam

1045 2110 1191 2159 quidem
1205 2139 1216 2157 ‚
1245 2117 1406 2158 veteres,
1444 2117 1484 2150 ut
1502 2126 1532 2148 v.
1551 2126 1581 2150 c.
1601 2114 1694 2162 Scy-

1043 2165 1155 2204 lacem
1184 2168 1397 2218 praetulisse
1423 2173 1553 2218 sponte
1580 2174 1692 2218 patet.

1045 2222 1150 2265 Quae
1167 2236 1246 2261 cum
1265 2225 1316 2261 ita
1337 2225 1420 2270 sint,
1439 2224 1536 2261 haud
1552 2225 1693 2270 mirum,

1043 2277 1245 2317 huiusmodi
1263 2292 1448 2317 mensuras
1467 2279 1590 2316 laxiori
1610 2294 1692 2318 sen-

1043 2346 1086 2370 su
1117 2336 1213 2385 apud
1242 2335 1426 2384 Scjlaccm
1463 2337 1691 2386 accipiendas

1044 2402 1149 2436 esse,
1178 2392 1240 2439 qui
1261 2405 1329 2428 nec
1349 2392 1427 2441 ipse
1452 2392 1486 2428 in
1509 2392 1576 2428 illis
1596 2393 1691 2430 indi-

1043 2447 1168 2483 candis
1198 2448 1266 2484 sibi
1301 2452 1471 2485 constans
1500 2449 1691 2498 reperitur,

1042 2507 1212 2540 monente
1235 2504 1329 2540 Gail.
1351 2504 1372 2540 l.
1394 2503 1417 2539 l.
1449 2517 1485 2553 p.
1503 2505 1584 2546 329
1608 2505 1687 2545 coll.

1042 2559 1136 2599 334.
1196 2560 1279 2603 Quo
1305 2561 1422 2597 minus
1440 2560 1652 2599 Mannertus
1672 2563 1688 2600 1

1040 2627 1076 2664 p.
1098 2614 1178 2656 214
1197 2617 1477 2665 quingentorum
1491 2618 1689 2656 stadiorum

1040 2683 1242 2709 mensuram
1261 2685 1283 2709 a
1299 2673 1446 2723 Scylace
1461 2686 1605 2724 semper
1622 2675 1687 2712 ob-

1040 2728 1173 2767 servari
1193 2728 1348 2766 debebat
1367 2731 1612 2781 pronuntiare.
1641 2731 1687 2768 Et
