1863 3256
450 262 1140 304 MELPOMENE.1V.

130 373 204 424 439
233 376 462 428 Σαλαμῖνα
496 375 572 428 τῆς
602 371 790 429 Κύπρου
824 372 968 428 ἔφυγε.

1340 274 1425 315 565

1032 376 1120 429 Τῆς
1150 374 1196 417 δὲ
1225 380 1419 433 Σαλαμῖ-
1435 391 1477 423 10

157 461 234 495 νος
271 448 432 487 τοῦτον
468 444 544 487 τόν
571 444 734 500 χρόνον
763 443 988 497 ἐπεκράτεε
1017 444 1253 496 Εὐέλθων,
1294 446 1342 497 ὃς
1374 451 1420 492 τὸ

156 515 203 558 ἐν
228 519 437 569 Δελφοῖσι
467 514 781 572 θυμιητήριον,
815 515 888 558 ἐὸν
920 513 1189 571 ἀξιοθέητον,
1220 514 1418 573 ἀνέθηκε,

126 587 207 630 5τό
247 587 293 630 ἐν
332 590 392 638 τῷ
430 588 686 641 Κορινθίων
719 590 933 643 θησαυρῷ
969 584 1119 629 κέεται.

1179 586 1418 644 ἀπικομένη

153 658 200 701 δὲ
239 657 359 710 παρὰ
397 660 556 699 τοῦτον
593 656 619 712 ἡ
664 659 896 713 Φερετίμη,
935 656 1072 700 ἐδέετο
1114 663 1334 715 στρατιῆς,
1388 658 1417 716 ἢ

151 727 322 780 κατάξει
360 727 496 782 σφέας
524 726 568 777 ἐς
595 728 674 783 τὴν
702 728 926 784 Κυρήνην.

122 802 243 841 6πᾶν
280 800 447 853 μᾶλλον
484 797 513 853 ἢ
551 797 756 855 στρατιήν
795 800 838 842 οἱ
869 799 1028 842 ἐδίδου.
1086 797 1112 853 ἡ
1146 800 1214 854 δὲ,
1253 800 1417 857 λαμβά-
1474 804 1555 848 354

987 726 1010 770 ὁ
1047 727 1093 771 δέ
1123 744 1169 783 γε
1199 730 1414 773 Εὐέλθων
1430 738 1472 772 15

147 880 287 913 νουσα
325 868 374 911 τὸ
407 868 662 925 διδόμενον,
700 869 868 921 ,,καλο’ν
895 869 993 925 μὲν,
1036 869 1140 926 ἔφη,
1179 871 1251 914 καὶ
1281 875 1410 915 τοῦτο

148 939 284 991 εἶναι,
332 939 513 989 κάλλιον
558 939 603 983 δὲ
642 940 802 993 έκεῖνο,
853 940 900 984 τὸ
942 943 1101 984 δοῦναί
1142 944 1186 985 οἱ
1226 942 1410 999 δεομένῃ

116 1010 396 1068 7στρατιήν.“

427 1013 558 1053 τοῦτο
588 1010 672 1066 γὰρ
704 1011 771 1054 ἐπὶ
799 1012 928 1055 παντὶ
956 1016 1017 1067 τῷ
1045 1013 1258 1072 διδομένῳ
1282 1014 1406 1069 ἔλεγε.

147 1080 406 1127 Τελευταῖόν
452 1083 495 1124 οἱ
540 1081 743 1137 ἐξέπεμψε
783 1084 930 1137 δῶρον
967 1081 990 1126 ὁ
1028 1084 1242 1127 Εὐέλθων
1278 1084 1462 1140 ἅτρα-ΞΟ

142 1172 248 1200 κτον
272 1153 458 1211 χρύσεον
486 1152 559 1195 καὶ
588 1151 833 1210 ἠλακάτην,
872 1159 1042 1211 προσῆν
1072 1156 1117 1199 δὲ
1146 1156 1219 1199 καὶ
1249 1157 1402 1212 εἴριον.

82 1320 240 1368 poterat.
289 1316 348 1354 De
367 1320 532 1365 tempore
543 1345 554 1362 ‚
579 1314 616 1352 in
640 1315 740 1363 quod

80 1374 172 1412 haec
189 1373 283 1422 regis
295 1372 531 1423 probabiliter
544 1372 668 1408 incidit
683 1373 738 1407 su-

80 1443 140 1479 ga,
157 1434 242 1467 ante
253 1442 336 1466 ann.
349 1428 428 1470 523
447 1442 478 1465 a.
490 1428 576 1465 Chr.
588 1441 637 1473 ιι,
648 1427 738 1464 mul-

77 1491 117 1523 to
132 1487 243 1535 igitur
253 1490 338 1523 ante
348 1498 455 1534 quam
466 1485 638 1534 Cambysi
650 1484 736 1521 Per-

76 1544 198 1592 sisque
210 1555 276 1579 sua
289 1542 522 1593 permisisset,
540 1542 583 1578 cf.
595 1541 629 1579 T
632 1541 736 1590 hrige

75 1599 97 1636 l.
131 1599 153 1636 l.
196 1611 280 1649 pag.
309 1601 400 1639 177.
449 1619 506 1626 -
553 1598 593 1634 ln
632 1598 731 1634 verb.

74 1654 105 1707 ’ἦ
140 1653 182 1694 δὲ
223 1651 350 1706 μήτηρ
389 1654 430 1693 οἵ
455 1653 493 1700 ἐς
524 1656 743 1704 Σαλαμῖνα·

72 1714 146 1762 τῆς
183 1709 353 1762 Κύπρου
383 1713 429 1748 de
464 1712 585 1747 dativo
619 1710 660 1749 οἱ
685 1711 730 1748 cf.

72 1769 137 1815 111,
159 1767 221 1808 14.
249 1771 311 1808 15.
347 1768 409 1813 lv,
434 1767 524 1808 165.
584 1767 623 1804 In
655 1767 730 1815 Cy-

69 1838 176 1875 prum
206 1825 307 1874 quod
334 1831 449 1861 mater
474 1837 512 1861 se
537 1825 727 1874 receperit,

70 1881 222 1931 Thrigio
240 1881 263 1918 l.
287 1881 310 1918 Ι.
345 1880 596 1930 explicandum
626 1881 726 1918 vide-

69 1941 127 1974 tur
164 1951 184 1975 e
221 1939 455 1982 commercio,
499 1938 599 1986 quod
630 1937 726 1974 inter

68 1994 250 2044 Cyrenem
288 2000 326 2031 et
353 1995 516 2043 Cyprum
548 1994 723 2039 floruerit,

67 2057 109 2086 ut
141 2051 208 2087 hae
235 2063 278 2088 ex
310 2051 427 2087 insula
451 2049 620 2087 auxilium
651 2051 721 2087 sibi

64 2108 145 2144 fore
168 2112 341 2157 speraret.
383 2107 501 2149 Quam
523 2119 626 2156 spem
642 2107 720 2143 fru-

64 2168 214 2200 stratam
245 2177 349 2209 esse‚
390 2163 571 2200 Herodoti
613 2164 722 2200 docet

62 2221 249 2266 narratio,
278 2233 298 2257 e
320 2233 392 2268 qua
411 2232 475 2256 sua
495 2221 622 2256 sumsit
644 2220 717 2256 Po-

63 2275 182 2324 lyaen.
200 2276 297 2323 Vffl,
316 2275 369 2315 47
383 2275 462 2312 coll.
492 2275 717 2313 Eustath.ad

61 2331 102 2368 ll.
126 2333 188 2369 vll
208 2345 291 2383 pag.
316 2334 396 2373 657
415 2346 442 2368 s,
464 2332 558 2379 523,
580 2332 641 2371 14.
661 2354 716 2360 -—

67 2387 264 2425 Thesauros
300 2389 487 2438 Delphicas
529 2389 715 2436 attigimus

61 2445 110 2480 ad
134 2445 170 2491 Ι,
205 2444 267 2485 14.
310 2446 406 2482 Add.
427 2458 448 2482 a
469 2445 534 2482 Cr.
566 2445 714 2482 allatum

62 2500 319 2548 U‘yttenbaeh.
363 2503 411 2539 ad
450 2502 544 2538 Plut.
582 2502 714 2541 Mor-«11.

60 2556 289 2595 Animadvss.
320 2559 351 2595 ΙΙ
390 2571 476 2608 pag.
508 2560 613 2603 990,
653 2559 715 2607 qui

59 2613 156 2649 idem
187 2613 251 2651 Cr.
281 2615 327 2651 ad
356 2628 480 2652 vocem
516 2611 714 2653 Εὐέλθων

60 2669 238 2705 Eustathii
270 2672 444 2708 admonet
476 2672 565 2709 haec
601 2685 657 2708 res
642 2672 715 2721 pi-

59 2726 187 2762 cientis
213 2727 259 2762 ad
281 2726 384 2775 Od)s
371 2741 417 2767 s
441 2728 455 2764 l
478 2741 514 2778 p.
539 2730 563 2769 9
584 2728 714 2766 Basil:

60 2802 115 2809 —-
136 2777 239 2820 οὕτω
271 2780 313 2820 δὲ
342 2782 409 2820 καὶ
429 2782 470 2822 ἐκ
489 2799 558 2830 της
584 2782 715 2823 έλθων

59 2840 244 2888 μετοχῆς,
286 2835 479 2876 εὐέλθων
492 2838 716 2907 βαρύτονον

58 2910 165 2947 παρα
187 2910 238 2947 ηο
224 2890 370 2949 ›060192
393 2890 535 2948 κύριον
552 2894 685 2948 ὔιοιια.

857 1315 899 1354 οἱ
917 1315 1066 1368 ἐδίδου]
1088 1318 1109 1355 i.
1134 1332 1164 1356 e.
1186 1320 1220 1354 ee·
1236 1332 1270 1354 se
1290 1319 1457 1358 (laturum

796 1386 865 1408 esse
886 1373 1043 1421 (licebat,
1074 1374 1250 1422 offerebat.
1281 1374 1361 1412 Nec
1380 1376 1452 1414 alio

795 1441 903 1466 sensu
931 1429 1039 1479 paulo
1062 1436 1149 1481 post
1175 1427 1217 1469 τὸ
1238 1427 1451 1481 διδόμενον

793 1486 832 1521 id
863 1487 953 1535 quod
986 1500 1009 1523 a
1038 1500 1122 1535 rege
1144 1489 1215 1536 ipsi
1238 1487 1450 1535 offerebatur

792 1542 863 1588 (ut
893 1543 962 1589 111,
1000 1544 1090 1584 148.
1143 1544 1250 1580 conf.
1278 1549 1373 1582 nott.
1401 1548 1450 1584 ad

789 1597 972 1636 Plutarch.
1006 1599 1149 1650 Philop.
1181 1600 1206 1639 5
1243 1614 1327 1650 pag.
1358 1604 1447 1650 20),

788 1655 851 1692 ubi
870 1655 994 1693 Valck.
1011 1657 1163 1694 coniecit
1181 1653 1223 1695 τὸ
1239 1657 1317 1695 αιέὶ
1338 1655 1448 1697 διδό-

787 1726 928 1762 μενον,
971 1725 1082 1761 quum
1116 1713 1157 1749 (Ie
1195 1714 1266 1750 sim·
1296 1716 1442 1752 invicem

785 1772 951 1805 contiuua
981 1772 1067 1806 serie
1099 1770 1360 1806 succedentibus
1389 1773 1440 1809 sic

782 1826 869 1875 poni
887 1825 1003 1863 soleat
1020 1821 1082 1864 αέὶ
1100 1839 1165 1875 pro
1189 1829 1374 1877 συνεχῶς,
1398 1833 1440 1865 ut

783 1883 880 1931 apud
900 1882 1061 1932 Thucyd.
1082 1882 1149 1929 lv,
1182 1884 1246 1923 68.
1296 1883 1438 1921 Herod.

781 1938 828 1985 11,
852 1940 951 1984 168,
982 1940 1078 1976 alibi.
1137 1938 1258 1988 Atque
1282 1941 1333 1976 ita
1351 1953 1439 1979 sane

780 1995 818 2031 in
845 2008 911 2032 suo
929 1995 1122 2033 Herodoto
1150 1995 1280 2043 legisse
1298 1996 1439 2034 videtur

780 2050 1039 2089 Eustathiusl.
1060 2052 1107 2098 l.‚
1148 2052 1237 2090 haec
1265 2054 1343 2103 ipsa
1374 2054 1436 2090 ubi

778 2108 915 2157 tangit,
966 2109 1060 2146 hunc
1089 2109 1125 2145 in
1162 2109 1310 2146 modum
1346 2111 1434 2146 scri-

778 2164 885 2201 bens:
927 2161 991 2203 οἷει
1022 2180 1096 2217 γαρ
1127 2163 1258 2214 ἐκείνη
1289 2180 1331 2204 το
1360 2163 1405 2216 μὲ
1411 2182 1433 2205 ν

777 2216 1012 2271 διδόμενον,
1070 2220 1196 2270 φησὶν
1233 2218 1432 2272 ἐλάμβανε

775 2292 810 2315 κ.
833 2293 864 2315 τ.
887 2281 918 2315 λ.
929 2307 940 2325 ,
982 2278 1052 2315 nisi
1073 2279 1118 2316 de
1137 2291 1202 2315 suo
1220 2280 1344 2329 potius
1362 2279 1431 2318 hoc

773 2328 845 2401 a'ei,
857 2335 1042 2372 adiecerit.

829 2387 1022 2441 α’τρακτον
1051 2385 1216 2441 χρύσεον
1239 2406 1306 2429 και
1334 2386 1428 2441 2520:-

770 2442 912 2497 κατην]
953 2448 1149 2485 Homerica
1168 2452 1348 2497 apparent
1366 2461 1430 2486 ve-

772 2505 890 2552 stigia.
914 2504 971 2540 Cf.
992 2504 1032 2540 Il.
1050 2504 1112 2552 VI,
1130 2503 1222 2544 491.
1245 2505 1429 2551 Od.XXl,

772 2561 865 2600 351.
906 2560 970 2606 lX,
993 2561 1086 2601 357.
1125 2560 1188 2604 lv,
1209 2562 1300 2600 131.
1344 2561 1428 2598 Ari-

770 2617 890 2667 stoph.
918 2615 1070 2666 Lysistr.
1092 2617 1186 2658 519.
1236 2614 1429 2667 ἄτρακτος

773 2678 830 2711 est
854 2675 976 2719 fusus,
1013 2668 1191 2723 ἠλακάτη
1231 2673 1344 2720 colus3
1382 2674 1430 2709 de

773 2743 847 2779 quo
869 2730 1061 2767 videantur
1081 2729 1227 2767 Lexica.
1269 2728 1329 2764 Ad
1347 2741 1431 2764 ver-

772 2787 821 2823 ba
853 2781 942 2824 οἷλλ’
975 2781 1023 2824 οὗ
1062 2787 1224 2850 στρατιῇ
1258 2783 1429 2820 Eustath.

772 2842 1079 2879 haechabetlm
1109 2835 1188 2878 ἄλλ’
1210 2834 1257 2877 ου’
1269 2840 1431 2903 στρατιῇ

773 2893 956 2949 θνησκου
963 2909 1010 2951 σῃ
1040 2896 1082 2936 ἐν.
1102 2898 1182 2934 τῶν
1205 2908 1434 2948 τρωιιατων
