1946 3272
665 180 1014 221 THALIA.
1074 183 1137 220 111.
1455 194 1535 231 151

263 299 424 348 ταῦτα,
472 292 538 337 ὅτι
576 289 808 346 ἐβούλευσέ
848 307 892 334 τε
932 295 1106 344 πρῶτος
1143 292 1191 335 τὸ
1222 296 1421 347 πρῆγμα,
1465 300 1537 340 καὶ

263 367 491 421 συνέστησε
527 361 706 413 αὐτούς.
764 366 903 406 ταῦτα
939 362 1018 417 μὲν
1049 362 1102 418 δὴ
1140 360 1299 418 Ὀτάνῃ
1331 363 1536 417 ἐξαίρετα.

232 438 379 481 ΒΤάδε
410 435 454 478 δὲ
491 434 534 485 ἐς
563 435 611 477 τὸ
641 434 796 477 κοινὸν
828 433 1116 490 ἐβούλευσαν·
1175 433 1379 487 παριέναι
1412 434 1454 484 ἐς
1484 437 1592 478 tsi-30

258 506 462 565 βασιλήϊα
510 505 651 549 πάντα
698 505 778 549 τόν
823 504 1098 561 βουλόμενον
1145 508 1235 548 τῶν
1276 505 1381 547 ἑπτὰ
1431 505 1536 548 ἄνευ

255 577 528 634 ἐσαγγελέος,
575 576 632 633 ἣν
670 577 728 633 μὴ
766 575 960 633 τυγχάνῃ
1001 577 1144 620 εὕδων
1182 575 1286 633 μετὰ
1324 576 1535 632 γυναικὸς

254 648 484 707 βασιλεύς·
535 647 712 705 γαμέειν
746 649 792 692 δὲ
822 648 880 705 μὴ
909 647 1066 700 ἐξεῖναι
1098 647 1288 692 ἄλλοθεν
1322 652 1384 705 τῷ
1414 651 1535 704 βασι-

1577 727 1596 745 Γ

226 721 327 765 4λέϊ
354 720 383 777 ἢ
411 722 457 764 ἐκ
487 725 576 764 τῶν
606 719 1041 764 συνεπαναστάντων.
1099 721 1199 775 περὶ
1231 722 1276 764 δὲ
1312 724 1388 776 τῆς
1417 724 1596 777 βασι-3)

251 793 375 848 ληΐης
415 791 684 847 ἐβούλευσαν
721 791 919 836 τοιόνδε·
965 791 1067 835 ὅτευ
1099 791 1155 835 ἂν
1189 791 1214 836 ό
1250 794 1381 842 ἵππος
1409 790 1539 847 ἡλίου

196 970 254 1001 το,
269 955 369 1004 quod
389 954 662 1009 amplectuntur
673 955 864 1002 Valcken.,

196 1013 280 1061 (qui
311 1013 594 1062 interpretatur:
636 1026 672 1049 re
704 1014 796 1049 inter
830 1027 864 1049 se

196 1069 394 1106 deliberata
412 1070 689 1118 constituerunt)
714 1070 866 1107 wesse-

195 1126 281 1174 ling.
326 1130 362 1163 et
401 1125 593 1162 Matthiae.
679 1126 862 1175 Equidem

194 1182 398 1230 Schweigh.
423 1185 460 1218 et
479 1182 595 1219 Gaisf.
617 1183 721 1231 sequi
740 1183 862 1220 malui.

195 1239 302 1277 Conf.
330 1239 358 1284 l,
387 1240 439 1278 73
462 1239 549 1287 ibiq.
580 1243 674 1275 nott.
736 1239 862 1283 Quare

194 1297 302 1334 etiam
329 1295 424 1332 infra
449 1295 594 1332 exhibui
617 1291 861 1346 ἐβούλευσαν

194 1352 277 1404 (pro
298 1347 609 1403 ἐβουλεύσαντο)
635 1348 800 1392 τοιόνδε.

250 1406 349 1448 ἄνευ
385 1408 635 1461 ἐσαγγελέος]
683 1411 791 1448 Conf.
830 1410 861 1457 I,

194 1465 275 1507 114
300 1466 387 1515 ibiq.
409 1472 499 1503 nott.
529 1465 596 1503 Cr.
618 1467 666 1503 ad
685 1467 720 1504 h.
742 1467 766 1505 l.
796 1480 859 1505 ex-

190 1524 301 1561 citat:
319 1523 623 1573 ,,1Νρεεε11ης.3ᾱ
635 1523 790 1562 Diodor.
802 1524 860 1561 Si-

189 1580 256 1618 cul.
279 1580 388 1628 XV,1
412 1578 465 1620 47
496 1583 658 1631 p.118.
709 1582 858 1619 Sainte-

190 1637 303 1674 Croix
322 1637 485 1674 Examen
507 1638 622 1686 critiq.
646 1638 711 1675 des
731 1638 855 1676 histor.

190 1693 425 1731 d'Alexandr.
450 1707 535 1744 pag
557 1696 610 1733 39
639 1699 676 1730 et
698 1695 855 1732 Coraem

190 1751 238 1787 ad
258 1750 447 1787 Heliodor.
466 1751 637 1800 Aethiop.
654 1750 724 1787 X
716 1764 751 1788 in
763 1750 854 1788 Ani-

188 1808 389 1844 madverss.
412 1820 498 1857 pag.
521 1806 646 1848 348.κ
670 1828 726 1835 -—
765 1808 856 1845 Per-

188 1877 297 1913 quam
317 1864 447 1900 similia
467 1864 520 1900 his
539 1868 638 1910 sunt,
661 1878 758 1914 quae
779 1864 855 1902 Lu-

186 1922 279 1958 cian.
301 1920 361 1958 De
380 1921 462 1970 Syr.
482 1921 552 1958 dea
573 1919 610 1971 §.
628 1922 682 1961 25
710 1934 745 1971 p.
773 1924 853 1962 110

186 1977 234 2016 T.
262 1977 313 2014 lX
344 1978 402 2015 ed.
429 1978 513 2028 Bip.
543 1978 669 2025 habet,
699 1978 759 2014 ubi
789 1991 853 2015 rex

186 2034 234 2071 ad
252 2034 498 2071 Combabum:
519 2029 678 2081 εἷπίξεαι
695 2032 738 2074 δὲ
755 2030 853 2087 παρ’

185 2089 311 2139 ’ἡμέας
325 2105 421 2130 ανευ
440 2090 663 2143 ἐσαγγελέος
683 2087 777 2130 ου’ὄέ
794 2106 853 2138 τις

186 2144 347 2200 ἀπέρξει
358 2159 399 2187 σε
411 2145 602 2216 ημετέρης
614 2145 747 2197 όψιος,
759 2144 852 2188 οὐδ’

184 2201 239 2256 ἢν
259 2204 418 2257 γυναικὶ
442 2201 525 2256 ἅμα
544 2201 783 2255 εὐνάζωμαι.

241 2261 402 2314 γαμέειν
422 2260 464 2301 δὲ
483 2278 537 2314 μη
560 2261 721 2312 ἐξεῖναι]
752 2262 849 2300 Nam

184 2323 333 2370 praeter
348 2319 510 2370 pellices,
523 2333 613 2369 quas
637 2321 768 2357 multas
785 2319 851 2356 ha-

184 2377 296 2414 buere
316 2376 510 2414 Persarum
527 2390 647 2426 regeS,
663 2389 746 2414 suas
767 2377 848 2426 qui-

185 2445 257 2482 que
282 2433 469 2470 habebant
499 2446 630 2471 uxores
655 2433 848 2482 legitimas,

186 2490 315 2538 quibus
329 2491 405 2527 nati
427 2490 493 2527 soli
513 2491 563 2527 ad
580 2491 849 2528 successionem

186 2546 305 2583 idonei
327 2551 460 2585 essent.
501 2548 584 2585 Vid.
608 2547 636 2594 Ι,
658 2546 737 2588 135
760 2547 847 2596 ibiq.

187 2606 278 2639 nott.
286 2603 448 2640 Brisson.
458 2605 505 2641 de
527 2617 603 2653 reg.
617 2605 736 2642 Perss.
748 2604 850 2653 prin-

187 2658 255 2708 cip.
268 2659 296 2705 1,
312 2662 388 2701 106
409 2673 486 2710 seq.
513 2660 602 2698 Mox
614 2661 714 2711 apud
726 2660 845 2697 Gaisf.

185 2714 327 2752 invenio
376 2713 735 2757 συνεπαναστάτων
777 2730 845 2768 pro

186 2770 588 2825 συνεπαναστάντων,
645 2774 749 2825 quod
788 2787 846 2812 re-

185 2827 281 2865 duxi.

978 950 1067 995 ’ὅτευ
1099 950 1151 994 ἂν
1176 952 1197 994 ὁ
1225 952 1373 1004 ἵππος]
1406 953 1589 1004 „Augurii

923 1025 966 1050 ex
1002 1013 1105 1061 equis
1142 1013 1241 1061 capti
1281 1012 1383 1061 apud
1421 1012 1587 1049 Graecos

921 1069 1123 1119 exemplum
1144 1069 1217 1105 vid.
1243 1081 1302 1117 ap.
1324 1069 1435 1104 Hom.
1451 1069 1588 1117 Hymn.

921 1126 958 1162 in
978 1124 1098 1175 Apoll.
1126 1127 1220 1166 231.
1250 1138 1327 1173 seq.
1351 1125 1473 1173 ibique
1496 1126 1591 1162 Bot-

919 1182 1026 1231 tiger.
1051 1183 1087 1218 in
1109 1181 1289 1218 Matthiae
1313 1179 1588 1218 Animadverss.

919 1239 955 1275 in
982 1239 1115 1288 Hymn.
1139 1238 1291 1274 Homer.
1313 1251 1348 1287 p.
1375 1237 1455 1277 157
1482 1240 1588 1287 seq.“

921 1295 987 1333 Cr.
1021 1294 1242 1343 Wesseling.
1265 1295 1451 1340 observat,
1473 1295 1589 1332 videri

918 1352 1051 1390 Persas
1076 1353 1294 1389 matutinum
1325 1351 1461 1399 legisse
1491 1355 1587 1388 tem-

917 1422 999 1460 pus,
1020 1410 1121 1458 quod
1141 1408 1254 1446 solem
1278 1408 1454 1445 orientem
1476 1421 1588 1445 vene-

916 1473 1105 1513 rarentur,
1137 1465 1218 1502 coll.
1238 1464 1395 1515 Procop.
1419 1464 1464 1501 B.
1484 1465 1525 1502 P.
1554 1464 1586 1512 1,

917 1524 956 1564 3.
972 1544 1023 1551 -
1058 1523 1257 1560 Caeterum
1275 1522 1312 1558 in
1334 1521 1390 1558 his
1412 1533 1588 1558 enarran-

916 1580 972 1617 dis
996 1580 1181 1618 consentit
1195 1579 1342 1617 Ctesias
1366 1591 1446 1615 eum
1466 1578 1587 1615 Hero-

916 1637 1019 1674 doto.
1078 1637 1136 1673 lta
1158 1636 1254 1674 enim
1282 1635 1345 1672 llle
1364 1634 1486 1674 Perss.
1509 1635 1582 1671 Ex-

914 1698 1044 1744 cerptt.
1066 1691 1102 1744 ξ.
1121 1693 1189 1734 15:
1223 1686 1425 1743 βασιλεύει
1446 1688 1488 1729 δὲ
1500 1693 1582 1730 τῶν

914 1747 1011 1789 ἑπτα
1046 1748 1070 1789 ό
1105 1752 1299 1800 Δαρεῖος,
1328 1750 1402 1787 τοῦ
1437 1747 1580 1795 Γι’ππου,

912 1803 1023 1846 καθα
1043 1804 1242 1845 συνέκειτο
1256 1801 1456 1855 ἄλλήλοις,
1473 1801 1582 1856 πρώ-

912 1879 983 1904 του
1004 1878 1160 1916 μηχανη
1173 1877 1251 1901 τινι
1261 1877 1328 1900 και
1340 1860 1469 1915 τέχνῃ,
1480 1860 1582 1901 ἐπει-

913 1918 964 1972 δή
990 1937 1009 1960 ο
1034 1917 1148 1971 ἣλιος
1167 1935 1268 1971 προς
1289 1914 1484 1964 ανατολας
1501 1917 1580 1970 ἐγέ-

910 1992 1013 2025 νετο,
1044 1977 1356 2028 χρεμετίσαντος.
1405 1976 1580 2026 „Respe-

910 2039 1041 2073 xerunt
1068 2035 1164 2071 hunc
1185 2038 1222 2071 et
1238 2032 1372 2070 similes
1393 2032 1492 2069 locos
1516 2033 1578 2081 qui

911 2093 958 2130 de
976 2092 1125 2128 vocibus
1145 2089 1356 2128 animalium
1380 2094 1578 2140 praecepta.

910 2149 1177 2198 consignarunt
1189 2147 1441 2192 Grammatici,
1454 2146 1514 2195 qui
1523 2146 1578 2183 se-

908 2219 966 2244 re:
989 2200 1060 2254 ἐφ’
1078 2205 1215 2243 ἵππων
1233 2204 1479 2254 χρεμετίζειν.
1494 2202 1577 2239 Vid.

909 2267 1080 2300 Ammon.
1100 2261 1163 2306 Ill,
1180 2262 1231 2301 18
1251 2261 1380 2311 p.228
1398 2259 1574 2296 Valcken.

909 2319 1117 2357 Tittmanni
1154 2318 1275 2355 Praef.
1318 2317 1367 2354 ad
1405 2317 1575 2353 Zonarae

908 2375 999 2414 Lex.
1018 2389 1054 2426 p.
1069 2374 1171 2421 Xlll,
1203 2378 1241 2412 et
1261 2386 1356 2423 quos
1384 2373 1472 2411 alios
1496 2372 1575 2408 lau-

907 2433 992 2470 davi
1008 2433 1044 2469 in
1057 2431 1282 2469 Meletemm.
1303 2444 1323 2468 e
1342 2429 1481 2480 discipl.
1498 2429 1575 2466 An-

906 2490 975 2539 tiq.
998 2490 1013 2525 I
1041 2502 1076 2539 p.
1100 2491 1150 2529 10
1169 2501 1252 2537 sqq.
1286 2487 1573 2538 Olympiodorus

906 2547 944 2583 in
970 2545 1136 2583 Platonis
1157 2544 1272 2582 Alcib.
1303 2556 1358 2595 pr.
1387 2557 1473 2595 pag
1495 2542 1571 2583 46:

905 2598 1037 2648 Αὐτὸς
1067 2602 1269 2650 (Δαρεῖος)
1299 2597 1364 2639 διοέ
1397 2613 1572 2664 χρεμετι-

904 2661 1010 2724 σμοῦ
1028 2661 1100 2699 τοῦ
1128 2659 1256 2698 ι’ππου
1279 2652 1470 2708 ἐκτήσατο
1496 2651 1570 2704 τὴν

904 2711 1045 2768 ἀρχήν,
1065 2716 1126 2753 ubi
1145 2715 1379 2753 Herodotum
1405 2712 1570 2750 laudatf‘

907 2773 975 2811 Cr.
996 2795 1052 2801 -—
1069 2772 1127 2810 De
1138 2786 1236 2822 eques
1254 2772 1321 2808 solz
1341 2783 1453 2807 sacras
1473 2767 1568 2804 conf.

903 2829 934 2879 l,
954 2832 1035 2872 189
1056 2829 1143 2880 ibiq.
1162 2833 1255 2866 nott.
1304 2825 1358 2864 Ac
1379 2828 1510 2877 sponte
1532 2824 1568 2860 in
