1946 3272
634 231 670 268 T
701 231 736 268 H
767 229 801 267 A
831 229 863 268 L
894 230 908 267 1
940 230 984 268 A.
1043 231 1106 268 ΙΙΙ.
1453 241 1509 278 53

233 345 286 401 δή
319 346 477 386 τοῦτον
506 339 584 382 τόν
618 342 766 394 χῶρον
804 339 972 395 λέγεται
1009 337 1244 384 ἀπικέσθαι
1275 340 1354 383 τὸν
1383 354 1563 397 σφα-35

230 413 329 458 τόν·
368 412 417 454 τὸ
447 410 653 453 ἐνθεῦτεν
682 409 748 460 δὲ,
781 409 848 453 ὅτι
865 409 925 466 μὴ
945 407 1070 455 αὐτοὶ
1098 409 1334 467 Ἀμμώνιοι
1363 414 1437 456 καὶ
1466 417 1510 458 οἱ

228 482 396 527 τούτων
426 479 712 532 ἀκούσαντες,
744 480 869 525 ἄλλοι
899 479 1076 533 οὐδένες
1108 480 1241 525 οὐδὲν
1272 482 1419 538 ἔχουσι
1450 486 1506 527 εἰ·
1564 495 1646 534 208

226 559 322 598 πεῖν
363 553 461 608 περὶ
505 551 653 595 αὐτῶν
671 570 678 577 ·

197 623 462 676 3οἷπίκοντο,
515 622 616 667 οὔτε
654 621 793 668 ὀπίσω
834 624 1088 682 ἐνόστησαν.

167 792 329 837 quuutur
347 790 513 824 veterum
536 787 750 837 scriptorum
771 800 832 825 ex-

165 849 313 894 cerpta,
350 856 446 893 quae
474 843 645 892 leguntur
665 856 724 893 ap.
742 844 835 893 Ety-

166 901 249 939 mol.
269 913 392 949 magn.
408 913 444 950 p.
462 898 545 939 428
578 914 611 950 p.
637 901 718 939 388
732 900 833 951 Lips.

166 958 319 994 Suidam
337 958 373 994 in
393 952 600 1005 Ἠλύσιονς
634 957 766 994 Tzetz.
786 958 834 994 ad

164 1014 349 1064 Lycophr.
367 1015 411 1050 cf.
438 1012 555 1054 1194.
582 1013 689 1053 1204
708 1019 744 1051 et
758 1014 834 1051 Eu-

165 1071 306 1108 dociam
327 1084 362 1121 p.
385 1073 479 1110 219.
539 1071 581 1107 ln
610 1071 688 1107 loco
708 1070 834 1119 Aegy-

163 1129 286 1179 ptiaco
309 1128 511 1164 accuratius
526 1128 756 1176 designando
770 1141 833 1164 va-

165 1186 295 1222 riatum
345 1196 425 1221 esse
473 1197 581 1221 nemo
630 1184 830 1220 mirabitur.

163 1241 248 1286 Sic,
288 1244 327 1277 ut
354 1240 422 1277 hoc
440 1244 543 1287 utar,
575 1239 696 1290 Apion
713 1240 830 1277 locum

165 1299 423 1346 designaverat
448 1297 541 1334 inter
568 1297 763 1334 Canobum
794 1302 830 1335 et

163 1353 409 1403 Zephyrium,
451 1357 549 1391 teste
568 1353 763 1391 Eustathio
782 1355 829 1391 ad

163 1411 297 1459 Odyss.
317 1424 353 1460 p.
377 1409 484 1450 1509
528 1423 615 1461 pag.
646 1412 724 1450 186
745 1412 827 1447 infr.

162 1467 273 1504 Basil.
292 1466 383 1504 Illud
405 1468 528 1514 docte,
548 1468 577 1503 si
599 1468 687 1516 quid
707 1468 828 1512 video,

164 1536 207 1562 ex
252 1524 321 1560 hoc
375 1524 457 1573 ipso
508 1523 588 1561 loco
630 1524 826 1562 Homerico

163 1581 323 1630 (Odyss.
359 1580 421 1627 lV,
454 1579 533 1620 561
571 1582 724 1630 seqq),
764 1581 826 1619 ubi

162 1637 368 1688 Aegyptius
391 1637 546 1674 Proteus
568 1637 739 1675 Menelao
763 1652 828 1675 va-

164 1695 347 1740 ticinatur,
373 1694 517 1731 efficere
541 1695 681 1731 studuit
700 1695 829 1744 Zo'ega

162 1750 222 1788 De
251 1750 415 1787 obelisco.
440 1764 476 1801 p.
507 1753 608 1791 296:
650 1780 673 1798 ‚,
686 1753 827 1788 univer

161 1819 237 1844 sam
266 1806 436 1856 fabulam
476 1807 517 1844 tle
556 1808 686 1858 Elysio
720 1821 748 1845 s.
788 1808 829 1845 de

160 1864 338 1900 beatorum
359 1864 485 1900 insulis
499 1864 742 1914 Aegyptiacae
757 1877 828 1902 esse

161 1922 349 1969 originisf‘
421 1921 541 1964 Quam
573 1934 647 1958 rem
677 1923 827 1958 odorari

160 1978 434 2027 quodammodo
460 1978 549 2015 Tibi
577 1979 736 2026 videare,
764 1979 826 2015 ubi

160 2034 314 2083 legeris,
343 2036 530 2084 quomodo
551 2035 766 2072 Herodorus
790 2039 827 2072 et

161 2092 447 2141 Olympiodorus
465 2104 523 2142 ap.
544 2091 651 2129 Phot.
673 2094 708 2129 in
729 2092 824 2129 Bibl.

158 2161 194 2198 p.
215 2150 289 2188 191
329 2162 366 2199 p.
390 2151 465 2188 111
495 2149 656 2187 Hoesch.
686 2150 827 2186 Home-

158 2206 249 2242 ricas
270 2219 347 2252 res,
386 2205 498 2243 veluti
520 2206 734 2243 Phaeaciam
759 2207 826 2242 ad-

159 2275 278 2311 eoque
309 2262 464 2300 Homeri
492 2264 650 2312 patriam
676 2264 723 2300 ad
745 2262 825 2299 illas

158 2318 363 2369 Aegyptias
394 2324 431 2357 et
456 2319 658 2357 Thebaicas
688 2319 824 2356 insulas

157 2375 360 2413 Beatorum
395 2375 597 2413 retulerint.
657 2376 754 2414 Nam
783 2380 824 2413 ut

160 2432 372 2470 Thebarum
427 2434 652 2471 mentionem
698 2446 824 2484 perse-

160 2501 272 2538 quar,
321 2489 391 2527 alio
422 2490 501 2527 loco
534 2503 554 2527 e
588 2491 823 2539 Pherecydis,

160 2544 350 2593 Antiochi,
409 2547 559 2584 aliorum
606 2548 823 2597 scriptorum

161 2603 374 2641 testimoniis
399 2604 611 2652 didicimus,
642 2608 824 2640 utrarum-

161 2670 233 2706 que
263 2659 474 2697 Thebarum
500 2665 536 2698 et
558 2659 823 2711 Aegyptiarum

162 2717 200 2750 et
217 2715 453 2754 Boeotiarum
472 2718 685 2768 primordia,
712 2718 822 2755 mira-

162 2770 242 2807 cula
274 2776 312 2809 et
340 2778 471 2811 eventa
501 2775 623 2812 multis
659 2775 822 2824 partibus

162 2826 208 2862 ab
231 2829 387 2877 antiquis
407 2830 611 2869 hominibus
630 2833 824 2868 coniuncta

163 2896 243 2920 esse
266 2886 317 2931 (v,
340 2885 477 2924 Melett.
499 2887 514 2924 1
546 2902 570 2939 p
591 2887 679 2937 94).
726 2888 824 2925 Hinc

731 552 832 596 οὕτε
878 552 964 608 γάρ
1010 552 1052 603 ἐς
1101 552 1205 603 τούς
1240 551 1509 609 Ἀμμωνίους

1150 624 1318 680 λέγεται
1348 625 1394 670 δὲ
1433 627 1507 670 καὶ

891 789 927 824 in
955 787 1024 825 hac
1058 787 1147 824 urbe
1175 788 1372 825 condenda
1405 788 1561 837 Ogygus

890 844 1198 894 Aegyptiacarum
1235 843 1448 882 Thebarum
1499 858 1562 882 rex

891 901 1023 938 dicitur
1049 897 1180 939 πάντα
1198 896 1373 952 ποιήσας
1396 900 1452 947 εἰς
1471 898 1559 940 ὅνο-

891 973 946 1008 μα
964 960 1045 996 τῶν
1060 957 1291 1009 Αἰγυπτίων
1305 958 1466 1008 Θηβῶν.
1500 958 1559 995 Eo

890 1015 1124 1052 referendum
1137 1015 1306 1061 arbitror,
1327 1016 1427 1063 quod
1438 1015 1560 1052 Boeo-

889 1073 962 1109 tiae
982 1071 1134 1108 Thebae
1163 1084 1248 1108 suas
1276 1072 1440 1109 habuere
1458 1070 1556 1108 Bea-

888 1132 1007 1164 torum
1032 1127 1176 1163 insulas.
1210 1127 1359 1163 l'hotius
1381 1127 1414 1164 Ι
1417 1141 1470 1164 ex.
1489 1129 1556 1165 Gr.

887 1185 1058 1234 p.178:
1101 1179 1313 1233 Μακαρων
1344 1185 1489 1235 νῆσος,
1529 1180 1558 1235 ἢ

888 1236 1107 1292 οἷκρόπολις
1126 1243 1206 1278 τῶν
1229 1239 1271 1279 ἐν
1290 1241 1464 1308 Βοιωτίᾳ
1479 1242 1556 1292 Θη-

887 1298 972 1348 βῶν
1003 1313 1046 1336 το
1077 1294 1274 1344 παλαιὸν,
1313 1313 1366 1344 ως
1389 1282 1555 1349 Ἀρμέν-

888 1355 969 1401 δας.
1013 1355 1104 1391 Eam
1126 1367 1211 1392 vero
1232 1328 1366 1391 sz’imam
1391 1356 1421 1391 si
1443 1368 1558 1404 quae-

887 1412 956 1459 ris,
997 1425 1067 1460 ego
1092 1415 1209 1448 ortam
1236 1412 1453 1448 crediderim
1483 1425 1556 1448 non

886 1468 1003 1505 solum
1025 1468 1071 1505 ab
1100 1470 1179 1517 agri
1199 1468 1362 1518 Aegypti
1389 1469 1557 1518 superio-

886 1525 934 1562 ris
957 1525 1163 1572 fertilitate,
1206 1538 1331 1562 verum
1355 1526 1440 1562 inde
1464 1538 1557 1574 quo-

886 1595 981 1632 que,
1019 1583 1121 1631 quod
1149 1583 1186 1619 in
1207 1582 1419 1619 Thebarum
1437 1581 1554 1630 Liby-

885 1652 1003 1689 aeque
1025 1640 1183 1676 confinio
1217 1638 1439 1690 amplissima
1470 1652 1555 1689 spe-

886 1697 966 1733 laea
987 1695 1098 1744 longe
1118 1695 1265 1745 lateque
1287 1695 1480 1746 patebant,
1505 1696 1552 1732 ab

885 1753 1136 1801 antiquissimo
1164 1753 1250 1790 inde
1274 1757 1441 1802 tempore
1463 1766 1556 1802 opu-

884 1809 1064 1846 lentorum
1085 1809 1396 1859 Aegyptiorum
1381 1810 1556 1846 sacerdo-

884 1870 1035 1915 tumque
1072 1879 1114 1902 ac
1150 1879 1278 1914 regum
1315 1865 1554 1903 cadaveribus

884 1923 1102 1972 recipiendis
1115 1923 1313 1960 destinata.
1344 1922 1445 1959 Malo
1458 1923 1552 1958 enim

883 1979 952 2015 hac
970 1980 1005 2015 in
1019 1992 1130 2016 causa
1145 1993 1225 2016 cum
1241 1978 1433 2016 d'Anvillio
1454 1980 1553 2016 face-

882 2049 920 2073 re
943 2036 1074 2081 (Mem.
1100 2049 1160 2072 sur
1181 2036 1345 2086 l‘Egypt.
1368 2049 1404 2086 p.
1435 2036 1551 2084 188),

883 2106 994 2142 quam
1048 2107 1129 2130 cum
1173 2092 1360 2129 Larchero
1409 2091 1551 2139 (Tabl.

883 2163 1010 2199 geogr.
1036 2163 1073 2200 p.
1104 2152 1216 2198 376).
1264 2149 1362 2186 Nam
1393 2150 1553 2198 antiquis

883 2207 1035 2243 Graecis
1069 2206 1129 2243 illa
1161 2206 1328 2256 sepulcra
1360 2205 1552 2242 Thebaica

883 2264 1012 2312 ignota
1054 2264 1165 2300 fuisse
1200 2276 1308 2300 nemo
1344 2263 1551 2308 crediderit,

882 2321 943 2369 qui
970 2319 1039 2356 loci
1070 2320 1258 2356 Homerici
1287 2320 1334 2356 de
1367 2320 1553 2368 magnitu-

883 2378 969 2414 dine
997 2377 1209 2413 Thebarum
1247 2378 1318 2413 vim
1346 2376 1552 2423 intelligere

881 2433 1020 2470 calleat.
1051 2432 1101 2470 At
1119 2446 1205 2470 vero
1226 2433 1359 2470 sufficit
1378 2433 1482 2469 nobis
1503 2433 1552 2469 ad

880 2494 1045 2527 nostram
1082 2503 1228 2527 causam
1274 2490 1361 2526 illud
1398 2494 1548 2527 tenere:

882 2548 950 2584 sub
971 2560 1088 2584 rerum
1107 2547 1373 2597 Aegyptiarum
1393 2547 1551 2596 prirnor-

881 2604 949 2640 diis
969 2604 1118 2641 Thebas
1152 2617 1195 2641 eo
1225 2603 1304 2640 loco
1327 2616 1369 2639 ac
1397 2615 1549 2639 numero

880 2660 1012 2708 fuisse,
1044 2665 1084 2697 ut
1105 2664 1141 2698 et
1162 2660 1383 2711 reipublicae
1408 2664 1445 2696 et
1467 2658 1550 2695 reli-

882 2718 1033 2766 gionum
1057 2721 1167 2767 caput
1192 2730 1234 2753 ac
1260 2717 1444 2765 fastigium
1465 2727 1550 2751 ceu-

882 2778 1034 2812 seretur
1038 2773 1063 2794 “
1096 2773 1149 2810 Cr
1162 2786 1251 2810 eu.
1274 2774 1310 2809 in
1327 2746 1550 2809 Co.ommeutt

881 2830 1050 2868 Herodd.
1071 2844 1107 2881 p.
1131 2832 1184 2869 90
1206 2843 1309 2878 seqq.

939 2885 1088 2939 λέγεται
1108 2884 1151 2925 δὲ
1171 2901 1238 2924 και
1259 2881 1353 2923 ταδε
1374 2878 1442 2921 υπ’
1462 2876 1549 2920 αὐτ.
