1863 3256
413 166 1101 210 MELPOMENE.1v,

93 279 202 322 Ξᾶτε
231 282 307 333 τῆς
336 278 478 336 χώρης
517 279 668 335 ἐούσης
697 278 876 334 χέρσου·

1302 179 1385 218 499

121 354 210 393 τῶν
237 354 467 394 Βουδίνων
496 350 640 406 χώρην
669 349 898 404 ἐσέβαλον,
940 349 1133 392 ἐνθαῦτα
1171 348 1224 405 δὴ
1264 350 1385 394 ἐντυ-

120 438 200 476 χοι
205 438 270 472 τες
300 427 358 479 τῷ
388 423 545 477 ξυλίνῳ
575 423 723 476 τείχεϊ,
760 418 1075 463 ἐκλελοιπότων
1106 423 1194 462 τῶν
1227 424 1386 465 Βουδί-
1425 426 1493 476 Μζῗ

931 277 1022 320 ἐπεί
1059 293 1104 321 τε
1143 278 1189 321 δὲ
1223 279 1267 330 ές
1306 283 1385 337 τὴν
1442 283 1568 313 demna.
1575 292 1620 315 nn
1665 297 1700 348 ”f
1692 298 1717 316 r

1440 325 1513 377 cuam
1543 321 1579 346 {V
1616 322 1680 348 inm}

1440 353 1583 443 11ιΞΞοὶῚΙι)

1442 484 1514 510 tidrr

1608 364 1677 414 aas
1663 358 1719 383 rm.

1612 398 1643 415 e
1712 406 1717 410 .

1496 394 1543 445 ἰιιῑιίι
1533 429 1560 445 ia
1548 364 1622 480 ἃῑῖι·
1648 398 1700 455 '‘u-r

1492 457 1562 479 «suta
1586 456 1664 481 ιιΜιι

121 509 228 545 νων,
261 494 334 535 καὶ
362 494 661 547 κεκενωμένου
690 495 771 534 τοῦ
801 493 959 545 τείχεος
982 491 1181 543 πάντων,
1209 491 1387 549 ἐνέπρη-
1442 492 1558 558 oar-'12¹2
1574 463 1718 548 ⁷1=‘⁵⁰¹':’

91 570 209 607 3σαν
239 562 359 606 αὐτό.
417 568 548 606 τοῦτο
593 565 638 606 δὲ
678 575 958 618 ποιησαντες,
1004 564 1180 605 εἵποντο
1220 566 1303 607 αἰεὶ
1340 583 1387 609 το
1402 572 1444 607 85

120 633 270 688 πρόσω
301 633 409 676 κατὰ
441 636 613 689 στίβον·
661 633 704 683 ἐς
736 632 762 675 ὃ
797 631 1084 684 διεξελθόντες
1113 634 1301 691 ταύτην,
1343 636 1388 689 ἐς

92 705 206 760 4τήν
242 705 405 760 ἐρῆμον
438 703 660 749 ἀπίκοντο.
719 703 746 760 ἡ
780 704 825 746 δὲ
860 704 1020 760 ἔρῆμος
1050 704 1159 762 αὕτη
1189 704 1278 750 ὑπὸ
1315 706 1389 752 οὗ·

122 778 273 831 δαμῶν
292 776 463 829 νέμεται
484 774 672 830 ἀνδρῶν,
698 775 837 818 κέεται
863 776 908 818 δὲ
932 774 1042 828 ὑπὲρ
1064 780 1139 831 τῆς
1158 780 1389 823 Βουδίνων

92 847 288 902 ὅχώρης,
320 847 456 890 ἐοῦσα
487 851 659 903 πλῆθος
689 847 793 890 {mo}
823 846 1018 902 ἡμερέων
1040 845 1162 890 ὁδοῦ.
1203 848 1317 903 ὑπὲρ
1342 851 1389 894 δὲ

120 922 195 973 τῆς
212 917 378 974 ἐρήμου
391 919 661 974 Θυσσαγέται
681 918 885 961 οἰκέουσι·
908 919 1095 974 ποταμοὶ
1113 919 1158 962 δὲ
1180 920 1222 972 ἐξ
1241 920 1389 965 αὐτῶν
1399 929 1446 964 90

120 989 315 1045 τέσσερες
338 989 516 1045 μεγάλοι
542 990 714 1045 ῥέοντες
740 990 811 1033 διὰ
831 990 1068 1044 Μἀιητέων
1092 990 1313 1036 ἐκδιδοῦσι
1344 994 1386 1045 ἐς

119 1063 200 1116 τὴν
235 1063 391 1117 λίμνην
419 1061 497 1116 τήν
534 1062 799 1116 καλεομένην
829 1065 1047 1116 ΖῑῙαιῆτιν·

1099 1067 1212 1106 τοῖσι
1253 1063 1388 1108 οὐνό-

120 1149 233 1188 ματα
263 1133 403 1176 κέεται
433 1131 552 1184 τάδε,
584 1131 751 1185 Λύκος,
770 1131 954 1186 ”Οαρος,
989 1133 1173 1188 Τάναϊς,
1205 1134 1385 1191 Σύργις-

61 1334 118 1390 μή
148 1334 430 1391 γεωργούμενα
463 1343 501 1377 et
528 1352 625 1389 quae
651 1340 722 1378 alia

61 1395 182 1432 attuiit
202 1396 407 1434 Blomfield.
430 1396 466 1432 in
490 1397 651 1435 Glossar.
674 1399 722 1435 ad

61 1451 228 1502 Aeschyl.
261 1454 298 1490 S.
329 1467 359 1490 c.
387 1453 458 1489 Th.
481 1454 545 1494 64.
577 1475 634 1481 —-
663 1455 722 1492 De

61 1509 146 1545 urbe
165 1509 285 1557 lignea
306 1511 349 1547 cf.
371 1509 434 1556 1V‚
458 1511 548 1551 108.
598 1512 656 1548 Ad
676 1509 720 1550 τό

61 1561 194 1617 πρόσω
217 1568 311 1603 conf.
333 1565 368 1617 ἓ.
382 1568 464 1607 283
479 1580 515 1616 p.
529 1568 611 1608 572
624 1572 661 1605 et
676 1569 724 1604 ad

60 1619 162 1661 κατὰ
185 1623 320 1673 στίβον
343 1628 435 1660 nott.
459 1624 507 1660 ad
529 1624 598 1670 lV,
633 1628 724 1666 122.

120 1678 159 1724 ἐς
195 1677 270 1729 τήν
316 1679 467 1731 ἐρῆμον
513 1676 721 1731 α’πίκοντο]

63 1735 171 1772 Conf.
203 1736 274 1784 lv,
311 1739 385 1783 22,
436 1737 497 1773 ubi
533 1737 643 1775 etiam
676 1739 723 1776 de

66 1791 313 1842 Thyssagetz'S.
372 1793 431 1830 Ad
463 1794 573 1831 verba
601 1793 724 1833 ἐοῦσα

61 1851 223 1898 πλῆθος
255 1851 349 1887 conf.
380 1850 522 1887 Herod.
553 1851 591 1898 Ι,
626 1854 723 1892 203.

61 1904 196 1943 Matth.
221 1906 285 1943 Gr.
311 1907 376 1944 Gr.
400 1906 436 1957 §.
460 1908 554 1954 428,
582 1909 606 1949 5
637 1921 723 1958 pag.

62 1960 159 2002 794.
181 1983 237 1990 -—
270 1964 361 2001 Mox
385 1960 519 2002 αὐτῶν
542 1964 628 2001 dedi
655 1978 723 2016 pro

63 2014 226 2058 αὗτέων.

121 2072 187 2114 δια
201 2073 435 2126 Μαιητέων]
451 2074 615 2113 Maeotae
626 2090 726 2115 com-

63 2137 310 2171 memorantur
328 2134 427 2182 apud
436 2133 577 2182 Scylac.
590 2134 724 2184 Peripl.

65 2188 103 2240 ᾗ.
119 2193 185 2230 71.
200 2190 347 2238 Scyrnn.
359 2190 426 2226 Ch.
448 2191 723 2238 sragmm-126.

64 2248 157 2288 139.
178 2246 293 2296 Orph.
314 2245 451 2294 Argon.
477 2250 596 2293 1062,
620 2247 723 2294 alios,

64 2315 157 2352 quos
188 2303 276 2340 citat
295 2302 512 2341 'I'zschucke
543 2305 591 2340 ad
615 2304 725 2341 Pom-

63 2372 150 2410 pon.
179 2359 266 2396 Mel.
299 2359 336 2406 I,
373 2363 425 2401 19
463 2365 555 2397 nott.
593 2373 724 2410 exegg.

65 2414 165 2465 (vol.
186 2416 237 2452 ΙΙΙ
257 2415 298 2452 Ρ.
319 2416 356 2465 Ι)
371 2429 457 2467 pag.
481 2420 575 2457 637.
616 2418 725 2468 Apud

65 2471 296 2509 Herodotum
311 2486 386 2510 non
407 2473 477 2516 nisi
500 2486 572 2510 uno
591 2473 725 2512 hoclo-

65 2541 109 2564 co
131 2534 475 2576 commemorantur,
505 2531 595 2578 nisi,
625 2532 725 2580 quod

65 2596 244 2635 perquam
262 2586 434 2624 credibile
455 2590 528 2633 est,
568 2587 636 2625 hoc
657 2601 726 2625 no-

66 2653 152 2678 men
181 2640 288 2678 latius
318 2643 435 2691 patuit
462 2644 579 2693 iisque
601 2646 726 2693 genti-

67 2698 159 2743 bus,
196 2701 378 2746 quotquot
397 2699 602 2738 Maeoticae
622 2702 726 2751 palu-

67 2754 123 2790 dis
142 2754 285 2800 accolae
306 2759 408 2800 sunt,
438 2769 627 2795 commune
646 2759 724 2794 fuit.

67 2810 176 2848 Conf.
207 2810 342 2848 Ritter.
368 2811 539 2850 Vorhalle
562 2826 600 2864 p.
629 2812 724 2854 294.

779 1339 941 1390 Kiippen
970 1338 1235 1389 Nordgestade
1263 1341 1300 1378 d.
1332 1341 1442 1380 Pont.

778 1410 864 1448 pag.
887 1398 949 1437 18.

835 1449 993 1499 Λύκος,
1036 1449 1210 1503 ’Όαρος,
1278 1450 1439 1502 Τάναϊς,

780 1506 948 1561 Σύργις]
981 1508 1039 1546 De
1058 1510 1224 1558 Guignes
1242 1510 1373 1557 (Mem.
1394 1513 1441 1550 de

780 1567 918 1603 l'Acad.
940 1567 975 1602 d.
999 1566 1109 1605 Inscr.
1122 1567 1265 1603 XXXV
1283 1581 1319 1617 p.
1338 1567 1442 1614 546)

780 1623 846 1660 hos
868 1624 997 1660 fluvios
1019 1622 1190 1673 (excepto
1212 1623 1348 1672 Tanai)
1374 1625 1442 1662 sibi

781 1681 947 1728 cognitos
991 1692 1072 1717 esse
1119 1685 1256 1727 negat,
1308 1681 1445 1718 Oarum

781 1737 866 1774 dein
897 1736 1040 1773 coniicit
1068 1749 1149 1774 esse
1184 1736 1340 1774 wardan
1370 1740 1442 1775 fiu-

779 1794 895 1839 vium,
935 1793 996 1842 qui
1024 1806 1044 1829 e
1065 1796 1162 1830 terra
1183 1794 1319 1831 Kuban
1343 1795 1441 1833 Cau-

780 1850 927 1899 casique
962 1849 1138 1886 tractibus
1175 1851 1369 1888 decurrens
1403 1852 1441 1889 in

780 1906 1007 1944 Maeotide-in
1026 1906 1155 1944 influit.
1179 1906 1377 1945 Mannerto
1390 1908 1441 1945 IV

780 1977 818 2014 p.
840 1965 894 2003 79
916 1962 1104 2013 probabile
1123 1964 1284 2010 videtur,
1309 1965 1441 2002 fluvios

781 2020 943 2070 Lycum,
978 2020 1114 2056 Oarum
1144 2025 1180 2058 et
1208 2020 1350 2070 Syrgz'n
1380 2034 1444 2059 eos

783 2090 884 2123 esse,
919 2076 980 2125 qui
1002 2089 1098 2113 nunc
1116 2083 1291 2114 vocentur
1317 2078 1443 2127 Volga,

787 2132 886 2170 Uzen
916 2140 952 2170 et
974 2132 1078 2170 Ural.
1136 2134 1257 2184 Supra
1286 2134 1357 2182 lv,
1388 2137 1443 2176 57

781 2189 924 2240 Hyg‘ris
949 2190 1103 2236 fluvius,
1145 2203 1252 2239 quem
1279 2204 1346 2242 pro
1376 2192 1445 2228 flu-

783 2248 840 2284 vio
866 2246 1001 2283 Donetz
1022 2246 1146 2284 haberi
1169 2251 1205 2284 et
1225 2261 1305 2284 cum
1328 2247 1446 2297 Syrgz‘

783 2304 979 2350 confundi,
1030 2303 1097 2339 nisi
1130 2304 1263 2341 diversi
1296 2306 1444 2342 omnino

781 2360 918 2397 suerint
955 2372 1103 2407 amnes,
1158 2372 1268 2411 supra
1302 2362 1444 2399 monui-

781 2430 874 2454 mus.
905 2417 953 2453 Et
972 2430 1082 2466 quum
1103 2416 1157 2453 his
1174 2417 1210 2453 in
1231 2418 1441 2467 regionibus

780 2473 868 2511 nulii
898 2478 1092 2511 enotentur
1125 2473 1226 2510 fluvii
1267 2476 1304 2512 in
1340 2486 1444 2512 mare

780 2530 974 2568 Asovicum
1019 2531 1235 2577 influentes,
1285 2531 1443 2569 Rennel.

783 2600 821 2637 p.
842 2586 945 2634 417,
972 2600 1053 2625 eam
1071 2587 1109 2624 in
1127 2588 1336 2636 opinionem
1352 2587 1442 2623 inci-

784 2645 859 2691 dit,
899 2650 940 2681 ut
967 2643 1109 2693 singula
1127 2643 1267 2680 Tanais
1295 2643 1443 2680 brachia

781 2714 850 2751 pro
870 2701 958 2751 ipsis
972 2702 1088 2737 fluviis
1105 2699 1188 2735 olim
1209 2700 1331 2735 habita
1349 2699 1445 2735 suis-

782 2770 856 2807 que
891 2758 1095 2794 nominibus
1125 2755 1319 2802 designata
1362 2767 1443 2792 esse

783 2815 1033 2852 contenderet.
1077 2813 1207 2858 ltaque
1228 2812 1362 2848 Oarum
1383 2824 1444 2848 su-

1080 2865 1170 2909 32*

1625 523 1718 557 anais,
