1946 3272
4 2949 26 2974 ,μ

503 220 587 262 122
888 220 1362 260 HERODOTI

503 329 605 386 τῇδε
617 328 1003 386 συμβαλλεόμενος,
1017 329 1085 374 ὅτι
1100 346 1144 374 τε
1164 329 1245 374 οὐκ
1263 330 1461 385 ἐξεφοίτα
1478 329 1524 373 ἐκ
1545 334 1620 386 τῆς
1638 329 1764 386 ἄκρο-

498 398 670 452 πόλιος,
704 401 778 444 καὶ
796 401 862 446 ὅτι
884 400 967 445 οὐκ
983 401 1125 444 ἐκάλεε
1148 401 1190 452 ἐς
1209 401 1313 453 ὄψιν
1330 400 1479 459 ἑωυτῷ
1498 399 1658 444 οὐδένα
1678 406 1765 446 τῶν

502 472 695 527 λογίμων
712 471 928 526 Περσέων.
983 471 1261 523 ὑποπτεύσας
1290 472 1336 516 δέ
1363 489 1456 528 μιν,
1486 472 1622 516 ἐποίεε
1650 472 1764 516 τάδε.

473 540 620 598 δ”Εσχε
649 541 788 587 αὐτοῦ
817 542 842 586 ὁ
874 541 1113 599 Καμβύσης
1144 542 1388 599 θυγατέρα,
1427 547 1480 600 τῇ
1512 542 1682 599 οὕνομα
1710 538 1766 600 ἦν

446 717 633 769 strophum
670 717 869 766 recipiunt,
914 720 1105 754 accentum

444 777 645 820 amittunt,
675 785 819 823 semper
854 773 954 823 apud
984 773 1103 811 Hero-

444 833 571 869 dotum
582 829 744 867 ultimam
761 829 921 867 vocalem
934 830 1102 867 abiicere.

444 888 528 924 Huc
553 886 714 936 pertinet
740 890 887 935 praeter
915 886 1105 936 praeposi·

443 944 560 981 tiones
581 942 758 992 quasdam
770 937 879 979 ἄλλά.
910 942 1010 978 Casu
1022 946 1103 979 tan-

443 1004 521 1037 tum
550 1000 684 1036 sactum
711 1001 791 1045 est,
822 1002 861 1034 ut
880 998 949 1034 nisi
973 1011 1044 1034 uno
1066 998 1103 1034 in

443 1056 523 1093 loco
537 1051 634 1094 ἄλλά
645 1055 683 1091 in
703 1054 869 1091 omnibus
882 1067 1010 1091 novem
1027 1054 1101 1091 He-

443 1112 567 1150 rodoti
585 1111 685 1148 libris
705 1115 792 1148 ante
821 1110 1009 1148 relativum
1031 1123 1103 1161 po-

444 1170 551 1206 situm
567 1181 642 1205 non
661 1167 885 1218 reperiatur3
913 1172 969 1205 est
986 1168 1015 1204 is
1039 1167 1102 1214 ΙΙΙ,

444 1227 512 1266 68.
569 1225 610 1261 Si
635 1236 721 1261 vero
749 1224 895 1274 saepius
917 1224 970 1261 ita
990 1224 1105 1274 parti-

442 1281 559 1320 culam
576 1281 670 1318 hanc
679 1281 864 1330 posuisset
874 1280 1104 1328 Herodotus,

442 1344 530 1377 tunc
550 1337 625 1374 noli
651 1337 842 1383 dubitare,
872 1337 960 1386 quin
982 1336 1105 1374 relati-

442 1408 527 1432 vum
541 1406 562 1431 a
573 1393 700 1444 spiritu
713 1406 858 1443 semper
869 1393 1090 1444 incepisset.‘
1092 1395 1104 1413 ‘

445 1451 617 1489 Struve
643 1450 752 1500 Spec.
781 1449 797 1486 Ι
835 1450 990 1494 Quaest.
1033 1454 1103 1488 etc.

442 1522 526 1560 pag.
543 1510 583 1547 7.
599 1504 652 1547 47
673 1510 748 1543 not.
769 1506 819 1543 **.

465 1566 473 1569 ⁷
498 1563 594 1618 τῆδε
627 1556 990 1613 συμβαλλεόμενος]
1045 1561 1103 1599 De

441 1622 560 1659 forma
586 1620 681 1656 conf.
704 1620 732 1667 l,
752 1620 818 1659 68.
850 1618 968 1655 'lacet
985 1617 1102 1655 dehis

442 1677 610 1723 Ctesias,
640 1650 739 1725 apud
775 1688 883 1724 quem
906 1673 943 1725 ἓ
971 1675 1020 1714 13
1050 1674 1103 1710 ita

441 1733 609 1783 legimus,
639 1731 830 1777 Ixabaten,
861 1731 923 1780 qui
941 1731 1102 1779 Camby-

441 1791 492 1827 sis
513 1789 667 1826 cadaver
685 1791 722 1824 in
734 1788 921 1826 Persidem
938 1787 1102 1824 deduxe-

440 1850 511 1894 rat,
528 1845 614 1882 inde
625 1858 806 1883 reversum
827 1842 1017 1892 evulgasse
1026 1855 1103 1880 rem

441 1901 626 1954 praesenti
677 1901 774 1938 omni
823 1900 983 1937 exercitu
1024 1911 1103 1935 ma-

442 1970 616 2008 gumque,
629 1958 690 2005 qui
712 1969 833 1994 rerum
851 1956 988 2006 potitus
1010 1959 1103 2001 erat,

441 2015 576 2066 probro
603 2013 791 2057 affecisse3
820 2012 939 2058 unde,
961 2024 1042 2048 cum
1065 2011 1102 2048 in

441 2069 615 2120 templum
652 2069 895 2117 confugisset,
939 2080 1104 2117 compre-

441 2127 594 2164 hensum
653 2125 958 2172 interfectumque
1009 2136 1102 2161 esse.

442 2183 548 2226 Quae
565 2181 692 2218 similia
710 2186 794 2218 sunt
811 2181 1035 2218 Herodoteis
1055 2180 1102 2217 de

442 2238 622 2288 Prexaspe
645 2237 710 2284 Ill,
735 2237 798 2278 75.
828 2236 961 2286 Neque
983 2237 1101 2287 ipsum

440 2308 573 2333 nomen
595 2295 743 2331 multum
765 2293 899 2330 differt.

498 2349 540 2389 ἐκ
562 2352 633 2399 τῆς
652 2345 902 2399 οἷκροπόλιος]
934 2349 1099 2397 Intelligo

441 2408 488 2444 de
509 2408 605 2455 ‘regio
621 2407 773 2455 palatio,
800 2407 891 2443 arcis
911 2407 958 2442 ad
985 2407 1101 2442 instar

441 2464 598 2509 munito,
629 2463 933 2511 quemadmodum
956 2462 1002 2499 de
1024 2462 1099 2498 De-

440 2520 528 2556 iocis
555 2532 636 2556 arce
664 2518 697 2565 l,
723 2520 787 2557 98.
841 2518 898 2555 De
929 2517 1099 2554 Susorum

440 2588 522 2613 arce
549 2576 670 2624 regia,
701 2579 739 2611 ut
766 2575 822 2611 hic
850 2575 910 2622 agi
942 2576 1099 2621 credam,

441 2632 616 2669 inducunt
643 2644 700 2667 me
733 2643 794 2677 ea,
826 2643 922 2678 quae
953 2630 1014 2673 ΙΙΙ,
1045 2634 1096 2671 71

441 2688 503 2725 fin.
525 2691 719 2725 narrantur
737 2687 783 2723 de
804 2686 914 2723 Dario
939 2699 958 2723 e
980 2687 1100 2722 Persi-

442 2745 489 2782 de
499 2743 593 2780 Susa
606 2743 774 2780 veniente
785 2743 907 2791 ibique
921 2755 1000 2780 cum
1015 2755 1099 2778 con-

441 2800 566 2838 iuratis
579 2799 803 2838 deliberante
825 2804 863 2836 et
882 2811 964 2835 mox
981 2799 1028 2834 ad
1043 2800 1100 2834 fa-

442 2857 543 2895 cinus
564 2859 795 2909 properante.
832 2854 1002 2905 Namque
1027 2856 1099 2892 Su-

1160 717 1208 754 sis
1239 730 1345 766 reges
1371 717 1566 755 Persarum
1590 731 1656 769 per
1681 717 1821 768 aliquot

1160 786 1247 810 anm
1273 787 1415 812 menses
1443 787 1574 812 vernos
1607 787 1821 812 commorari

1159 831 1271 867 fuisse
1301 830 1451 877 solitos,
1488 836 1526 867 ut
1557 831 1703 868 aliunde
1732 832 1820 867 satis

1160 891 1314 933 constat,
1325 888 1377 924 ita
1396 886 1451 924 vel
1473 899 1516 924 ex
1535 886 1714 925 Estherae
1737 900 1821 923 nar-

1159 942 1303 979 ratione
1329 947 1454 992 patet,
1484 943 1547 992 (cf.
1572 943 1600 989 l,
1635 946 1672 983 2.
1703 943 1749 990 ΙΙ,
1777 941 1819 994 3)

1159 997 1320 1046 itemque
1338 1010 1381 1035 ex
1403 997 1619 1045 Nehemiae,
1643 999 1820 1046 Danielis,

1159 1053 1324 1098 aliorum,
1354 1053 1463 1090 libris.
1522 1054 1630 1091 Hanc
1652 1052 1738 1092 vero
1762 1068 1823 1091 ur-

1161 1109 1258 1156 bem,
1283 1110 1405 1147 Medis
1417 1110 1517 1147 victis
1537 1111 1681 1158 aCyr0‚
1702 1107 1824 1160 τὸτῆς

1160 1164 1377 1218 ἡγεμονίας
1412 1166 1615 1217 βασίλειον
1643 1168 1823 1204 constitu-

1160 1227 1233 1259 tam
1256 1224 1345 1260 suiss
1330 1236 1368 1260 e
1389 1223 1512 1259 scribit
1532 1223 1667 1260 Strabo
1688 1223 1758 1260 XV
1784 1236 1822 1273 p.

1162 1278 1242 1319 725
1267 1292 1343 1329 seq.
1364 1292 1393 1316 5.
1412 1292 1447 1345 p.
1463 1279 1580 1319 1058
1591 1279 1634 1315 Β.
1653 1279 1743 1316 haec
1755 1279 1823 1316 ad-

1161 1336 1275 1373 dens:
1307 1334 1335 1385 '7‘
1359 1333 1400 1374 δὲ
1422 1329 1713 1398 ἀκρόπολις
1734 1334 1820 1374 ε’κα-

1159 1394 1262 1431 asim
1283 1386 1541 1442 Μεμνόνειον
1563 1396 1598 1429 et
1623 1404 1718 1441 quae
1737 1396 1821 1429 sunt

1159 1448 1298 1497 reliqua
1319 1449 1365 1486 de
1383 1448 1746 1494 moenibus,aedibus
1763 1461 1821 1485 re-

1160 1505 1247 1554 giis,
1288 1504 1377 1541 aliis.
1437 1504 1595 1542 Maxime
1633 1504 1701 1540 huc
1734 1505 1821 1541 facit

1159 1561 1367 1611 Stephanus
1388 1561 1479 1610 Byz.
1503 1573 1532 1600 5.
1558 1572 1591 1598 V.
1623 1562 1763 1598 Σοῦσα
1783 1574 1820 1610 p.

1160 1619 1241 1658 678
1254 1630 1306 1666 sq
1318 1616 1462 1654 Berkel.
1475 1616 1539 1663 (cf.
1552 1615 1583 1653 Ι
1587 1629 1640 1653 uc.
1654 1616 1819 1654 Holsten.

1159 1674 1197 1710 in
1209 1673 1304 1710 hune
1322 1673 1437 1710 locum
1450 1686 1485 1723 p.
1495 1674 1576 1713 302
1588 1685 1631 1721 sq
1647 1673 1685 1720 ):
1717 1672 1823 1711 οἰκο-

1162 1730 1344 1780 δομῆσαν
1370 1728 1436 1768 ἐπὶ
1462 1744 1531 1779 της
1560 1724 1685 1780 ἄκρας
1706 1725 1752 1767 τὰ
1777 1728 1821 1768 ἐν

1162 1781 1336 1833 Σούσοις
1364 1785 1561 1836 βασίλεια,
1593 1800 1639 1823 τα
1671 1785 1822 1835 διαμεί-

1161 1857 1284 1881 ναντα
1314 1858 1361 1880 τα
1396 1839 1506 1893 μέχρι
1541 1842 1612 1890 τῆς
1649 1843 1820 1909 Περσων

1158 1897 1397 1951 ηγεμονίας,
1437 1896 1638 1948 κληθέντα
1669 1894 1708 1936 δ’
1746 1892 1820 1936 ἀπ’

1159 1955 1314 1995 ἐκείνου
1339 1950 1588 2003 Μεμνόνεια.
1633 1954 1739 1998 Quae
1759 1966 1820 1992 ea-

1161 2012 1244 2048 dem
1272 2015 1356 2047 sunt
1378 2025 1424 2048 τα
1453 2005 1642 2062 βασιληῖα
1663 2026 1707 2048 τα
1735 2013 1820 2049 Me-

1161 2063 1307 2118 μνόνια
1328 2062 1547 2117 καλεόμενα
1579 2067 1676 2116 apud
1698 2066 1820 2104 Hero-

1158 2125 1284 2161 dotum
1307 2123 1349 2169 V,
1372 2125 1435 2164 53.
1459 2123 1540 2170 Vll,
1562 2125 1652 2163 151.
1680 2143 1736 2150 ——
1760 2122 1821 2159 ln-

1157 2181 1213 2217 sra
1235 2180 1298 2226 ΙΙΙ,
1327 2182 1379 2219 76
1402 2176 1448 2217 τά
1474 2175 1661 2230 βασιλήϊα
1693 2192 1818 2216 occur-

1156 2241 1240 2273 runt
1260 2237 1296 2272 in
1309 2236 1501 2273 Persarum
1514 2236 1762 2273 coniuratione
1780 2239 1819 2273 et

1156 2293 1221 2340 ΙΙΙ,
1244 2294 1297 2333 79
1329 2293 1458 2330 eadem
1478 2293 1513 2329 in
1537 2305 1576 2329 re
1598 2295 1818 2328 memoratur

1157 2345 1382 2401 α’κρόπολις.
1441 2349 1524 2395 „De
1548 2348 1650 2384 Susis
1672 2346 1817 2385 consule

1156 2406 1299 2443 Hoeck.
1327 2406 1364 2441 in
1386 2406 1467 2442 Yet.
1486 2404 1632 2441 Mediae
1655 2408 1690 2440 et
1715 2402 1815 2440 Pers.

1157 2463 1357 2499 Monumm.
1377 2474 1463 2511 pag.
1480 2462 1546 2506 90,
1567 2464 1602 2496 et
1623 2472 1718 2508 quae
1736 2458 1817 2508 plu-

1157 2531 1196 2555 ra
1226 2517 1393 2566 leguntur
1419 2518 1455 2553 in
1481 2515 1645 2564 Syrnbol.
1675 2519 1711 2552 et
1732 2514 1817 2564 My-

1157 2573 1294 2621 tholog.
1317 2573 1330 2609 l
1356 2587 1391 2622 p.
1403 2572 1574 2621 450sqq.
1595 2585 1630 2622 p.
1652 2570 1729 2611 461
1756 2572 1815 2609 ed.

1155 2630 1285 2666 alterf‘
1318 2629 1347 2665 C
1357 2643 1383 2665 r.

1211 2701 1258 2738 τῃ
1273 2682 1347 2723 οὕι
1351 2700 1427 2735 ομα
1446 2700 1497 2735 ην
1511 2682 1701 2733 Φαιδίμη]
1719 2684 1816 2721 Φαι-

1157 2742 1252 2791 δίμη
1288 2742 1371 2791 (pro
1405 2737 1614 2792 Φαιδύμη)
1649 2753 1729 2776 cum
1758 2752 1815 2776 re-

1156 2803 1265 2835 centt.
1302 2798 1387 2835 edd.
1418 2802 1455 2835 et
1492 2798 1526 2834 h.
1555 2797 1577 2834 l.
1607 2801 1644 2834 et
1670 2796 1735 2840 ΙΙΙ,
1759 2796 1814 2836 69

1158 2854 1296 2905 scripsi.
1370 2853 1521 2904 Aliquot
1552 2853 1632 2891 libri
1658 2856 1814 2902 utroque

1925 1167 1931 1266 i

1931 1300 1937 1444 l

1934 1462 1938 1614 l
