1863 3256
467 232 551 274 222

862 233 1334 272 HERODOTI

467 342 577 385 τέειν
613 339 851 397 ἐπενοήθη,
895 340 1028 396 πάρεξ
1068 342 1249 394 Μίνωός
1287 359 1331 387 τε
1373 347 1454 387 τοῦ
1489 345 1736 397 Κνωσσίου,

467 414 541 457 καὶ
578 414 614 456 εἰ
644 409 697 469 δή
727 429 792 463 τις
828 412 957 462 ἄλλος
985 411 1196 467 πρότερος
1224 413 1384 458 τούτου
1412 409 1513 471 ἦρξε
1541 419 1617 470 τῆς
1645 420 1737 458 θα-

469 483 650 540 λάσσης·
709 487 784 537 τῆς
815 482 860 525 δὲ
891 481 1177 537 ἄνθρωπηΐης
1207 485 1435 541 λεγομένης
1469 489 1616 542 γενεῆς
1646 489 1737 529 Πον-
1749 493 1793 527 85

469 556 687 610 λυκροῖτης
716 553 806 595 ἐστὶ
833 556 1030 606 πρῶτος,
1061 553 1236 606 ἐλπίδας
1254 556 1416 607 πολλάς
1443 558 1550 612 ἔχων
1576 557 1739 613 Ἰωνίης
1801 571 1863 610 25!

444 630 522 670 4τε
552 627 623 669 καὶ
659 625 806 680 νήσων
843 624 999 677 ἄρξειν.
1059 626 1216 679 μαθών
1255 622 1316 669 ὧν
1352 629 1488 671 ταῦτα’
1524 646 1598 684 μιν
1636 631 1738 672 δια-

471 697 712 751 νοεύμενον
733 694 755 738 ὁ
779 694 1001 751 Ὀροίτης,
1030 694 1199 750 πέμψας
1229 696 1451 755 ἀγγελίην,
1483 700 1595 754 ἔλεγε
1616 699 1736 742 τάδε·

441 770 770 820 5,,οΡΟΙΤΗΣ
797 769 1186 812 HOAYKPATEI
1210 768 1347 811 ὩΛΕ
1376 774 1568 814 ΛΕΓΕΙ.
1619 774 1738 813 Πυν-

467 839 665 894 θάνομαι
705 835 1002 893 ἐπιβουλεύειν
1042 850 1088 881 σε
1129 839 1351 896 πρήγμασι
1380 841 1625 896 μεγάλοισι,
1664 842 1794 885 καὶ9ο

466 908 664 967 χρήματά
691 925 761 951 τοι
791 907 873 951 οὐκ
903 906 1014 951 εἶναι
1043 913 1152 952 κατὰ
1181 912 1232 953 τὰ
1263 911 1533 967 φρονήματα.
1574 913 1628 956 σύ
1655 930 1739 956 νυν

467 976 550 1024 ὦδε
580 978 791 1035 ποιήσας,
824 978 1037 1032 ὀρθώσεις
1068 980 1146 1036 μὲν
1177 981 1385 1034 σεωυτόν,
1418 981 1570 1033 σώσεις
1601 982 1645 1026 ὁὲ
1665 983 1738 1026 καὶ

438 1050 553 1107 6ἐμέ.
613 1051 709 1106 ἐμοὶ
740 1050 823 1107 γὰρ
856 1050 1058 1108 βασιλεῦς
1086 1051 1327 1110 Καμβύσης
1361 1052 1630 1109 ἐπιβουλεύει
1657 1052 1739 1096 θά-

409 1226 618 1276 ptendecim
645 1225 808 1273 gentium
838 1228 1074 1262 recensentur

409 1282 760 1333 θαλασσοκρατίαι.

464 1390 589 1444 πάρεξ
605 1390 776 1441 Μίνωός
789 1408 828 1433 τε
849 1398 922 1434 τοῦ
935 1397 1074 1434 Κνωσ·

412 1450 517 1503 σίου]
531 1451 705 1489 Duolibri
726 1451 829 1490 Μίν
843 1467 872 1490 ω
893 1466 952 1499 τε,
973 1453 1073 1501 quod

410 1522 485 1546 non
526 1509 770 1558 spernendum
818 1522 898 1546 esse
944 1510 1074 1545 statuit

374 1582 377 1585 ·
411 1566 567 1603 WVessel.
592 1567 782 1602 conferens
803 1564 960 1615 Etymol.
979 1578 1024 1600 m.
1037 1578 1072 1614 p.

411 1622 508 1668 588,
525 1623 589 1663 28.
611 1630 613 1632 ’
648 1622 729 1660 Nec
749 1623 958 1671 infrequens
982 1621 1074 1658 haec

411 1679 562 1726 genitivi
601 1679 736 1724 forma,
779 1680 826 1715 de
868 1680 940 1727 qua
979 1678 1071 1714 conf.

413 1734 546 1772 Matth.
571 1735 638 1772 Gr.
671 1735 736 1771 Gr.
761 1733 797 1785 ᾗ.
822 1737 875 1775 70
900 1740 966 1771 not
993 1736 1017 1773 3
1038 1748 1072 1783 p.

415 1792 507 1832 153.
540 1791 678 1828 Herod.
705 1792 733 1838 I7
766 1793 857 1832 171.
880 1813 936 1819 —
965 1791 1071 1828 Cnos-

414 1849 488 1884 sz'us
508 1848 637 1885 dicitur
654 1848 791 1894 Minos,
822 1861 931 1896 quum
954 1848 1074 1884 Cnos-

414 1917 474 1941 sus
493 1905 577 1941 urbs
596 1904 746 1953 antiqua
765 1909 862 1941 esset
881 1905 981 1953 regia
1001 1903 1073 1940 Mi-

413 1962 493 1998 nois
522 1961 650 2006 sedes,
691 1961 820 2010 opibus
855 1962 1073 2009 aediumque

411 2017 605 2068 splendore
634 2018 786 2065 insignis
813 2018 973 2066 indeque
998 2028 1074 2052 rra-

412 2075 508 2112 xime
520 2073 701 2111 celebrata
719 2087 786 2123 per
805 2074 1072 2122 antiquitatem.

412 2129 509 2167 Alibi
530 2143 599 2166 vox
621 2143 700 2167 cum
724 2142 795 2166 una
814 2134 848 2168 ὅ
870 2131 1006 2180 scripta
1018 2142 1074 2166 re-

411 2188 571 2237 peritur;
598 2187 644 2223 de
676 2199 748 2236 qua
781 2186 956 2235 scriptura
995 2199 1074 2223 mo-

409 2250 566 2280 nuerunt
584 2242 719 2280 Moser.
744 2248 781 2280 et
804 2244 935 2280 Creuz.
953 2243 1074 2279 adCi-

412 2312 484 2339 cer,
503 2300 549 2336 de
568 2298 686 2347 Legg.
710 2300 736 2346 Ι,
749 2299 772 2340 5
795 2312 878 2350 pag.
895 2301 947 2339 39
971 2300 1016 2337 de
1035 2311 1074 2336 re

412 2368 561 2404 quoque
588 2363 790 2393 monentes.
830 2356 886 2392 Tu
911 2356 996 2394 add.
1019 2356 1074 2391 in-

412 2412 538 2462 primis
556 2411 694 2448 Hoeck.
719 2412 848 2448 Ctrrta
873 2411 886 2447 Ι
908 2425 992 2462 pag.
1011 2414 1072 2452 10.

413 2469 506 2508 403.
537 2467 579 2512 ΙΙ,
611 2470 701 2508 182.
742 2467 800 2504 De
829 2469 908 2518 ipso
934 2467 1073 2514 Minoe,

414 2524 521 2560 maris
551 2524 739 2572 imperium
766 2525 826 2572 qui
854 2525 990 2573 primus
1017 2525 1072 2559 in-

415 2585 472 2618 ter
494 2580 656 2616 Graecos
679 2581 839 2616 tenuisse
860 2581 982 2626 fertur,
1002 2580 1072 2615 vid.

416 2635 583 2685 Thucyd.
608 2636 635 2682 1,
656 2634 691 2676 4.
730 2635 882 2673 Diodor.
913 2637 983 2672 Sic.
1012 2636 1074 2682 lv,

415 2694 481 2733 60.
506 2692 547 2739 V,
568 2692 622 2732 54
643 2691 724 2738 alia,
747 2705 840 2740 quae
860 2693 1074 2740 interpretes

347 2792 352 2801 ι
415 2747 643 2796 Thucydidis
663 2761 745 2797 pag.
769 2748 834 2787 64.
861 2750 917 2785 ed.
944 2749 1075 2785 Gervi-

416 2805 454 2841 ni
474 2804 681 2842 attulerunt.
728 2803 823 2841 Add.
842 2805 984 2843 Hoeck.
1008 2804 1030 2841 l.
1050 2804 1071 2842 l.

416 2860 449 2898 ΙΙ
467 2873 553 2912 pag.
576 2862 656 2902 201
676 2873 780 2911 seqq.

1189 1223 1256 1263 καὶ
1287 1223 1321 1263 εἰ
1349 1220 1400 1274 δή
1428 1240 1486 1271 τις
1506 1240 1541 1264 κ.
1566 1240 1596 1263 τ.
1618 1225 1665 1274 λ.]
1699 1224 1794 1263 Ante

1131 1281 1294 1318 Minoem
1309 1283 1454 1330 quidem
1477 1294 1599 1328 nem0,
1618 1287 1792 1331 quantum

1130 1339 1312 1384 novimus,
1332 1341 1674 1391 θαλασσοκρατῶν
1694 1339 1794 1388 apud

1132 1395 1295 1431 Graecos
1331 1395 1551 1441 celeb'ratur,
1598 1395 1665 1432 sed
1699 1395 1794 1431 inter

1131 1450 1295 1488 Minoem
1334 1457 1372 1488 et
1401 1451 1632 1502 Polycratem
1668 1450 1792 1501 plures

1131 1511 1366 1545 recensentur
1395 1509 1440 1544 ab
1465 1509 1635 1545 Africano
1662 1514 1700 1545 et
1719 1507 1793 1544 Eu-

1131 1565 1233 1601 sebio
1273 1565 1309 1601 in
1348 1565 1549 1602 Chronieis.
1621 1564 1794 1613 Quapro-

1130 1625 1212 1670 pter
1232 1620 1288 1657 Cr.
1311 1621 1466 1657 conferri
1487 1621 1561 1657 vult
1586 1620 1793 1670 Syuccllum

1130 1690 1215 1726 pag.
1243 1679 1323 1717 172
1348 1677 1390 1713 C.
1425 1682 1461 1714 et
1488 1676 1622 1714 Euseb.
1655 1676 1791 1712 Chron.

1134 1746 1177 1769 ex
1197 1734 1277 1770 cod.
1292 1736 1436 1770 Armon.
1458 1746 1576 1780 nuper
1597 1733 1656 1770 ed.
1675 1732 1687 1769 Ι
1715 1745 1791 1782 cap.

1133 1791 1185 1829 36
1207 1803 1291 1839 pag.
1316 1792 1393 1830 168
1424 1790 1481 1827 ed.
1503 1789 1703 1827 Mediolan.
1727 1789 1794 1825 Gr.

1130 1860 1168 1896 p.
1188 1847 1253 1886 51.
1276 1846 1422 1883 Arinen.
1446 1846 1504 1883 ed.
1525 1847 1654 1883 Venet.

1187 1904 1260 1951 τῆς
1289 1900 1330 1940 δὲ
1350 1898 1615 1952 α’νθρωπηΐης
1639 1899 1793 1954 λεγομέ-

1131 1973 1205 2008 νης
1224 1957 1379 2009 γενεῆς]
1412 1955 1655 2009 ἅνθρωπηΐη
1677 1955 1792 2010 γενεή

1131 2016 1224 2063 (qua
1250 2015 1338 2052 alias
1360 2016 1456 2052 vitae
1481 2015 1660 2052 humanae
1681 2016 1795 2065 signi-

1130 2072 1259 2108 ficatur
1294 2072 1472 2121 spatium3
1501 2073 1594 2108 conf.
1629 2072 1681 2118 ΙΙ,
1713 2070 1792 2112 142

1130 2129 1216 2176 ibiq.
1238 2127 1347 2177 nott.)
1370 2128 1402 2164 h.
1421 2127 1442 2164 l.
1463 2133 1607 2178 tempus
1624 2129 1795 2177 designat

1131 2185 1347 2231 historicum,
1371 2185 1472 2233 quod
1494 2185 1644 2231 dicitur,
1672 2185 1792 2234 quod-

1131 2254 1202 2289 que
1222 2242 1420 2291 opponitur
1438 2243 1487 2294 τῇ
1509 2243 1676 2294 μυθικῇ,
1697 2253 1792 2288 quae

1130 2296 1276 2334 heroica
1307 2298 1531 2334 Graecorum
1562 2309 1604 2333 ac
1632 2297 1792 2345 mythica

1131 2351 1333 2402 (sabulosa)
1353 2360 1408 2390 est
1428 2358 1543 2398 aetas,
1573 2353 1609 2389 in
1627 2354 1699 2402 qua
1718 2365 1791 2389 non

1131 2415 1230 2446 certa
1260 2415 1404 2447 constat
1425 2413 1460 2446 et
1485 2421 1604 2445 rerum
1632 2415 1670 2447 et
1699 2414 1791 2446 tem-

1130 2479 1258 2515 porum
1287 2467 1389 2502 ratio.
1448 2465 1593 2502 Monuit
1623 2466 1647 2502 Ι.
1677 2466 1792 2502 Scali-

1132 2535 1206 2570 ger.
1230 2523 1321 2558 Can.
1348 2522 1440 2570 lsag.
1463 2522 1509 2558 ΙΙΙ
1533 2535 1618 2571 pag.
1640 2524 1734 2563 278.

1190 2572 1264 2616 ὦδε
1286 2576 1400 2628 λέγει]
1433 2578 1541 2614 Conf.
1567 2578 1627 2624 ΙΙΙ,
1645 2578 1711 2619 40.
1734 2577 1792 2615 Ad

1130 2633 1346 2671 locutionem
1379 2629 1451 2672 min
1485 2630 1584 2672 εἶναι
1614 2631 1712 2673 και-α’
1742 2630 1790 2672 τοὶ

1133 2686 1371 2740 φρονήματα
1394 2692 1486 2727 conf.
1509 2691 1561 2737 ΙΙ,
1594 2693 1657 2732 10.
1695 2691 1792 2727 Pau-

1130 2746 1165 2783 lo
1196 2753 1280 2796 post
1304 2747 1357 2783 bis
1395 2748 1574 2784 invenitur
1609 2743 1657 2786 σύ
1688 2749 1790 2795 νῦν,-

1131 2803 1302 2852 equidem
1335 2805 1479 2854 reposui
1507 2800 1555 2842 σύ
1581 2818 1680 2850 νυν,
1709 2816 1790 2841 cum

1129 2859 1279 2898 voculae
1296 2861 1371 2899 νῦν
1390 2860 1447 2898 hic
1467 2859 1584 2898 nullus
1605 2860 1715 2898 locus.
