1863 3256
140 268 225 307 646
619 264 1169 305 EXCURSUSII

538 680 1135 730 EXCURSUS
1205 683 1254 729 11

237 802 329 840 AD
389 796 856 837 HERODOTI
914 795 1570 850 LOCUM111‚98seqq.

685 874 788 912 DE
844 873 1119 914 INDIA.

264 1054 434 1094 Mancam
455 1067 536 1093 esse
554 1066 597 1092 ac
616 1055 849 1105 perexiguam
872 1054 1055 1092 Herodoti
1077 1054 1125 1092 de
1143 1053 1248 1091 India
1269 1054 1436 1092 notitiam
1457 1055 1516 1092 vix
1535 1066 1663 1103 quem-

153 1135 262 1173 quam
290 1123 409 1171 fugiet
435 1122 664 1171 maximeque
687 1134 767 1160 eam
796 1125 964 1173 spectare
987 1121 1035 1158 ad
1059 1132 1121 1158 eas
1149 1121 1276 1159 Indiae
1297 1125 1420 1172 partes
1442 1121 1663 1172 septentrio-

153 1190 278 1238 nales,
316 1203 411 1239 quae
430 1190 621 1228 Persarum
640 1190 767 1227 ditioni
799 1189 948 1235 additae
965 1188 1021 1227 vel
1042 1189 1085 1225 iis
1105 1193 1203 1227 certe
1224 1190 1468 1228 conterminae
1488 1201 1662 1227 commer-

153 1258 196 1295 cii
233 1271 300 1295 usu
334 1259 452 1307 magis
483 1258 725 1305 innotuerint,
772 1256 827 1295 vel
867 1270 911 1295 ex
942 1257 983 1293 iis
1022 1256 1257 1306 intelligitur,
1303 1270 1399 1307 quae
1438 1258 1488 1295 ad
1516 1257 1663 1295 Ctesiae

153 1327 320 1374 fragmm.
351 1338 387 1375 p.
419 1325 471 1366 52
493 1337 570 1374 seq.
602 1325 688 1362 olim
720 1325 887 1363 diximus.
947 1325 1199 1374 Quaecunque
1226 1326 1322 1363 enim
1348 1326 1395 1363 de
1420 1325 1524 1362 India
1550 1325 1664 1362 refert

156 1393 298 1431 Ctesias
324 1392 528 1430 Indicorum
548 1393 583 1429 in
604 1392 716 1440 libro,
745 1405 789 1430 ea
809 1393 858 1430 ad
878 1393 1027 1430 easdem
1046 1393 1160 1430 ferme
1179 1394 1364 1443 pertinere
1386 1393 1556 1442 regiones
1570 1420 1581 1439 ‚
1614 1393 1663 1429 ad

152 1472 243 1509 quas
260 1459 475 1500 Herodotea
497 1463 687 1509 spectant,
730 1461 818 1497 satis
838 1460 889 1498 ibi
914 1460 1204 1497 monstravimus.
1262 1460 1342 1497 Has
1372 1460 1471 1510 ipsas
1490 1472 1576 1497 vero
1605 1471 1663 1497 re-

153 1527 280 1575 giones
307 1528 507 1564 accuratius
527 1528 564 1564 *si
593 1528 748 1566 definire
772 1528 883 1576 velis,
922 1527 1124 1566 Rennelius
1142 1527 1164 1565 l.
1184 1528 1207 1565 l.
1225 1542 1262 1579 p.
1283 1528 1362 1569 519
1383 1527 1479 1573 (6011·
1501 1527 1666 1565 Vincent-

153 1594 241 1631 ibid.
261 1607 298 1644 p.
321 1592 423 1643 720)
448 1595 494 1632 de
523 1596 629 1632 terris
655 1596 893 1644 cogitandum
921 1599 1068 1642 censet,
1103 1596 1234 1645 quibus
1262 1607 1358 1632 nunc
1379 1607 1513 1632 nomen
1531 1593 1666 1641 Kahat,

156 1660 378 1709 Kandalzar,
409 1660 581 1709 Paujub,
615 1661 734 1710 Sa'nd,
774 1667 873 1699 trans
907 1663 1036 1701 Indum
1067 1664 1226 1700 extensis
1255 1675 1371 1712 usque
1397 1663 1445 1699 ad
1475 1662 1553 1699 loca
1573 1661 1668 1698 Rae·-

152 1731 317 1778 pottana.
375 1728 482 1772 Quae
510 1730 779 1779 angustioribus
810 1731 940 1768 finibus
964 1729 1288 1768 circumscribenda
1307 1730 1488 1767 videntur.
1546 1729 1666 1767 Wahl.

159 1796 437 1834 Erdbeschreib.
462 1810 494 1834 v.
515 1798 663 1835 Ostind.
687 1811 724 1848 p.
751 1798 833 1840 457
861 1798 1011 1847 intelligi
1042 1797 1160 1849 placet
1190 1801 1324 1835 terram
1349 1797 1485 1847 Bucar,
1523 1797 1668 1835 Kutwer

160 1877 233 1902 una
263 1878 343 1902 cum
376 1869 482 1916 parte
514 1866 744 1903 desertorum
772 1865 858 1903 Cobi
890 1865 925 1902 T
926 1867 1118 1915 ibetumque
1145 1878 1305 1915 parvam.
1373 1866 1558 1915 Singulari
1585 1877 1668 1903 cura

160 1935 290 1982 postea
318 1931 355 1968 in
375 1931 465 1969 haec
487 1933 750 1981 inquisiverunt
774 1933 997 1971 Maltebrun.
1025 1934 1062 1970 in
1080 1932 1279 1971 Nouvelles
1299 1933 1441 1972 Annali.
1466 1934 1502 1971 d.
1523 1932 1668 1981 Voyag.

163 1999 197 2035 II
217 2012 254 2049 p.
276 2000 358 2040 307
383 2011 487 2048 seqq.
518 2003 555 2036 et
573 2000 733 2037 Heeren.
757 2000 867 2038 Ideen
893 2001 927 2049 l,
960 2003 982 2041 1
1010 2015 1046 2052 p.
1073 2003 1154 2042 338
1172 2014 1249 2050 seq.
1271 2002 1355 2042 352
1371 2014 1449 2051 seq.
1470 2003 1575 2046 366,
1615 2000 1671 2037 cul

164 2065 344 2103 Herodoti
366 2066 468 2104 India
488 2071 526 2104 et
549 2067 850 2118 septentrionales
874 2069 1041 2118 regiones
1060 2070 1227 2107 Bactriae
1255 2070 1425 2107 finitimas
1448 2068 1538 2115 (sive
1558 2068 1593 2106 T
1596 2067 1672 2105 ibe-

165 2138 240 2170 tum
259 2146 431 2184 parvam,
458 2135 604 2173 Ctesiae
623 2148 772 2185 quoque
791 2137 972 2185 cognitam
993 2149 1064 2173 una
1082 2150 1161 2174 cum
1182 2141 1277 2176 terra
1293 2135 1430 2188 Kabul)
1451 2141 1487 2174 et
1502 2135 1671 2174 meridio-

166 2200 267 2238 nales
297 2202 464 2251 regiones
494 2203 542 2239 ad
575 2203 655 2240 Indi
681 2203 775 2240 ostia
801 2208 837 2241 et
870 2204 962 2242 ultra
991 2204 1119 2242 Indum
1148 2217 1262 2254 usque
1288 2205 1337 2242 ad
1359 2204 1502 2241 fiuvium
1525 2203 1672 2240 Paddar

169 2272 359 2318 terraeque
392 2270 556 2307 Guzerat
584 2271 677 2309 fines
715 2271 906 2322 complecti
938 2273 1092 2310 videtur.
1157 2272 1472 2324 septentrionales
1504 2271 1671 2320 regiones

168 2333 269 2371 Darii
290 2340 409 2374 aetate
428 2337 619 2376 maximam
637 2342 778 2389 partem
797 2339 907 2376 fuisse
933 2341 1144 2377 coniunctas
1168 2341 1205 2377 in
1225 2354 1332 2378 unam
1353 2339 1570 2390 satrapiam,
1610 2351 1672 2375 cu-

168 2400 222 2437 ius
248 2405 369 2439 tamen
405 2403 493 2441 fines
526 2407 728 2443 accuratius
758 2407 976 2445 constituere
1000 2409 1055 2444 vix
1078 2407 1183 2454 licet,
1222 2421 1302 2445 cum
1327 2421 1393 2458 pro
1414 2406 1547 2444 Persici
1569 2406 1672 2454 regni

170 2471 266 2505 statu
285 2472 562 2520 temporumque
580 2474 789 2512 conditione
814 2476 1010 2512 admodum
1033 2476 1226 2521 variarint,
1266 2476 1361 2512 idem
1380 2477 1505 2510 monet
1521 2486 1557 2523 p.
1579 2472 1672 2513 352·

170 2534 262 2573 Post
282 2535 475 2574 Alexandri
497 2541 764 2588 expeditionem
786 2555 850 2579 eae
871 2547 1008 2589 terrae,
1040 2556 1135 2591 quae
1158 2556 1252 2579 nunc
1272 2546 1445 2578 vocantur
1466 2540 1606 2577 Laliore
1635 2546 1673 2578 et

174 2602 323 2640 Multam
349 2608 412 2641 aut
438 2618 509 2642 una
538 2618 654 2654 eaque
674 2609 853 2645 communi
873 2610 1121 2660 appellatione
1139 2609 1283 2656 I'anjab
1308 2609 1673 2658 comprehenduntur,

174 2671 326 2708 Graecis
364 2671 491 2709 melius
530 2673 731 2712 innotuere.
793 2676 1005 2713 Interiorem
1030 2677 1194 2721 Indiam,
1234 2689 1341 2725 quam
1362 2675 1469 2725 vulgo
1491 2688 1675 2722 vocamus,

174 2739 297 2787 Gangi
315 2740 424 2776 fluvio
442 2741 598 2778 adsitam
618 2741 764 2778 minime
783 2741 918 2780 Noster
942 2744 1065 2790 novit,
1094 2756 1172 2780 cum
1193 2743 1325 2780 I’ersav
1338 2773 1349 2789 ,
1384 2743 1513 2792 quibus
1530 2755 1595 2779 sua
1615 2755 1673 2780 ac-

176 2810 284 2857 cepta
311 2807 492 2845 referebat
518 2812 622 2858 pater
653 2808 846 2858 historiae,
887 2812 1033 2849 minime
1055 2812 1103 2848 ad
1131 2823 1192 2848 eas
1220 2824 1335 2860 usque
1354 2816 1468 2849 terras
1492 2811 1674 2861 progressi

179 2875 309 2911 suerint
329 2875 506 2924 regnique
525 2876 616 2914 fines
636 2889 680 2914 eo
699 2878 953 2928 produxerint3
993 2879 1105 2925 odeo,
1146 2885 1183 2916 ut
1209 2892 1254 2916 ue
1271 2879 1452 2930 elephanti
1472 2878 1617 2927 quidem
1638 2879 1674 2914 in

1784 0 1795 86 l

1786 114 1790 136 1

1787 141 1797 474 κ

1797 576 1800 675 l
