1946 3272
546 241 890 285 THALIA.
949 243 1011 280 ΙΙΙ.
1335 247 1419 287 143

142 361 194 405 τοὶ
226 359 446 418 βούλεται;
483 355 555 400 καὶ
584 353 670 411 γὰρ
699 353 757 396 ἂν
784 351 863 396 τὸν
896 350 1077 407 ἄριστον
1106 349 1284 406 ἀνδρῶν
1314 351 1476 397 πάν-25

141 449 251 483 των,
282 429 440 474 στάντα
470 427 512 478 ἐς
540 424 706 481 ταύτην
735 426 815 481 τὴν
847 422 1007 480 ἀρχὴν,
1054 421 1178 473 ἐκτὸς
1215 424 1306 464 τῶν
1343 422 1422 465 ἐω-

111 503 292 547 5θότων
336 496 570 556 νοημάτων
620 495 799 552 στήσειε.
869 495 1082 551 ἐγγίνεται
1127 492 1206 549 μὲν
1253 491 1335 548 γάρ
1379 494 1423 536 οῖ

141 575 270 630 ὕβρις
297 569 384 615 ὑπὸ
415 573 505 613 τῶν
534 567 790 624 παρεόντων
819 567 1026 624 ἀγαθῶν,
1057 564 1231 622 φθόνος
1262 564 1307 607 δὲ
1338 562 1420 618 ἀρ-

114 649 277 701 6χῆθεν
307 639 517 697 ἐμφύεται
547 639 785 696 ἀνθρώπῳ.
846 639 928 683 δύο
951 636 992 683 δ’
1025 638 1134 694 ἔχων
1156 639 1305 685 ταῦτα,
1336 634 1420 690 ἔχει

139 720 283 760 πᾶσαν
326 712 567 769 κακότητα·
626 711 680 755 τοὶ
715 711 795 767 μὲν
824 712 931 767 γὰρ,
980 709 1083 766 ὕβρι
1113 705 1477 764 κεκορημένος,30

112 786 255 840 7ἔρδει
285 783 422 828 πολλὰ
452 783 522 826 καὶ
555 780 804 826 ἀτάσθαλα·
857 781 909 826 τὰ
940 781 1006 834 δὲ,
1047 778 1220 840 φθόνῳ.
1278 780 1423 822 καίτοι

141 856 281 911 ἄνδρα
310 872 357 912 γε
388 853 612 908 τύραννον
642 853 852 910 ἄφθονον
883 854 968 897 ἔδει
1006 851 1140 900 εἶναι,
1189 848 1342 906 ἔχοντα
1370 865 1419 905 γε

139 925 281 970 πάντα
309 925 360 969 τοέ
393 924 562 981 ἀγαθά·
607 924 656 968 τὸ
683 924 724 970 δ’
754 924 1023 969 ὑπεναντίον
1051 923 1215 967 τούτου
1246 923 1289 974 ἐς
1318 921 1420 973 τούς

113 995 356 1053 ὃπολιήτας
385 997 566 1054 πέφυκε.
628 998 814 1053 φθονέει
845 997 927 1053 γὰρ
959 1001 1073 1040 τοῖσι
1103 993 1321 1050 ἀρίστοισι
1350 999 1477 1038 πε-35

143 1072 313 1124 ριεοῦσί
348 1087 393 1114 τε
429 1071 502 1114 καὶ
542 1070 726 1123 ζώουσι,
774 1070 911 1125 χαίρει
949 1068 995 1112 δὲ
1032 1073 1147 1111 τοῖσι
1177 1068 1422 1110 κακίστοισι

140 1145 229 1184 τῶν
260 1139 424 1191 ἀστῶν,
455 1141 664 1199 διαβολάς
692 1140 738 1184 δὲ
768 1139 945 1195 ἄριστος
975 1140 1250 1192 ἐνδέκεσθαι,
1291 1137 1422 1194 ἀναρ-

813 1302 945 1339 verba:
968 1297 1132 1352 φθόνος
1152 1298 1195 1341 δὲ
1211 1295 1391 1351 ἀρχῆθεν
1413 1299 1482 1351 ἒμ-

813 1355 957 1408 φύεται
989 1355 1199 1412 ἀνθρώπῳ
1230 1358 1322 1396 haec
1347 1358 1485 1395 adscri-

811 1416 907 1466 psit:
948 1417 1126 1462 „invidia
1163 1417 1276 1454 insita
1303 1414 1483 1466 plerisque

87 1304 306 1353 quireretm,
322 1307 362 1341 ut
382 1303 618 1352 magistratus
644 1302 756 1339 ratio-

87 1362 125 1398 ni
172 1361 384 1398 reddendae
434 1364 558 1398 essent
608 1359 755 1396 obnoxii

88 1413 372 1466 (ὑπεύθυνοι),
393 1419 529 1455 factum
548 1421 614 1463 est,
645 1421 684 1453 ut
706 1417 753 1453 ad

19 1484 23 1496 ’
86 1476 191 1523 regni
210 1479 376 1512 naturam
388 1475 683 1512 constituendam
696 1473 753 1510 vel

87 1533 336 1581 grammatici,
368 1536 407 1568 ut
437 1531 628 1568 thxvorin.
661 1543 690 1568 s.
718 1543 752 1566 v.

88 1589 266 1640 βασιλεία
288 1601 372 1638 pag.
395 1589 490 1634 354,
514 1590 566 1628 49
589 1601 662 1637 sq.‚
685 1587 753 1623 do-

87 1650 227 1692 cerent,
247 1658 354 1693 reges
375 1646 509 1683 debere
537 1658 616 1682 esse
639 1640 754 1682 ἀνευ-

87 1700 260 1749 θύνους,
288 1702 309 1738 i.
333 1715 365 1740 e.
394 1704 530 1739 rationi
554 1701 755 1739 reddendae

88 1759 187 1796 haud
220 1759 395 1796 obnoxios.
455 1759 564 1796 Conf.
601 1758 753 1795 Aristot.

88 1815 198 1854 Polit.
223 1815 286 1862 IV,
316 1817 341 1856 8
376 1814 412 1866 ἓ.
434 1818 457 1856 3
490 1821 527 1853 et
551 1815 755 1852 Tittmann.

88 1871 258 1910 Darstell.
289 1873 354 1910 der
374 1873 519 1910 Griech.
548 1872 756 1909 Staatsver-

88 1930 175 1965 sass.
198 1942 282 1979 pag.
308 1929 402 1970 540.
447 1930 502 1966 Ex
523 1930 622 1965 hisce
646 1929 756 1978 igitur

90 1986 315 2024 Graecorum
339 1987 416 2024 sive
440 1986 686 2036 sophistarum
708 1986 757 2022 si-

89 2055 134 2079 ve
162 2042 458 2093 philosophorum
496 2042 755 2093 disputationi-

90 2099 173 2146 bus,
201 2099 260 2136 illa
278 2104 400 2137 aetate
422 2101 577 2137 maxime
596 2099 757 2137 celebra-

89 2155 136 2192 tis
160 2169 202 2193 ac
224 2156 395 2205 vulgatis,
416 2157 510 2194 hanc
526 2157 655 2194 Nostri
672 2169 757 2193 sen-

90 2214 243 2250 tentiam
257 2214 453 2250 deductam
466 2227 547 2251 esse
558 2213 755 2251 admodum

22 2262 25 2299 Ϊ
90 2268 132 2306 fit
157 2270 338 2308 credibile.
369 2291 422 2298 -
461 2270 584 2308 Verba
611 2266 756 2309 στάντα

10 2336 25 2385 χ’
92 2323 133 2370 ἔς
152 2321 304 2376 ταύτην
322 2323 395 2377 τήν
424 2322 552 2379 ἀρχήν
578 2326 619 2378 (i.
640 2341 672 2365 e.
701 2330 756 2364 vi-

92 2394 171 2420 rum
185 2385 224 2420 in
242 2384 302 2420 hoc
320 2386 463 2434 imperio
485 2385 704 2431 collocatum,
726 2398 756 2422 s.

22 2470 24 2480 ,
95 2441 154 2476 cuz·
169 2440 232 2477 hoc
250 2443 432 2490 imperium
446 2443 697 2492 permittatur)
709 2442 757 2478 ad

96 2497 250 2534 eandem
270 2498 449 2535 rationem
466 2499 678 2549 explicanda
690 2512 759 2549 pu-

95 2554 150 2598 to,
168 2554 217 2590 ad
236 2566 344 2603 quam
365 2553 608 2602 καθέζεσθαι
635 2555 691 2602 εἴς
709 2570 759 2602 τι,

97 2606 168 2644 alia
187 2609 224 2644 id
247 2623 374 2658 genus,
405 2612 452 2649 de
473 2613 604 2661 quibus
624 2612 758 2650 Matth.

99 2663 164 2701 Gr.
187 2664 252 2703 Gr.
277 2665 313 2717 S
333 2670 428 2717 578,
449 2671 487 2716 3,
499 2681 531 2705 a.

157 2718 346 2771 ἐγγίνεται
365 2721 436 2774 μὲν
465 2720 540 2776 γάρ
563 2724 604 2764 οἵ
623 2720 758 2776 ὕβρις]

97 2776 237 2813 Similia
248 2779 294 2816 de
314 2780 501 2819 insolentia
521 2786 758 2832 tyrannorum

99 2833 199 2882 apud
216 2833 533 2889 Sophocl.Oedip.
551 2838 642 2887 Tyr.
661 2841 759 2886 883,

98 2893 273 2928 monente
292 2890 468 2942 Wessel.‚
499 2896 563 2945 qui
581 2896 629 2933 ad
652 2908 757 2946 seqq.

810 1473 1011 1510 mortalium
1029 1476 1118 1511 est.“

869 1526 943 1569 δύο
981 1526 1024 1568 δ’
1060 1530 1158 1582 ἔχων
1192 1529 1342 1581 ταῦτα]
1375 1543 1425 1567 sc.
1459 1526 1483 1569 ό

811 1584 1049 1639 μούναρχος.
1098 1587 1187 1625 Mox
1208 1601 1288 1624 cum
1309 1586 1480 1636 Schwgh.

811 1649 847 1682 et
869 1645 986 1682 Gaisf.
1009 1645 1137 1694 scripsi
1157 1641 1254 1696 ὕβρι
1277 1657 1297 1682 e
1312 1645 1480 1681 Florent.

810 1715 878 1751 pro
912 1702 1009 1751 vulg.
1045 1697 1185 1753 ὕβρει,
1223 1702 1325 1751 quod
1364 1700 1481 1739 tenuit

810 1758 1005 1796 Matthiae.
1065 1758 1126 1795 Ad
1142 1759 1296 1795 formam
1316 1772 1481 1808 κεκορη-

814 1813 933 1865 μένος
978 1817 1073 1853 conf.
1116 1815 1250 1853 Matth.
1294 1815 1361 1853 Gr.
1413 1815 1480 1851 Gr.

811 1885 897 1923 pag.
922 1872 1018 1912 470.

872 1925 1065 1977 ἄφθονον
1098 1927 1176 1968 ἔδει
1202 1924 1330 1979 εἶναι]
1381 1929 1482 1965 Citat

812 1985 904 2024 haec
920 1985 1084 2024 Thomas
1102 1987 1206 2035 Mag.
1227 1999 1255 2022 s.
1272 1999 1306 2022 v.
1329 1999 1366 2036 p.
1388 1987 1480 2032 132,

813 2043 876 2079 ubi
913 2039 1103 2091 ἄφθονος
1135 2042 1335 2093 explicatur
1371 2040 1394 2081 ὁ
1427 2038 1484 2093 μή

816 2102 1003 2149 φθονῶν.
1022 2122 1079 2128 -
1107 2099 1166 2137 Ad
1184 2112 1289 2148 seqq.
1312 2097 1483 2145 φθονέει

812 2153 889 2208 γάρ
921 2161 1023 2196 τοῖσι
1041 2179 1098 2185 -—
1120 2152 1268 2203 ζώουσι
1296 2155 1363 2193 Cr.
1388 2157 1486 2194 conf.

813 2213 983 2251 Gerlach.
1026 2215 1075 2252 ad
1119 2213 1265 2251 Sallust.
1308 2212 1417 2250 Catil.
1458 2215 1486 2254 7

811 2283 896 2321 pag·
920 2270 986 2312 51.

872 2323 1062 2378 διαβολάς
1083 2324 1126 2366 δὲ
1147 2323 1312 2378 ἀριστος
1334 2323 1488 2366 ἐνδέκε-

815 2382 928 2435 σθαι]
960 2386 982 2422 i.
1006 2398 1037 2422 e.
1059 2385 1259 2421 calumnias
1279 2396 1358 2421 vero
1371 2382 1486 2433 sacil-

816 2441 895 2478 lc'me
921 2442 1093 2478 admittit.
1123 2441 1386 2491 WVyttenbach.
1417 2441 1486 2478 Se⁴

815 2497 913 2535 lectt.
934 2499 1032 2536 Hist.
1053 2512 1139 2548 pag.
1158 2499 1252 2539 356.
1273 2497 1357 2538 450
1376 2510 1487 2548 repo-

817 2556 854 2591 ni
883 2554 960 2592 vult
988 2550 1147 2606 ἀρεστὸς
1185 2555 1272 2605 (pro
1306 2550 1486 2604 ἄριστος)

817 2624 861 2649 eo
875 2625 1007 2650 sensu:
1035 2614 1097 2662 qui
1109 2612 1231 2649 lubens
1253 2611 1414 2648 admittit
1425 2623 1487 2647 ca-

817 2669 980 2706 lumnias.
1013 2669 1097 2712 Qua
1117 2669 1375 2707 emendatione
1387 2668 1486 2705 haud

816 2739 919 2776 opus.
940 2748 997 2753 —-
1026 2726 1115 2763 Mox
1135 2739 1215 2763 cum
1238 2725 1425 2762 Gaisford.
1448 2726 1486 2761 et

816 2782 961 2820 Schaef.
989 2795 1010 2820 e
1040 2783 1224 2819 Sancrosti
1249 2781 1341 2818 libro
1371 2785 1484 2829 atque

816 2837 950 2876 Aldina
964 2839 1109 2877 exhibui
1127 2833 1484 2890 ἀναρμοστότατος,

815 2899 856 2933 ut
900 2899 1079 2945 tyrannus
1116 2896 1297 2933 indicetur
1335 2893 1484 2930 minime
