1863 3256
421 185 506 224 250
811 186 1274 226 HERODOTI

387 294 467 335 402
515 292 702 336 ἔσεσθαι.
777 299 967 349 Δαρεῖος
1019 297 1065 339 δὲ
1114 295 1435 352 ὑποδεξάμενος
1482 296 1688 341 ἐπετέλεε·

418 362 590 419 πέμψας
626 365 710 420 γὰρ
755 365 936 422 ἄγγελον
983 366 1026 417 ἐς
1065 369 1256 417 Κνίδον,
1309 367 1513 423 κατάγειν
1552 369 1688 424 σφέας

390 435 590 479 δέκέλευε
620 439 780 480 Γίλλον
810 437 853 486 ἐς
887 436 1098 490 Τάραντα.
1155 438 1410 494 πειθόμενοι
1440 440 1485 483 ὁὲ
1512 441 1684 499 Δαρείῳ

417 509 608 560 Κνίδιοι,
643 509 943 562 Ταραντίνους
973 507 1054 551 οὐκ
1086 503 1149 551 ὦν
1171 510 1362 560 ἔπειθον,
1394 513 1495 567 βίην
1514 511 1559 553 ὸὲ
1579 509 1685 554 άδύ-

389 585 546 622 6νατοι
599 572 712 635 ἦσαν
760 577 1040 633 προσφέρειν.
1125 583 1270 623 Ταῦτα
1312 581 1393 637 μέν
1439 598 1523 624 νυν
1562 581 1709 625 οὕτω1

415 649 633 706 ἐπρήχθη·
692 642 816 691 οὗτοι
854 648 900 692 δὲ
936 653 1105 704 πρῶτοι
1145 650 1191 694 ἐκ
1228 656 1303 708 τῆς
1341 651 1478 709 Ἀσίης
1519 653 1563 704 ἐς
1601 653 1684 710 τήν

410 720 595 764 Ἑλλάδα
643 718 852 763 ἀπίκοντο
892 721 1084 774 Πέρσαι,
1131 722 1205 765 καὶ
1243 718 1366 768 οὗτοι
1404 725 1476 768 διὰ
1510 725 1682 771 τοιόνδε

415 795 592 847 πρῆγμα
621 791 892 835 κατάσκοποι
921 792 1133 847 ἐγένοντο.

524 861 651 906 Meto}
690 863 735 906 δὲ
772 867 933 916 ταῦτα,
982 863 1141 918 Σάμον
1171 865 1377 919 βασιλεύς
1405 871 1594 921 Δαρεῖος
1625 870 1684 911 αἱ·

413 935 520 990 ρέει,
564 936 732 978 πολίων
769 933 944 977 πασέων
981 932 1160 990 πρωτην
1183 933 1446 991 Ἑλληνίδων
1475 939 1549 980 καὶ
1578 941 1716 993 βαρ-5

382 1006 589 1063 Ξβάρων,
637 1004 709 1049 διὰ
749 1003 922 1061 τοιήνδε
962 1004 1062 1048 τινὰ
1102 1007 1254 1061 αἰτίην.
1321 1007 1566 1062 Καμβύσεω
1604 1013 1686 1053 τοῦ

411 1075 569 1133 Κύρου
599 1076 947 1132 στρατευομένου
969 1076 1031 1120 ἐπ’
1048 1078 1294 1131 Αἴγυπτον,
1325 1076 1449 1122 ἄλλοι
1469 1095 1512 1122 τε
1533 1081 1685 1135 συχνοὶ

411 1148 453 1200 ἐς
482 1148 563 1205 τήν
591 1150 817 1204 Αἴγυπτον
859 1146 1071 1192 ἀπίκοντο
1105 1146 1343 1204 Ἑλλήνων,
1390 1151 1434 1193 οἱ
1474 1150 1578 1205 μὲν,
1626 1150 1686 1202 ὥς

412 1220 555 1273 οἰκὸς,
586 1218 685 1264 κατ’
718 1221 949 1276 ἐμπορίην·
991 1220 1036 1262 οἱ
1064 1219 1133 1271 δὲ,
1165 1218 1523 1276 στρατευόμενοι·
1564 1223 1607 1266 οἱ
1636 1222 1682 1266 δέ

409 1308 547 1343 τινες,
585 1293 659 1335 καὶ
697 1290 832 1347 αὐτῆς
870 1295 945 1347 τῆς
983 1289 1125 1347 χώρης
1161 1293 1337 1347 θεηταί·
1398 1296 1486 1336 τῶν
1522 1287 1578 1349 ἦν
1607 1295 1681 1337 καὶ
1747 1314 1829 1356 259

252 866 353 911 139

78 927 204 963 Syloson
214 929 354 964 Polycra-

77 962 116 989 tis
142 964 237 990 irater
271 964 354 990 exsul

76 995 170 1022 Dario
185 996 303 1030 privato
321 1005 353 1024 a·

76 1029 218 1057 miculam
236 1030 335 1059 donat.

409 1368 626 1407 Συλοσῶν
647 1361 670 1407 ὁ
691 1362 895 1414 Αἰάκεος,
934 1361 1244 1417 Πολυκράτεός
1272 1379 1316 1406 τε
1344 1362 1431 1406 ἐών
1460 1363 1737 1420 &dames-,11

377 1436 483 1479 3καὶ
524 1434 701 1491 φεύγων
745 1435 792 1477 ἐκ
829 1433 1002 1490 Σάμου.

407 1507 615 1563 κατέλαβε
655 1504 829 1563 εὐτυχίη
867 1523 932 1558 τις
967 1505 1124 1562 τοιήδε.

515 1691 627 1742 Cap.
660 1692 863 1729 CXXXIX.

409 1748 562 1786 πολίων
594 1747 754 1787 πασέων
784 1745 948 1800 πρώτην
979 1763 1014 1788 κ.

351 1819 383 1842 τ.
405 1803 461 1855 λ.]
499 1805 558 1842 De
581 1805 682 1843 Sami
712 1806 842 1856 opibus
877 1819 918 1844 ac
947 1819 1016 1856 po-

350 1862 466 1898 tentia
487 1863 581 1898 conf.
603 1875 712 1913 supra
734 1862 797 1909 111,
820 1862 886 1904 59.
905 1865 958 1905 60
979 1866 1016 1899 et

349 1917 420 1954 alia
448 1919 658 1955 testimonia
675 1932 707 1956 a.
733 1920 777 1956 C.
802 1920 847 1956 Ο.
871 1919 1014 1957 Miiller.

350 1974 388 2010 in
407 1974 591 2023 Aeginett.
615 1989 700 2025 pag.
721 1977 772 2016 67
793 1981 868 2013 not.
888 1990 923 2026 p.
951 1989 1015 2013 ex-

349 2031 460 2067 citata
473 2059 484 2075 ‚
519 2030 703 2069 Plutarchi
725 2033 761 2069 in
781 2032 908 2070 Pericl.
928 2045 1012 2083 pag.

353 2088 433 2126 167
462 2087 503 2126 Ε.
542 2088 593 2135 (c.
621 2090 674 2129 28
702 2089 784 2136 fin.)
812 2090 929 2126 Cicer.
965 2089 1014 2125 ad

350 2143 422 2186 Qu.
435 2144 493 2180 Fr.
505 2144 532 2190 l,
550 2146 586 2191 1,
598 2146 634 2184 8.
651 2166 700 2171 -
722 2145 835 2182 Paulo
847 2150 932 2196 post
945 2159 1012 2195 pro

350 2197 413 2245 ὥς
438 2214 453 2237 ε
466 2197 543 2239 Em)
558 2216 577 2247 ς
599 2215 619 2238 e
638 2200 736 2238 Flor.
757 2215 839 2240 cum
858 2206 1011 2240 reeentt.

350 2257 434 2292 edd.
455 2257 600 2294 exhibui
621 2256 674 2304 ὥς
700 2254 817 2304 οἰκός.

407 2311 448 2350 οἷ
477 2310 541 2359 δὲ,
574 2311 1009 2366 στρατεύομενοι]

347 2369 410 2418 qui
423 2368 556 2406 scilicet
574 2372 743 2408 mercede
756 2372 922 2408 conducti
934 2377 1011 2408 tum

346 2425 448 2474 apud
464 2425 729 2476 Aegyptiorum
752 2441 858 2476 reges
887 2434 1012 2476 poste-

347 2483 473 2527 riores,
503 2487 578 2518 tum
604 2487 734 2532 postea
760 2485 859 2534 apud
881 2484 1010 2521 Persas

345 2538 529 2589 stipendia
562 2539 763 2586 faciebant,
800 2540 1011 2578 mercenarii

349 2594 501 2642 milites,
533 2596 781 2645 stipendiarii,
814 2597 875 2645 qui
902 2609 1012 2646 supra

349 2655 524 2688 vocantur
543 2652 583 2690 οἵ
600 2651 828 2703 ἐπίκουροι,·
851 2653 894 2688 es.
919 2657 1009 2689 nott.

350 2707 399 2745 ad
424 2707 490 2754 ΙΙΙ,
514 2706 552 2748 4.
609 2707 662 2746 Ac
689 2709 832 2747 videtur
853 2708 1010 2746 Valcke-

350 2764 453 2801 nario
479 2777 549 2802 vox
574 2760 876 2816 στρατευόμενοι
904 2778 924 2802 e
950 2778 1012 2801 su-

350 2821 554 2871 perioribus
576 2821 670 2861 male
688 2822 744 2860 hic
762 2823 929 2874 repetita,
949 2822 1011 2871 qui

1079 1439 1252 1478 Τοῦτον
1291 1434 1370 1478 τόν
1408 1439 1681 1479 Συλοσῶντα

1192 1505 1343 1562 λαβών
1385 1509 1567 1562 χλανίδα
1606 1508 1681 1551 καὶ

1072 1692 1169 1729 idem
1189 1691 1313 1737 verba,
1340 1690 1390 1730 οἵ
1406 1688 1468 1739 δὲ,
1484 1704 1579 1729 nunc
1595 1692 1631 1729 in
1652 1696 1736 1731 tex-

1071 1753 1149 1785 tum
1179 1753 1340 1798 recepta,
1371 1760 1393 1785 a
1418 1754 1621 1787 correctore
1648 1763 1736 1800 pro-

1072 1806 1167 1843 fecta
1182 1805 1376 1842 existimat.
1407 1804 1490 1855 Ipse
1510 1818 1598 1842 vero
1617 1804 1735 1843 locum

1072 1862 1123 1899 sic
1154 1861 1320 1899 constitui
1350 1862 1443 1898 vult:
1488 1857 1579 1900 κατ’
1613 1860 1734 1912 ἔμπο-

1073 1918 1179 1968 ρίην,
1213 1916 1549 1968 στρατευομένοις,
1568 1918 1624 1955 vel
1644 1914 1734 1958 κατ’

1073 1974 1267 2025 ἐμπορίην
1293 1971 1568 2026 στραγγευόμει
1582 1989 1630 2013 οι.

1128 2033 1320 2070 Συλοσῶν
1348 2028 1371 2069 ὁ
1396 2028 1589 2081 Αἰάκεος]
1625 2032 1735 2069 Conf.

1070 2088 1119 2135 11,
1143 2090 1222 2128 182
1241 2093 1277 2125 et
1300 2088 1360 2133 ΙΙΙ,
1380 2090 1447 2129 39.
1472 2109 1529 2116 -
1549 2087 1736 2127 counio-

1071 2158 1154 2193 gen.
1175 2144 1362 2181 La'faertinm
1382 2144 1475 2191 1!,5.
1515 2144 1610 2182 Hinc
1623 2146 1733 2182 etiam

1070 2201 1277 2251 Sylosontis
1303 2201 1415 2247 filius,
1445 2202 1507 2250 qui
1527 2202 1621 2251 patri
1648 2206 1733 2251 post

1070 2259 1255 2304 successit,
1273 2258 1404 2294 Aeacos
1423 2262 1571 2294 vocatur
1589 2256 1650 2302 vi,
1671 2260 1732 2297 13.

1070 2313 1132 2360 lv,
1163 2315 1252 2354 138.
1294 2314 1352 2351 De
1373 2327 1446 2362 quo
1473 2313 1576 2364 plura
1596 2313 1732 2350 Panos-

1068 2370 1137 2406 ka:
1167 2370 1339 2406 Samiorr.
1358 2370 1433 2406 Res
1454 2383 1490 2419 p.
1512 2368 1566 2410 46
1589 2382 1659 2418 sq„
1689 2383 1731 2407 ac

1069 2427 1115 2463 de
1138 2427 1216 2475 ipso
1233 2426 1427 2474 Sylosonte
1448 2439 1483 2475 p.
1502 2425 1555 2466 45
1575 2439 1629 2474 sq.
1671 2426 1730 2463 Ad

1069 2495 1196 2519 vocem
1225 2481 1413 2532 κατέλαβε
1439 2482 1475 2518 in
1496 2494 1574 2531 seq.
1597 2483 1643 2520 cf.
1665 2483 1730 2531 ΙΙΙ,

1069 2540 1124 2580 42
1145 2539 1267 2587 ibique
1287 2543 1379 2575 nott.

1126 2592 1260 2644 λαβών
1283 2593 1472 2645 χλανίδα]
1510 2594 1644 2645 χλανίς
1674 2595 1731 2632 di-

1068 2651 1216 2688 cebatur
1250 2653 1363 2688 tenuis
1407 2654 1534 2697 vestis,
1585 2651 1731 2689 laenula

1068 2708 1204 2744 mollior
1222 2721 1264 2744 ac
1285 2711 1417 2745 temu'or
1439 2708 1633 2745 subtilioris
1652 2707 1731 2758 pie-

1067 2777 1219 2813 rumque
1254 2765 1381 2813 lanae,
1431 2765 1590 2814 indeque
1619 2766 1729 2803 etiam

1067 2822 1212 2858 maioris
1239 2822 1367 2873 pretii,
1397 2821 1541 2873 qualem
1563 2821 1728 2860 homines
