1863 3256
433 165 517 204 266

862 165 1331 204 HERODOTI

433 290 527 329 μιοι
555 274 928 330 παραστήσονταις
968 279 1054 326 κῶς
1095 275 1178 318 ου’κ
1217 275 1455 327 ἐξέπλωσας
1483 279 1571 318 τῶν
1602 292 1702 330 φρε-

405 349 550 398 4νῶν,
590 347 784 390 σεωυτόν
824 348 1136 401 διαφθείρας;“
1191 345 1241 388 Ὁ
1283 346 1328 389 δὲ
1359 343 1467 389 εἶπε·
1511 349 1593 397 „Ec
1623 348 1703 402 μέν

432 434 501 461 τοι
530 416 788 473 ὑπερετίθεα
818 417 869 459 τὰ
899 417 1077 470 ἔμελλον
1105 416 1324 473 ποιήσειν,
1357 417 1440 460 οὐκ
1468 416 1523 460 ἄν
1553 435 1603 474 με
1634 434 1702 461 πε-
1715 422 1759 460 45

434 491 606 542 ριεῖδες·
650 492 736 531 νῦν
777 485 818 531 δ’
857 487 934 530 ἐπ’
971 487 1190 542 ἐμεωυτοῦ
1230 489 1489 543 βαλόμενος,
1527 489 1701 544 ἔπρηξα.

432 561 516 616 ἤδη
547 555 632 610 ὧν,
673 558 729 613 ἦν
769 557 826 614 μὴ
867 562 954 600 τῶν
995 563 1085 601 σῶν
1119 557 1274 614 δεήσῃ,
1318 561 1518 616 αἱρέομεν
1557 563 1700 616 Βαβυ-

403 635 568 674 5λώνα.
625 629 731 684 Ἐγώ
770 629 850 684 μὲν
888 628 992 685 γὰρ,
1038 627 1096 680 ὥς
1126 629 1227 684 ἔχω,
1261 627 1550 687 αὐτομολήσω
1580 632 1623 682 ἐς
1651 632 1699 675 τὸ

431 707 590 756 τεῖχος,
630 700 704 743 καὶ
745 699 873 755 φήσω
903 701 1012 754 πρὸς
1053 699 1236 752 αὐτούς,
1280 699 1338 753 ὠς
1367 700 1456 746 ὑπὸ
1493 707 1570 745 σεῦ
1599 703 1700 747 τάδε

429 772 653 815 πέπονθα·
687 772 761 814 καὶ
789 772 950 821 δοκέω,
980 773 1130 822 πείσας
1158 772 1294 827 σφέας
1325 777 1462 816 ταῦτα
1493 773 1603 828 ἔχειν
1627 774 1758 817 οὔ-50

401 850 515 892 6τω,
551 843 778 895 τεύξεσθαι
809 847 1022 898 στρατιῆς.
1083 842 1137 885 σύ
1169 845 1235 896 δὲ,
1267 843 1346 887 ἀπ’
1377 840 1426 901 ῆς
1455 843 1511 888 ἂν
1539 844 1701 901 ἡμέρης

430 913 513 969 ἐγώ
555 913 717 957 ἐσέλθω
757 915 800 965 ἐς
835 914 885 957 τὸ
925 919 1084 969 τεῖχος,
1125 913 1211 958 ἀπὸ
1255 914 1414 972 ταύτης
1444 917 1485 966 ἐς
1515 916 1701 972 δεκάτην

427 985 615 1042 ἡμέρην,
657 989 732 1042 τῆς
772 989 969 1029 σεωυτοῦ
999 989 1230 1042 στρατιῆς,
1261 990 1338 1042 τῆς
1370 985 1553 1042 οὐδεμία
1584 988 1702 1031 ἔσται

372 1157 484 1192 eentt.
511 1152 596 1190 edd.
620 1151 765 1188 inserui.
796 1147 854 1186 Ad
876 1163 972 1199 παρ
988 1164 1037 1187 α-

374 1205 653 1261 στήσονται
672 1209 717 1244 cf.
741 1206 801 1253 ΙΙΙ,
823 1208 886 1246 13.
912 1206 977 1246 45.

427 1269 508 1312 κῶς
559 1262 633 1304 οὐκ
685 1262 906 1311 ἐξέπλωσας
953 1263 1034 1300 τῶν

372 1323 547 1375 φρενῶν]
589 1321 809 1368 „Saramene
850 1323 882 1355 te
922 1319 1034 1355 credis

371 1394 453 1426 esse,
468 1382 530 1430 qui
544 1378 636 1425 facie
647 1377 751 1428 foede
768 1376 965 1426 ‹lesornmta
983 1378 1033 1412 εἰς

371 1442 404 1475 te
424 1440 496 1487 ipse
513 1437 762 1472 laceraverisf‘
804 1435 899 1470 Sunt
922 1434 1033 1470 verba

370 1495 513 1540 Vaick„
542 1494 619 1529 iure
648 1491 902 1541 improbantis,
933 1491 1034 1538 quod

368 1564 391 1588 e
412 1551 505 1588 binis
524 1550 621 1586 libris
643 1548 813 1586 affertur:
832 1543 1033 1596 ἐξαμβλω-

371 1619 443 1653 σας
465 1620 532 1657 pro
548 1604 781 1652 ἐξέπλωσας,
799 1603 899 1651 quod
915 1604 1032 1652 ipsum

370 1665 462 1701 satis
492 1663 670 1699 firmatum
706 1666 761 1697 est
789 1658 915 1697 Nostri
952 1659 1032 1696 loco

370 1721 433 1768 Vl,
455 1722 519 1765 12,
551 1719 611 1755 ubi
637 1719 743 1755 lones
763 1711 1031 1767 παραφρονή-

370 1789 509 1822 σαντες
525 1774 593 1813 καὶ
613 1769 964 1819 ἐκπλώσαντες
982 1772 1031 1812 ἐκ

368 1835 462 1873 τοῦ
494 1829 632 1871 νόου.
694 1831 748 1868 Ac
775 1830 908 1866 Suidas
940 1843 968 1866 s.
1000 1842 1031 1866 v.

369 1886 675 1934 ἐκπλεύσαντες·
707 1887 779 1935 ἔξω
811 1883 1032 1937 γενόμενοι.

368 1948 490 1998 Ipsam
519 1945 755 1990 locutionem,
785 1956 859 1992 qua
878 1944 1029 1980 dicitur:

369 2005 566 2051 enavigare
593 2015 610 2039 e
639 2005 771 2048 mente,
799 2012 888 2052 pro:
920 2001 1032 2036 disce—

369 2062 450 2098 dere
470 2060 512 2096 de
523 2063 645 2105 mente,
659 2073 686 2096 s.
710 2059 752 2095 ‹le
771 2072 816 2104 se,
835 2058 928 2106 (vid.
949 2058 1029 2094 Cic.

368 2117 427 2155 De
454 2117 575 2154 Divin.
599 2116 644 2163 ΙΙ,
670 2116 723 2157 55
760 2115 838 2153 coll.
868 2113 1028 2151 Tuscull.

367 2173 440 2220 ΙΙΙ,
469 2174 506 2213 5.
536 2172 607 2218 lv,
629 2171 715 2222 36.)
744 2174 931 2218 insanum,
968 2172 1029 2208 de-

367 2233 512 2266 mentem
529 2231 629 2280 fieri,
659 2243 679 2267 e
704 2242 741 2266 re
766 2230 909 2267 nautica
930 2230 1027 2278 peti-

368 2291 445 2323 tam
494 2288 530 2323 in
579 2286 766 2323 maritimis
812 2286 1030 2332 civitatibus,

367 2343 485 2391 qualis
507 2343 575 2379 fuit
588 2343 701 2389 Ionia,
716 2343 832 2379 minus
852 2343 1031 2379 absonum

366 2399 496 2444 videri,
527 2399 699 2435 iudicavit
720 2399 875 2436 wessel.
909 2399 1031 2448 Prope

367 2456 531 2501 accedit,
569 2456 670 2503 quod
719 2455 844 2492 Yalck.
895 2455 1031 2501 attulit,

367 2511 649 2549 Theocriteum:
680 2511 822 2547 avolare.
842 2523 885 2547 ex
907 2514 1030 2557 mente,

367 2567 414 2613 ll,
449 2570 509 2609 19.
539 2568 604 2614 ΧΙ,
633 2569 699 2607 72.
741 2568 865 2617 Eurip.
897 2568 1029 2604 Electr.

369 2624 460 2666 175.
530 2624 583 2660 Ac
615 2624 774 2672 denique
806 2624 875 2660 huc
904 2625 1030 2661 referri

367 2681 507 2731 poterit
525 2680 727 2717 Pausaniae
748 2680 847 2716 istud
870 2680 968 2728 l{1‚4
991 2678 1029 2729 ἓ.

370 2739 406 2777 1.
434 2732 602 2788 ἐξώρμει
626 2735 669 2777 ἐκ
688 2738 762 2776 τοῦ
781 2738 872 2784 νοῦ,
901 2737 963 2774 ubi
984 2737 1030 2773 cf.

366 2793 534 2832 Siebelis.

1150 1145 1407 1199 ὑπερετίθεα]
1438 1148 1496 1188 De
1517 1151 1633 1188 forma
1661 1152 1755 1189 conf.

1092 1203 1225 1241 Matth.
1251 1205 1316 1242 Gr.
1343 1206 1408 1242 Gr.
1430 1219 1465 1256 p.
1489 1208 1583 1248 401.
1626 1207 1686 1244 Ad
1707 1210 1755 1245 si-

1092 1261 1364 1309 gnificationem
1387 1264 1431 1299 cf.
1454 1263 1482 1311 I,
1500 1266 1589 1304 107.
1612 1264 1755 1310 ΙΙΙ,71.

1090 1318 1191 1355 Idem
1212 1317 1346 1355 Matth.
1375 1325 1498 1357 monet
1524 1321 1753 1358 scribendum

1091 1387 1171 1412 esse
1202 1373 1274 1425 μέν
1297 1390 1357 1413 τοι
1383 1377 1476 1419 (ηοη
1505 1374 1577 1426 μὲν
1605 1376 1678 1424 τοὶ,
1714 1382 1754 1415 ut

1090 1432 1189 1481 apud
1217 1431 1354 1475 Gaiss.‚
1386 1446 1464 1469 cum
1491 1433 1554 1472 σοὶ
1586 1430 1754 1486 ὀρθοτο-

1090 1484 1291 1538 νούμενον
1339 1501 1525 1537 nunquam
1573 1492 1617 1528 sit
1659 1493 1752 1537 τοί).

1089 1543 1366 1594 Nonnunquam
1398 1547 1614 1596 pronomina
1644 1548 1754 1584 eucli-

1089 1601 1160 1637 tica
1172 1614 1239 1650 pro
1250 1602 1562 1641 orthotonumenis
1573 1604 1642 1640 diei
1656 1604 1753 1641 idem

1090 1658 1230 1694 monuit
1263 1656 1300 1708 ᾗ.
1332 1659 1408 1699 145
1440 1665 1514 1697 not.
1554 1663 1571 1700 1
1609 1658 1645 1711 ἓ.
1670 1661 1752 1701 466

1089 1719 1166 1751 not.
1195 1734 1248 1741 —-
1279 1715 1367 1752 Mox
1391 1714 1644 1754 Florentinum
1669 1717 1751 1753 cod.

1089 1774 1235 1807 secutus
1256 1785 1336 1808 cum
1359 1777 1510 1810 recentt.
1541 1774 1624 1810 edd.
1647 1773 1753 1810 exhi-

1089 1827 1149 1864 bui
1168 1823 1388 1878 βαλόμενος
1408 1842 1473 1878 pro
1494 1831 1592 1878 vulg.
1616 1827 1753 1880 βαλλό·

1090 1898 1220 1934 μενος.
1280 1884 1341 1921 Ad
1372 1886 1675 1933 significationem
1706 1888 1752 1923 cf.

1088 1940 1152 1987 ΙΙΙ,
1173 1945 1240 1981 71.
1259 1964 1314 1969 —-
1331 1942 1388 1978 Ad
1408 1943 1518 1980 verba
1541 1941 1593 1988 οἷς
1615 1941 1686 1993 ἔχω
1706 1944 1752 1980 cf.

1088 1998 1117 2044 Ι,
1135 1997 1200 2038 24.
1232 1998 1304 2035 Pro
1326 2000 1606 2048 k'naffovffinod
1618 2000 1751 2036 Matth.

1088 2054 1248 2101 retinuit,
1279 2069 1300 2093 e
1325 2055 1485 2105 pluribus
1509 2056 1608 2093 libris
1632 2057 1751 2106 recepi

1086 2124 1165 2147 cum
1202 2112 1408 2161 Schweigh.
1447 2118 1486 2151 et
1515 2113 1633 2150 Gaisf.
1679 2112 1751 2151 πέ-

1085 2172 1233 2207 πονθα.

1140 2228 1213 2275 τῆς
1234 2220 1399 2275 ου’δεμία
1412 2224 1517 2264 ἔσται
1529 2222 1613 2276 ὤρη
1632 2220 1749 2263 α’πολ-

1088 2281 1283 2333 λυμένης]
1316 2282 1378 2319 Tu
1410 2283 1482 2319 vid.
1515 2282 1543 2328 Ι,
1574 2281 1600 2320 4
1626 2282 1750 2330 ibique

1087 2344 1179 2386 nott.
1238 2339 1319 2376 Nec
1343 2339 1465 2375 diss'ert
1484 2339 1751 2386 significatione

1089 2394 1223 2432 locutio
1242 2391 1433 2445 οὐδεμίαν
1449 2391 1558 2443 ὤρην
1583 2393 1695 2444 ἔχειν,
1719 2408 1749 2432 s,

1088 2455 1319 2497 ποιεῖσθαι,
1349 2464 1419 2487 rem
1443 2453 1553 2500 parui
1582 2464 1611 2488 s.
1644 2452 1753 2488 m'lu'li

1084 2508 1243 2557 pendere.
1293 2508 1402 2559 Apud
1427 2507 1629 2545 Lucianum
1648 2509 1750 2546 inve-

1087 2565 1186 2601 nitur
1209 2561 1319 2615 ὤρην
1339 2563 1456 2613 ἔχειν,
1475 2569 1648 2602 monente
1663 2564 1750 2601 vai-

1087 2621 1180 2657 cken
1198 2650 1209 2667 ‚
1231 2622 1292 2669 qui
1311 2621 1425 2671 soph.
1446 2622 1542 2658 Oed.
1560 2622 1638 2658 Col.
1652 2623 1747 2662 377.

1087 2679 1169 2718 299
1190 2677 1258 2714 alia
1278 2678 1379 2724 citat,
1399 2678 1577 2728 additque
1596 2678 1750 2716 locutio-

1086 2747 1168 2771 nem
1188 2729 1389 2785 ὀλιγώρως
1409 2733 1524 2785 ἔχειν,
1546 2748 1642 2784 quae
1661 2748 1747 2772 con-

1086 2791 1234 2829 trariam
1256 2792 1292 2829 in
1316 2797 1460 2842 partem
1486 2792 1600 2843 accipi
1622 2792 1746 2830 debet.
