1863 3256
0 39 9 159 —-⁴ae.

434 214 518 254 290
863 212 1332 252 HERODOTI

407 321 642 376 3ἔνερθεν,
673 321 816 378 ὄφιος.
876 321 1028 365 ἰδόντα
1058 322 1105 366 δὲ
1135 322 1208 365 καὶ
1237 320 1566 377 θωυμάσαυτα,
1596 321 1703 365 ἐπεί-

436 394 591 446 ρεσθαί
620 410 696 448 μιν
724 395 765 436 εἴ
791 408 876 436 κου
905 394 994 436 ἴδοι
1023 394 1186 443 ἵππους
1214 392 1517 448 πλανωμένας·
1553 390 1634 446 τήν
1654 390 1700 434 δὲ

437 464 600 520 φάναι,
641 464 810 520 ἑωυτήν
850 462 981 517 ἔχειν,
1029 464 1102 507 καὶ
1146 463 1228 507 οὐκ
1267 462 1511 507 ἀποδώσειν
1551 461 1699 517 ἐκείνῳ

437 536 542 590 πρὶν
570 534 598 590 ἤ
629 536 673 577 οἱ
701 537 931 588 μιχθῆναι·
970 534 1049 577 τὸν
1078 534 1124 577 δὲ
1146 531 1365 587 “Ηρακλέα
1395 537 1603 590 μιχθῆναι
1633 532 1701 575 ἐπὶ

409 611 502 664 4τῷ
543 608 688 662 μισθῷ
721 605 876 662 τούτῳ.
933 606 1081 660 κείνην
1111 620 1155 647 τε
1186 604 1239 660 δή
1269 604 1595 661 ὑπερβαλέσθαι
1623 604 1758 660 τὴνόο

438 676 652 720 ἀπόδοσιν
681 677 772 716 τῶν
802 675 967 724 ἵππων,
1000 676 1274 732 βουλομένην
1305 676 1363 728 ὥς
1380 679 1580 720 πλεῖστον
1601 672 1700 730 χρό-

436 762 519 789 νον
561 749 757 788 συνεῖναι
785 749 846 801 τῷ
878 743 1098 799 ‘Homul-{ik
1147 747 1346 800 καὶτὸν,
1389 745 1700 803 κομισάμενον,

407 816 604 860 5ἐθέλειν
643 813 1014 859 ἀπαλλάσσεσθαι.
1058 817 1180 867 τέλος
1200 815 1266 865 δὲ,
1296 815 1598 860 ἀποδιδοῦσαν
1619 815 1700 859 αὐ-

379 1004 447 1043 pro
470 991 628 1042 posteris
651 991 859 1028 colonorum
879 992 1042 1029 Graeco-

381 1061 480 1094 rum,
509 1047 736 1085 Milesiorum
763 1048 948 1098 inprimis,
978 1048 1041 1097 qui

381 1104 495 1142 multo
526 1109 613 1154 post
643 1105 790 1142 demum
819 1106 856 1141 in
885 1105 953 1141 hac
977 1116 1041 1140 ora

381 1160 639 1208 consederint,
670 1161 829 1198 habendi
850 1162 934 1198 sint.
981 1159 1041 1197 Ad

381 1216 540 1254 fabulam
559 1218 606 1255 de
623 1217 796 1254 Echidna
808 1246 819 1265 ‚
851 1229 947 1266 quae
965 1229 1039 1253 non

382 1274 450 1311 nisi
489 1274 661 1310 similibus
704 1274 836 1311 fabulis
874 1273 1042 1310 illustrari

382 1333 513 1379 queat,
543 1330 640 1367 idem
666 1330 772 1367 affert
792 1330 1041 1367 narrationem

382 1387 430 1424 de
464 1387 720 1436 serpentibus,
760 1387 890 1436 quibus
926 1386 1042 1423 Neuri

382 1443 466 1490 (IV,
487 1442 578 1488 105,
608 1443 668 1479 ubi
689 1443 762 1479 vid.
784 1444 895 1491 nott.)
925 1442 1042 1491 fugati

381 1500 536 1544 suerint,
581 1499 741 1548 itemque
777 1500 950 1536 admonet
982 1499 1043 1535 111-

374 1555 454 1591 -dici
474 1555 631 1592 numinis
650 1555 831 1602 Vischnu,
863 1556 925 1604 qui
952 1556 1042 1592 deus

382 1612 420 1647 in
450 1612 567 1661 prima
592 1612 796 1649 mutatione
826 1612 902 1649 sive
924 1612 1042 1649 incar-

382 1668 530 1704 natione
569 1668 815 1718 conspiciatur
849 1668 1044 1714 semideus,

382 1735 427 1761 ea
456 1723 594 1773 figurA,
624 1736 719 1773 quae
749 1737 793 1762 ex
818 1724 974 1762 hominis
1002 1737 1044 1761 ac

382 1780 490 1830 piscis
508 1780 670 1829 partibus
691 1781 802 1818 mixta
823 1781 886 1828 sit,
917 1782 966 1818 ad
987 1781 1044 1817 in·-

383 1840 458 1874 star
480 1836 574 1874 deae
593 1836 778 1885 Syriacae.
811 1837 895 1881 Quo
911 1837 1043 1875 eodem

381 1892 476 1929 hanc
498 1893 632 1930 famam
656 1892 806 1931 relatam
825 1893 902 1931 vult
912 1895 1042 1931 Ritter.

382 1948 556 1986 Vorhalle
575 1961 661 1999 pag.
682 1951 758 1996 64,
788 1963 867 1987 cum
892 1962 1042 2000 serpens

382 2004 452 2042 hac
482 2005 519 2042 in
548 2018 588 2043 re
617 2018 690 2042 non
721 2006 867 2044 differat
892 2019 914 2043 a
942 2007 1044 2057 pisci,

382 2061 542 2110 indeque
577 2074 644 2099 nos
676 2063 786 2100 ducat
814 2063 862 2100 ad
890 2064 1044 2113 primam

383 2117 498 2155 Indici
516 2119 671 2155 numinis
688 2120 972 2156 incarnationem
987 2132 1045 2157 re-

383 2187 535 2224 rumque
555 2187 599 2213 ex
619 2187 715 2224 aqua
741 2177 1042 2226 procreationem.

439 2283 536 2337 πρὶν
558 2282 586 2335 ἥ
604 2286 645 2325 οἱ
663 2287 875 2338 μιχθῆναι]
897 2289 937 2325 In
951 2289 1043 2325 duo-

384 2341 452 2377 bus
505 2341 604 2379 libris
665 2345 807 2393 scriptis
863 2345 1042 2382 invenitur

383 2399 513 2451 μιχθῇ
526 2426 536 2444 ,
565 2398 603 2434 in
617 2398 693 2435 aliis
711 2402 954 2449 compluribus
975 2401 1041 2438 de-

384 2458 442 2491 est
459 2454 584 2490 vocula
601 2451 640 2504 ἤ.
673 2454 751 2492 Nos
771 2457 968 2505 pleniorem
988 2456 1041 2493 lo-

383 2510 565 2547 cutionem
584 2511 808 2559 retinuimus,
838 2513 911 2561 qua
930 2514 1040 2550 etiam

382 2565 468 2602 alibi
491 2565 625 2604 Noster
646 2569 784 2614 utitur,
823 2582 856 2605 v.
879 2582 908 2605 c.
932 2569 978 2615 ll,
1002 2572 1039 2608 2.

382 2621 447 2668 lv,
463 2621 660 2663 147.167.
680 2624 724 2670 V,
738 2624 804 2665 65.
828 2624 890 2670 ΙΧ,
915 2628 975 2664 13.
988 2626 1042 2666 93

384 2678 469 2724 fin.,
498 2679 559 2715 ubi
583 2679 687 2716 simili
711 2681 822 2716 modo
841 2681 936 2718 inter
954 2694 1042 2717 con-

383 2734 576 2772 iunctivum
593 2741 630 2773 et
648 2737 864 2774 infinitivum
887 2738 985 2776 δῶσι
1007 2742 1044 2775 et

384 2787 529 2830 δώσειν
551 2791 631 2828 libri
652 2794 838 2830 fluctuant.
892 2793 951 2830 De
970 2807 1042 2843 quo

383 2860 404 2883 a
426 2860 484 2885 me
505 2849 691 2886 consultus
711 2850 753 2887 C.
767 2851 827 2887 Fr.
840 2850 1043 2888 Hermann.

1098 992 1148 1028 ita
1169 991 1313 1028 scribit:
1345 989 1469 1040 „71:in
1489 988 1517 1042 ἢ
1529 990 1656 1029 Atticis
1667 1005 1758 1043 poe-

1099 1049 1146 1085 tis
1178 1048 1362 1085 abiudicat
1391 1047 1582 1086 Elmsleius
1612 1049 1662 1085 ad
1683 1049 1758 1087 Eu-

1097 1104 1204 1155 ripid.
1224 1104 1325 1141 Med.
1352 1116 1388 1154 p.
1420 1106 1512 1146 112.
1571 1104 1758 1152 Debebat,

1099 1166 1139 1198 ut
1161 1161 1314 1211 opinor,
1353 1161 1500 1197 omnino
1523 1161 1678 1199 alienum
1701 1162 1758 1199 di-

1098 1230 1180 1255 cere
1200 1218 1245 1253 ab
1268 1221 1429 1254 veterum
1445 1217 1650 1256 Atticorum
1670 1231 1758 1256 con-

1097 1273 1336 1311 suetudine.“
1398 1273 1453 1310 lta
1479 1273 1650 1311 Dindorf.
1677 1275 1757 1312 lnd.

1098 1331 1145 1367 ad
1169 1329 1352 1379 Aristoph.
1376 1329 1423 1367 T.
1444 1330 1493 1366 Vl
1514 1344 1550 1380 p.
1571 1332 1664 1371 602.
1688 1331 1758 1368 Ni-

1098 1386 1226 1423 mirum
1257 1386 1397 1434 Reisig.
1425 1384 1604 1437 Apparat.
1646 1388 1758 1425 critic.

1099 1443 1146 1480 ad
1166 1441 1335 1492 Sophocl.
1362 1443 1457 1479 Oed.
1484 1443 1565 1480 Col.
1590 1456 1627 1494 p.
1659 1445 1757 1486 180:

1098 1499 1270 1547 „videtur
1295 1499 1414 1536 media
1442 1499 1589 1536 demum
1614 1492 1758 1538 dialecti

1099 1556 1245 1593 Atticae
1266 1560 1390 1592 aetate
1415 1555 1654 1593 increbruisse
1675 1561 1714 1594 et
1736 1568 1759 1593 a

1099 1611 1283 1649 veteribus
1304 1611 1370 1648 illis
1390 1609 1542 1659 Atticis,
1572 1611 1759 1662 Thucydi-

1100 1669 1165 1715 de,
1196 1667 1463 1718 Aristophane,
1505 1681 1654 1718 prorsus
1677 1681 1759 1707 esse

1099 1724 1303 1762 alienum.“
1366 1724 1500 1774 Neque
1543 1737 1628 1763 vero
1673 1725 1758 1773 huc,

1099 1794 1209 1831 quem
1241 1780 1348 1818 affert
1382 1781 1567 1819 Schaefer.
1606 1782 1655 1818 ad
1681 1781 1758 1820 De·-

1099 1838 1276 1874 mosthen.
1297 1836 1347 1873 IV
1374 1850 1412 1888 p.
1433 1837 1515 1878 564
1536 1836 1653 1875 locum
1671 1837 1757 1876 Pla-

1099 1895 1195 1931 tonis
1216 1894 1273 1931 De
1294 1906 1372 1943 rep.
1394 1893 1443 1930 Vl
1460 1906 1496 1943 p.
1517 1894 1613 1941 501,
1631 1894 1759 1933 referri

1100 1963 1209 2001 posse
1220 1950 1436 1987 monstravit
1447 1949 1662 1998 Stallbaum,
1677 1964 1760 1988 mu-

1100 2011 1178 2044 tata
1206 2006 1274 2044 loci
1303 2006 1606 2057 interpunctione.
1659 2007 1759 2044 Add.

1101 2064 1148 2100 G.
1172 2062 1374 2100 Hermann.
1399 2062 1560 2113 Opuscc.
1589 2062 1640 2100 lll
1669 2076 1757 2114 pag.

1102 2121 1207 2162 230:
1239 2119 1392 2166 „Etiam
1412 2119 1448 2156 in
1464 2131 1575 2169 prosa
1595 2121 1760 2158 oratione

1100 2188 1221 2213 rarum
1241 2181 1296 2214 est
1316 2173 1413 2226 πρὶν
1435 2171 1464 2226 ἦ
1473 2204 1483 2223 ,
1515 2176 1546 2212 si
1567 2176 1616 2213 ad
1636 2189 1759 2214 exem-

1099 2232 1162 2283 pla
1181 2233 1270 2269 nudi
1299 2230 1395 2282 πρὶν
1423 2245 1622 2282 compares.
1684 2232 1761 2269 Cur

1099 2288 1214 2327 vero?
1251 2288 1396 2338 Nempe
1429 2289 1515 2337 quia
1546 2287 1758 2338 plerumque

1097 2344 1194 2396 πρὶν
1224 2345 1294 2382 dici
1321 2357 1378 2382 res
1409 2343 1594 2393 postulat,
1640 2346 1755 2381 rarius

1098 2399 1194 2452 πρὶν
1216 2397 1256 2451 ἤ.
1294 2400 1477 2438 Differunt
1497 2400 1606 2437 enim.
1645 2401 1755 2438 Simi-

1099 2457 1182 2494 liter
1198 2469 1270 2493 non
1290 2456 1387 2494 idem
1409 2460 1477 2502 est,
1507 2460 1623 2493 utrum
1635 2459 1759 2507 prius-

1099 2525 1203 2563 quam
1227 2514 1327 2549 dicas
1347 2525 1393 2548 an
1410 2514 1514 2562 prius
1534 2515 1677 2562 quam.“
1700 2534 1757 2542 —

1099 2570 1156 2606 Ad
1179 2569 1327 2606 verbum
1347 2566 1645 2618 ὑπερβαλέσθαι
1663 2567 1758 2622 (dlf-

1091 2625 1212 2675 serre,
1248 2638 1364 2661 moras
1390 2627 1541 2675 nectere)
1568 2627 1661 2665 cons.
1692 2627 1757 2673 Ill,

1100 2683 1152 2721 76
1183 2682 1307 2730 ibique
1336 2685 1428 2718 nott.
1461 2703 1510 2710 —
1553 2683 1612 2720 Ad
1644 2683 1758 2720 verba

1099 2736 1183 2776 καὶ
1216 2735 1266 2775 τὸ
1282 2752 1301 2775 ν
1321 2767 1329 2784 ,
1369 2734 1641 2789 κομισάμενον
1667 2754 1701 2777 κ.
1724 2754 1757 2777 τ.

1100 2798 1131 2832 λ.
1163 2795 1257 2831 conf.
1278 2795 1411 2831 matth.
1434 2795 1498 2834 Gr.
1517 2795 1583 2833 Gr.
1604 2794 1642 2847 ς.
1664 2797 1757 2836 286.

1100 2851 1194 2888 Add.
1215 2851 1278 2898 IV,
1302 2851 1362 2891 15.
1385 2850 1423 2893 5.
