1946 3272
83 390 149 434 92
209 402 296 437 τος.

611 202 648 241 Τ
676 202 714 239 Η
743 200 775 239 A
804 201 838 240 L
871 201 886 239 1
919 200 964 240 A.
1022 202 1087 241 111.
1405 212 1489 251 107

212 319 288 371 λης
318 315 509 358 Κισσίων
540 310 706 367 χώρης,
744 309 997 367 τριηκόσια·
1055 309 1192 366 νομὸς
1231 309 1390 366 ὄγδοος
1419 312 1490 360 οὖ.

212 458 364 511 συρίης
385 487 396 506 ,

209 529 282 573 καὶ
325 526 477 575 παῖδες
528 524 724 580 ἐκτομίαι
776 523 1083 568 πεντακόσιοι·

358 383 459 428 Ἀπὸ
499 384 771 438 Βαβυλῶνος
821 382 888 431 δὲ,

480 451 595 509 χίλιά
658 455 702 496 οἱ
765 452 947 509 προσήϊε
1003 452 1194 497 τάλαντα
1253 451 1491 508 ἀργυρίου,

950 382 1023 426 καὶ
1071 385 1148 438 τῆς
1202 386 1359 438 λοιπῆς
1404 383 1547 428 'Ao-55

1143 523 1282 581 νομός
1319 526 1492 577 εἴνατος

179 593 354 649 Ξοῦτος.
414 595 519 639 Ἀπὸ
562 595 608 639 δὲ
648 594 930 652 Ἀγβατάνων
967 596 1040 640 καὶ
1079 599 1155 652 τῆς
1192 600 1347 654 λοιπῆς
1385 600 1490 654 Μη-

150 749 196 786 tis
215 747 355 798 repleta
377 747 536 797 indeque
555 748 632 785 sere
652 748 819 797 incogni-

149 811 189 844 ta
212 805 487 843 recentioribus.

351 861 459 912 Cap.
491 860 607 898 XCII.

204 915 272 956 καὶ
304 920 376 968 τῆς
411 920 555 968 λοιπῆς
591 912 816 968 Ἀσσυρίης]

147 972 390 1024 Babyloniam
407 979 518 1024 atque
530 977 721 1025 Assyriam
732 989 819 1025 pro-

146 1032 284 1070 miscue
319 1032 412 1079 dici,
457 1033 529 1069 iam
572 1044 682 1083 supra
709 1032 757 1068 acl
786 1032 816 1077 Ι,

150 1090 233 1129 192
266 1089 536 1126 observavimus
574 1094 612 1126 et
642 1089 818 1126 observat

146 1144 181 1182 h.
205 1144 226 1181 l.
254 1145 412 1183 Rennel.
434 1159 471 1195 p.
490 1143 595 1192 497,
626 1144 815 1194 Assyriam

146 1203 248 1251 apud
266 1202 501 1239 Herodotum
536 1200 725 1250 complecti
745 1202 815 1237 As-

146 1259 278 1307 syriam
299 1259 448 1309 proprio
469 1271 591 1304 sensu,
608 1270 704 1307 quae
724 1258 815 1294 dici-

144 1317 226 1362 tur,
256 1315 421 1365 Syriam,
452 1315 760 1365 Mesopotamiam
778 1318 816 1352 et

143 1371 396 1421 Babyloniam.
429 1372 489 1410 Tu
513 1372 610 1410 conf.
633 1372 662 1419 I,
686 1373 766 1412 192
780 1375 817 1409 et

143 1428 226 1476 Vll,
250 1430 315 1469 63.

200 1485 341 1532 παῖδες
387 1484 625 1536 ἐκτομίαι
671 1499 815 1524 πεντα-

141 1536 290 1592 κόσιοι]
324 1542 585 1580 Eunuchorum
607 1543 814 1580 institutum

143 1611 166 1636 a
203 1599 418 1649 Babyloniis
452 1599 584 1637 Persas
628 1600 814 1649 accepisse

143 1656 358 1693 Hellanicus
399 1661 526 1693 auctor
567 1661 667 1703 erat,
717 1661 813 1693 teste

144 1712 294 1751 Donato
325 1714 361 1750 in
397 1713 551 1750 Terent.
585 1713 750 1750 Eunuch.
784 1713 813 1759 l,

145 1773 185 1816 2,
212 1771 280 1817 87,
303 1770 399 1807 unde
420 1770 496 1807 iure
517 1769 663 1819 colligas
690 1770 812 1818 Baby-

143 1825 261 1863 lonios
291 1826 447 1863 crudelis
476 1828 586 1863 moris
608 1826 663 1864 vel
688 1831 813 1863 aucto-

143 1896 201 1921 res
223 1883 371 1920 omnino
391 1884 506 1921 fuisse
529 1883 585 1920 vel
606 1888 703 1920 certe
720 1883 813 1920 mul-

143 1943 224 1977 tum
243 1940 279 1976 in
304 1953 348 1978 eo
371 1941 595 1990 praestitisse
618 1940 695 1976 aliis
719 1953 813 1989 gen-

143 1998 254 2034 tibus.
307 1996 389 2034 Nec
418 1997 574 2034 alienum
600 1997 668 2033 hoc
690 1997 735 2034 ab
757 1998 812 2034 es-

142 2055 285 2091 srenata
318 2054 606 2104 Babyloniorum
648 2054 811 2101 libidine,

142 2111 191 2148 de
208 2123 280 2160 qua
297 2111 371 2148 vid.
393 2124 489 2160 quae
508 2111 631 2148 attulit
650 2111 810 2148 Milnter.

140 2167 199 2205 De
219 2167 324 2216 relig.
343 2168 521 2216 Babylon.
540 2181 625 2218 pag.
642 2171 666 2208 7
670 2169 709 2208 3.

193 2218 293 2264 Ἀπὸ
316 2222 358 2263 δὲ
377 2219 632 2276 Ἀγβατάνων
652 2223 718 2262 καὶ
739 2225 812 2274 τῆς

142 2283 288 2331 λοιπῆς
312 2282 506 2332 Μηδικῆς
518 2297 552 2321 κ.
567 2297 597 2320 τ.
619 2280 668 2332 L]
702 2281 811 2319 Hanc

142 2339 409 2388 praefecturam
421 2369 434 2385 ‚
463 2340 559 2376 intra
577 2339 753 2389 Caspium
772 2344 811 2376 et

143 2395 326 2433 Persicum
352 2408 452 2434 mare
474 2397 600 2443 sitam,
639 2400 678 2433 et
697 2395 812 2432 ambi-

143 2455 182 2488 tu
201 2456 237 2489 et
255 2452 345 2490 coeli
364 2453 506 2502 solique
527 2453 755 2503 praestantia
774 2452 811 2488 in

144 2508 288 2557 optimis
301 2510 492 2559 provinciis
509 2510 716 2547 habendam
729 2522 811 2546 esse

146 2570 269 2602 monet
286 2566 443 2606 Reunel.
462 2567 484 2603 l.
507 2566 528 2603 l.
553 2580 585 2617 p.
603 2568 696 2607 500.
727 2564 812 2602 Me-

148 2619 244 2657 diam
274 2622 369 2660 idem
402 2623 481 2661 vult
505 2623 700 2661 Herodoto
730 2636 810 2660 eam

147 2688 241 2723 esse,
271 2690 366 2727 quae
382 2680 536 2731 posthac
552 2680 715 2729 Magnae
728 2679 811 2717 Me-

145 2732 229 2770 diae
250 2737 427 2786 aceeperit
444 2737 743 2788 appellationem,
772 2740 810 2774 et

145 2801 241 2838 quae
274 2803 369 2829 nunc
387 2799 537 2831 vocetur
561 2794 645 2831 Irak
664 2793 808 2840 Aiami3

143 2858 241 2896 quae
260 2846 388 2886 Media
416 2851 534 2888 minor
554 2864 584 2890 s.
608 2850 809 2903 Atropate-

879 761 926 785 ne
944 752 1076 798 postea
1098 753 1227 786 vocata
1250 749 1297 786 sit
1317 751 1352 785 et
1372 761 1470 785 nunc
1491 748 1548 785 di-

879 809 982 842 catur
1000 806 1241 853 Aderbidian,
1272 818 1352 843 eam
1374 806 1547 842 Herodo-

876 866 917 898 to
944 875 1025 900 esse
1046 861 1246 900 Mammea.
1295 862 1353 900 De
1381 861 1547 898 Ecbata-

876 920 954 965 πίε,
987 932 1083 968 quae
1102 920 1190 956 urbs
1210 920 1246 956 in
1266 919 1545 969 septentrionali

875 976 1086 1026 provinciae
1116 981 1220 1026 parte
1249 981 1330 1013 erat
1362 976 1452 1023 sita,
1490 976 1545 1013 di-

875 1033 989 1069 ximus
1023 1033 1072 1069 ad
1098 1032 1134 1079 l,
1168 1035 1241 1079 98,
1276 1033 1335 1068 ubi
1364 1034 1474 1070 etiam
1498 1033 1545 1071 de

874 1089 1054 1139 scriptura
1084 1090 1191 1126 vocis.
1250 1089 1463 1126 Parz'canz'os
1486 1103 1546 1128 re-

873 1146 964 1182 ctius
981 1146 1050 1182 dici
1065 1145 1303 1182 Paretacenos
1319 1147 1434 1194 (quae
1452 1159 1544 1195 gens

874 1203 910 1238 in
945 1202 1110 1239 confiniis
1150 1203 1257 1239 huius
1289 1204 1544 1252 praefecturae

874 1259 1115 1296 orientalibus
1143 1272 1164 1295 a
1189 1259 1344 1296 Perside
1369 1259 1456 1296 inde
1482 1272 1544 1295 us-

875 1328 947 1365 que
967 1316 1015 1352 ad
1033 1315 1189 1365 Caspias
1206 1317 1328 1353 fauces
1350 1316 1458 1353 sedes
1478 1316 1544 1353 ha-

873 1373 973 1418 buit·‚
1003 1373 1098 1409 conf.
1121 1373 1229 1410 etiam
1250 1372 1332 1410 Van
1355 1373 1421 1410 der
1440 1372 1542 1422 Chys

874 1429 1080 1466 Comment.
1091 1442 1218 1478 geogr.
1237 1429 1287 1466 ad
1298 1429 1440 1466 Arrian.
1453 1442 1542 1479 pag.

875 1488 927 1527 91
959 1491 995 1523 et
1029 1498 1125 1535 quae
1146 1499 1257 1536 supra
1283 1487 1470 1536 posuimus
1493 1486 1543 1523 ad

871 1543 900 1587 I,
923 1545 1001 1584 101
1024 1542 1103 1580 coll.
1124 1543 1206 1590 Vll,
1232 1544 1329 1591 86),
1370 1542 1542 1581 Rennelii

873 1604 929 1638 est
947 1601 1131 1637 sententia
1155 1599 1177 1637 l.
1201 1599 1222 1637 l.
1243 1612 1331 1650 pag.
1352 1601 1433 1641 501
1461 1599 1540 1637 coll.

872 1656 1084 1694 Maltebrun
1105 1656 1127 1693 l.
1154 1656 1175 1693 l.
1203 1669 1289 1707 pag.
1315 1658 1410 1698 338.
1471 1656 1542 1694 Cui

873 1712 1086 1762 obloquitur
1137 1712 1312 1750 Larcher.
1362 1714 1400 1751 in
1442 1712 1540 1750 Tab.

871 1783 998 1819 geogr.
1035 1783 1064 1806 s.
1097 1783 1152 1817 v.,
1205 1783 1287 1807 cum
1326 1769 1541 1807 Paretaceni

869 1828 1006 1864 suerint
1036 1826 1232 1864 Medorum
1283 1840 1356 1863 una
1408 1827 1539 1874 tribus,

870 1884 1102 1920 discernendi
1136 1884 1247 1932 igitur
1276 1896 1298 1920 a
1326 1884 1540 1931 Paricaniis,

869 1940 933 1989 qui
961 1941 1058 1977 intra
1078 1939 1214 1978 Medos
1243 1944 1280 1978 et
1311 1940 1562 1990 Ortlzocory»

869 1997 1014 2034 bantios
1031 1998 1139 2034 sedes
1157 1998 1318 2035 tenuisse
1334 1997 1539 2034 videantur.

867 2053 1079 2091 Maltebrun
1102 2053 1125 2091 l.
1146 2053 1170 2090 l.
1193 2059 1341 2103 gentem
1365 2054 1452 2091 dicit
1472 2066 1541 2104 per

867 2110 991 2161 plures
1010 2111 1215 2161 provincias
1235 2124 1410 2161 sparsam.
1428 2111 1540 2148 Pror-

868 2180 930 2205 sus
955 2168 1088 2204 diversi
1110 2172 1205 2215 sunt,
1237 2168 1298 2217 qui
1316 2168 1379 2213 lll,
1401 2167 1454 2208 94
1466 2166 1540 2204 Ae·

867 2224 1052 2274 thiopibus
1098 2225 1299 2274 iunguntur
1333 2223 1538 2262 Paricaniz‘.

871 2281 1210 2331 Ortlcocorybantc'os
1243 2282 1281 2318 in
1308 2280 1539 2318 meridionali

868 2339 1124 2389 praefecturae
1179 2343 1299 2375 tractu
1353 2338 1538 2376 habitasse

868 2395 1025 2434 Rennel.
1068 2395 1282 2442 contendit,
1332 2395 1394 2431 ubi
1440 2407 1538 2432 nunc

869 2456 969 2489 terra
1000 2452 1261 2489 Kurrimabad.
1319 2451 1411 2488 Mihi
1450 2450 1538 2487 nihil

868 2508 1017 2546 aliunde
1040 2513 1193 2546 constat.
1228 2509 1373 2545 Gatter.
1388 2508 1444 2555 (in
1457 2512 1535 2547 not.

868 2567 917 2603 ad
948 2566 1166 2603 Billerbeck.
1193 2565 1291 2603 Diss.
1326 2565 1377 2614 l.)
1409 2570 1445 2602 et
1470 2565 1536 2601 has

869 2627 1000 2671 gentes
1037 2627 1075 2660 et
1104 2636 1189 2669 eas,
1232 2634 1327 2672 quae
1347 2622 1536 2672 proximae

868 2680 1079 2730 provinciae
1098 2680 1236 2717 suerint
1252 2679 1473 2728 adscriptae,
1487 2677 1533 2712 ab

866 2736 1006 2774 oriente
1042 2737 1151 2774 maris
1184 2737 1311 2786 Caspii
1351 2736 1388 2771 in
1427 2733 1533 2770 terris

865 2793 1072 2832 borealibus
1093 2794 1323 2843 quaerendas
1352 2803 1433 2828 esse
1459 2793 1533 2825 sta-

865 2850 956 2898 tuit3
993 2850 1267 2889 Paricaniorum
1287 2848 1392 2885 sedes
1411 2858 1433 2882 a
1454 2858 1531 2882 me-
