1979 3288
135 291 316 325 Thaunyras
326 289 408 317 Inari

134 324 167 351 1³.
211 327 241 350 et
277 324 409 351 Pausiris

135 358 286 392 Amyn-mei
305 357 339 384 F.
362 366 410 384 re-

132 390 410 452 βῆὶῗέἰῗᾞᾞῖῑ

131 432 179 484 ῗεῐ
200 433 346 494 Aegyypti:
371 458 408 486 ab

131 499 159 519 a.
180 491 242 520 «158.

470 183 527 222 28
859 183 1330 221 HERODOTI

467 360 616 405 πεύειν
646 360 789 417 αὐτῆς.

466 295 755 347 πρηγμονεῖν,
801 290 986 348 ἀπέλαβε
1025 292 1081 334 ἂν
1116 293 1360 346 Αἴγυπτον,
1411 289 1518 333 ὥστε
1555 291 1732 346 ἐπιτρο-

849 361 938 405 ἐπεὶ
973 366 1103 417 τιμᾶν
1141 360 1306 405 ἐώθασι
1337 362 1504 416 Πέρσαι
1540 366 1627 404 τῶν
1658 364 1732 417 βα-

467 432 623 476 σιλέων
653 432 757 484 τούς
786 436 967 484 παῖδας·
1017 436 1123 483 τῶν,
1152 432 1210 489 ἢν
1239 434 1312 476 καί
1342 444 1490 488 σφεων
1520 432 1732 476 ἀποστέω-

466 515 530 555 σι,
560 502 678 560 ὅμως
706 506 820 547 τοῖσί
848 520 894 560 γε
925 504 1048 546 παισὶ
1079 503 1227 547 αὐτῶν
1256 502 1519 548 α’ποδιδοῦσι
1549 503 1628 560 τὴν
1658 503 1734 557 ἀρ-

436 574 560 631 Βχήν.
605 579 805 618 πολλοῖσι
836 573 914 629 μέν
943 591 1027 616 νυν
1056 573 1129 616 καὶ
1159 572 1330 618 ἄλλοισι
1361 574 1448 617 ἔστι
1478 574 1734 629 σταθμώσα-
1747 581 1791 614 80

466 651 594 697 σθαι,
624 645 692 689 ὅτι
721 650 851 689 τοῦτο
880 643 996 688 οὕτω
1027 646 1283 700 νενομίκασι
1313 645 1501 688 ποιέειν·
1543 646 1589 689 ἐν
1609 646 1654 688 δὲ
1678 645 1730 701 δὴ

465 717 539 761 καὶ
575 719 704 774 τῷδε,
747 720 808 774 τῷ
840 717 1005 772 Λίβυος
1039 714 1191 770 Ἰνάρω
1229 717 1353 760 παιδὶ
1394 714 1628 772 Θαννύρᾳ,
1685 714 1735 766 ὃς

467 787 654 844 ἀπέλαβε
685 785 763 843 τήν
793 788 838 830 οἱ
867 785 890 830 ὁ
922 786 1064 843 πατήρ
1094 785 1175 844 εἶχε
1206 785 1367 846 ἀρχήν·
1409 789 1561 845 καὶτῷ
1581 785 1736 842 Ἀμυρ-

410 940 710 991 terpretationem
727 942 799 976 tam
816 939 945 976 duram
962 950 1071 988 quam

410 999 575 1034 vitiosam
597 995 725 1033 merito
752 996 889 1032 iudicat
914 996 1072 1032 lverfer.

413 1055 447 1090 in
484 1053 579 1089 Actt.
604 1051 703 1102 phill.
737 1051 945 1089 Monacc.1
983 1064 1070 1101 pag.

413 1112 514 1154 1063
545 1121 629 1145 nam
650 1107 786 1156 nullibi,
807 1113 982 1158 quantum
1003 1109 1073 1145 sci-

409 1178 502 1212 mus,
532 1165 590 1202 hic
614 1166 769 1202 aoristus
789 1165 889 1202 verbi
916 1164 1070 1204 ἐπίστα-

408 1236 478 1273 μαι
514 1221 657 1272 passiva
689 1222 871 1259 invenitur
906 1222 1069 1259 notione.

408 1279 534 1323 Quare
563 1278 752 1315 W'erserus
783 1279 938 1314 activam
968 1278 1069 1314 verbi

407 1336 593 1372 notionem
616 1338 760 1380 tenens,
779 1334 896 1371 locum
915 1335 966 1371 sic
986 1335 1070 1372 red-

406 1391 479 1428 dit:
510 1393 544 1428 sz'
569 1394 686 1427 autem
716 1393 873 1427 scivisset
899 1404 966 1427 non
997 1403 1070 1427 mo-

406 1448 470 1485 liri
489 1460 542 1484 res
564 1461 682 1484 novas.
743 1447 852 1490 Quod
876 1448 960 1484 mihi
990 1447 1070 1496 qui-

408 1504 492 1542 dem
518 1517 636 1553 aeque
660 1504 790 1540 durum
813 1517 893 1542 esse
913 1505 1068 1551 videtur,

407 1565 449 1597 ut
486 1559 607 1597 malim
637 1562 756 1597 facere
787 1574 868 1597 cum
901 1560 950 1596 H.
983 1560 1070 1598 Ste-

405 1617 529 1669 phano
550 1617 601 1665 (in
620 1617 734 1654 Thes.
754 1615 797 1653 L.
818 1617 884 1653 Gr.
905 1616 954 1653 ΙΙΙ
982 1629 1068 1666 pag.

410 1672 506 1721 140)
548 1677 587 1710 et
617 1673 848 1721 Schweigh.‚
878 1674 941 1722 qui
974 1668 1068 1723 η’πι-

410 1725 541 1780 στήθη
569 1742 590 1766 a
613 1730 725 1767 verbo
755 1726 924 1768 ἀπιστέω
954 1730 1070 1767 dedu-

409 1790 513 1833 cunt,
543 1799 699 1835 eumque
725 1787 802 1823 fere
823 1786 891 1823 loci
922 1799 1069 1824 sensum

410 1855 493 1881 esse
511 1842 654 1879 volunt:
685 1844 757 1879 nisi
780 1842 947 1879 creditum
971 1847 1069 1888 esset,

409 1911 486 1936 eum
513 1911 566 1934 res
590 1911 699 1935 novas
719 1899 883 1935 moliris.
914 1901 977 1948 que·
1001 1901 1073 1935 uisi

410 1959 601 2003 compertus
615 1955 769 2004 suisset,
799 1967 851 1991 res
870 1968 976 1992 novas
997 1969 1069 1991 mo-

410 2010 482 2056 liri,
505 2011 703 2060 Aegyptum
722 2013 942 2061 recepisset.“
980 2012 1070 2049 Par-

409 2066 517 2104 ticula
540 2065 593 2117 μή
618 2072 704 2104 ante
725 2071 1070 2120 πολυπραγμονεῖν

408 2124 539 2161 eodem
559 2124 668 2159 modo
694 2125 837 2173 posita,
873 2137 946 2173 quo
967 2125 993 2168 l,
1016 2127 1069 2166 68

406 2180 485 2226 fin„
505 2180 563 2216 ubi
582 2180 654 2216 vid.
668 2185 758 2217 nott.
775 2180 942 2229 Schwgh.
963 2194 1071 2230 prae-

406 2241 506 2273 terea
524 2236 611 2272 citat
624 2236 790 2285 Thucyd.
806 2237 833 2285 l,
848 2240 908 2277 10.
922 2236 965 2283 ΙΙ,
979 2239 1068 2276 101.

461 2288 522 2342 ἢν
559 2292 643 2330 καί
672 2307 807 2341 σφεων
833 2289 1067 2342 α’ντοστέωσι]

405 2347 525 2396 Vulgo
557 2348 599 2386 εἰ
632 2348 718 2396 καὶ,
753 2350 852 2386 cuius
883 2349 960 2386 loco
989 2363 1069 2386 cum

359 2431 366 2438 .
406 2404 607 2454 Schweigh.
640 2410 676 2442 et
715 2406 830 2442 Gaisf.
860 2405 1022 2456 pluribus
1049 2420 1069 2443 e

404 2459 503 2497 libris
547 2461 748 2511 recepimus
787 2457 849 2510 ἢν
890 2462 958 2499 καί
1001 2474 1066 2510 σφ.

407 2517 529 2567 prouti
559 2530 704 2566 quoque
726 2517 837 2554 voluit
860 2518 1014 2555 W'erfer.
1046 2518 1068 2556 l.

408 2572 429 2609 l.
451 2586 535 2624 pag.
556 2573 658 2619 235,
688 2574 898 2623 particulam
920 2574 955 2612 εἰ
981 2588 1069 2611 con-

407 2629 567 2666 iunctivo
596 2631 694 2678 apud
716 2631 948 2667 Herodotum
970 2631 1069 2680 iungi

409 2697 559 2734 negans.
591 2687 647 2723 Cs.
663 2686 791 2724 Matth.
813 2687 877 2724 Gr.
893 2687 958 2724 Gr.
983 2701 1068 2738 pag.

413 2744 520 2783 1020
540 2755 616 2791 seq.

466 2796 509 2838 ἐν
520 2795 562 2837 δὲ
583 2794 634 2850 δή
653 2797 721 2838 καὶ
738 2799 850 2852 τῷδε]
881 2795 930 2850 δή
950 2813 971 2836 a
991 2799 1071 2850 plu-

1128 939 1226 976 ribus
1255 941 1359 978 abest
1394 940 1493 977 libris
1528 938 1681 988 scriptis.
1731 936 1790 973 Cf.

1128 995 1177 1042 ll,
1207 994 1272 1038 43.
1303 997 1386 1034 Hoc
1413 997 1493 1034 loco
1522 994 1631 1031 nolim
1662 994 1790 1031 eiicere

1128 1052 1370 1090 voculam.—
1394 1052 1507 1090 Paulo
1528 1055 1614 1088 ante
1636 1049 1791 1100 νενομί-

1127 1120 1219 1147 κασι
1251 1109 1370 1147 valet:
1400 1112 1437 1146 z'n
1465 1122 1531 1146 usu
1561 1107 1707 1153 habent,
1737 1119 1793 1142 so-

1128 1165 1218 1213 lent,
1252 1171 1289 1203 ut
1310 1167 1338 1213 Ι,
1363 1167 1453 1207 131.
1476 1166 1566 1206 133.
1583 1163 1627 1211 ΙΙ,
1646 1163 1700 1204 42
1718 1162 1789 1200 etc.

1126 1223 1198 1260 Pro
1229 1222 1309 1262 ἐστι
1339 1223 1509 1272 rescripsi
1535 1219 1626 1259 ἔστι.
1658 1240 1714 1248 —
1744 1219 1790 1255 lis

1125 1292 1225 1326 vem,
1256 1292 1351 1328 quae
1378 1279 1412 1315 h.
1441 1279 1464 1315 l.
1488 1281 1630 1314 veteres
1655 1276 1790 1313 Persae

1126 1336 1161 1372 in
1185 1335 1339 1373 rebelles
1366 1335 1494 1380 victos,
1523 1346 1629 1382 reges
1657 1332 1792 1382 princi-

1125 1404 1237 1442 pesve
1266 1405 1377 1441 agcre
1399 1392 1580 1436 dicuntur,
1609 1389 1791 1426 contraria

1125 1461 1274 1499 prorsus
1302 1449 1520 1485 recentiores
1544 1446 1673 1483 Persas
1699 1458 1789 1493 age-

1126 1518 1178 1552 re,
1210 1518 1254 1542 ex
1282 1503 1416 1554 Agath.
1438 1504 1537 1541 Hist.
1568 1502 1632 1548 lV,
1652 1502 1706 1542 24
1727 1501 1789 1538 fin.

1125 1566 1288 1612 apparet.
1309 1581 1364 1588 -
1392 1561 1434 1597 In
1461 1572 1565 1609 seqq.
1595 1560 1631 1595 in
1659 1558 1790 1608 pleris-

1125 1631 1197 1667 que
1219 1617 1317 1654 libris
1339 1618 1471 1655 desunt
1491 1617 1605 1654 verba
1633 1617 1686 1668 τῷ
1713 1615 1790 1653 Λί-

1126 1674 1248 1725 βυος,
1289 1675 1370 1711 τηε-ἐι
1413 1673 1561 1722 quidem
1608 1671 1791 1709 sententis

1126 1731 1282 1768 maxime
1299 1730 1504 1775 retinenda,
1525 1741 1604 1766 cum
1624 1727 1790 1765 valeant:

1129 1786 1344 1836 Thamyrae
1360 1786 1444 1836 silio
1475 1785 1580 1822 Inari
1600 1787 1694 1833 regis
1719 1783 1789 1821 Li-

1125 1844 1239 1893 byam.
1272 1844 1380 1879 Conf.
1408 1842 1472 1889 Ill,
1504 1844 1554 1882 12
1581 1842 1669 1890 ibiq.
1697 1845 1789 1877 nott.

1125 1900 1183 1936 Ad
1208 1900 1318 1936 verba
1351 1895 1424 1947 τήν
1455 1897 1507 1936 οἷ
1531 1895 1550 1936 ὅ
1582 1894 1711 1948 πατήρ
1737 1893 1791 1936 εἷ-

1126 1970 1166 2006 χε
1197 1950 1322 2005 ἅρχήν
1349 1956 1443 1992 conf.
1471 1954 1498 2002 l,
1526 1956 1579 1995 34
1612 1959 1651 1992 et
1680 1967 1791 2006 supra

1125 2012 1190 2058 ΙΙΙ,
1214 2012 1275 2052 14.

1183 2067 1250 2106 καὶ
1269 2070 1323 2121 τῷ
1340 2063 1575 2119 Ἀμυρταίου
1598 2068 1785 2120 Παυσίρι]

1127 2123 1322 2162 Neminem
1342 2125 1447 2173 fugit,
1462 2125 1557 2162 hunc
1577 2124 1692 2161 locum
1711 2137 1789 2161 ma-

1127 2182 1221 2218 xime
1251 2180 1372 2218 valere
1403 2182 1451 2217 ad
1480 2186 1623 2231 tempus
1651 2182 1789 2218 consti-

1128 2238 1316 2283 tuendum,
1346 2250 1419 2285 quo
1441 2238 1652 2274 Herodotus
1678 2242 1714 2275 et
1736 2238 1789 2274 vi-

1127 2295 1217 2330 xerit
1242 2299 1278 2331 et
1309 2294 1496 2330 historiam
1520 2294 1787 2343 conscripserit.

1127 2350 1234 2387 Conf.
1255 2350 1474 2387 Dahlmann.
1497 2350 1680 2387 Herodot.
1702 2362 1788 2400 pag.

1127 2406 1194 2452 46,
1207 2406 1285 2443 coll.
1317 2406 1443 2455 Heyse
1457 2406 1608 2448 Quaest.
1622 2418 1706 2456 pag.
1721 2409 1788 2447 76.

1127 2463 1247 2505 Quum
1275 2463 1370 2499 enim
1395 2467 1542 2499 auctore
1566 2462 1726 2500 Eusebio
1751 2463 1788 2499 in

1126 2518 1261 2555 chron.
1282 2532 1360 2555 can.
1382 2533 1417 2569 p.
1443 2522 1521 2559 172
1542 2518 1788 2566 Amyrtaeum,

1127 2576 1190 2622 qui
1212 2576 1403 2612 undecimo
1427 2587 1536 2621 anno,
1554 2588 1596 2612 ex
1617 2588 1689 2624 quo
1710 2575 1788 2612 Da-

1127 2631 1199 2667 rius
1211 2631 1356 2668 Nothus
1379 2632 1546 2679 regnavit
1566 2633 1613 2679 (s.
1633 2632 1718 2669 inde
1740 2632 1786 2669 ab

1127 2700 1223 2723 anno
1252 2689 1374 2735 423),
1405 2689 1621 2725 seditionem
1659 2693 1789 2726 contra

1128 2743 1258 2781 Persas
1274 2745 1429 2782 movisse
1449 2749 1485 2781 et
1502 2758 1568 2794 per
1589 2757 1651 2782 sex
1670 2757 1787 2782 annos

1128 2813 1244 2850 usque
1263 2801 1310 2838 ad
1338 2807 1489 2839 mortem
1514 2802 1672 2840 tenuisse
1697 2802 1788 2839 dici-
