1946 3272
434 257 491 297 48
837 257 1300 297 HERODOTI

404 364 641 409 4ἐνιαυτὸν
669 366 749 422 μὲν
779 367 832 423 δή
865 367 1009 422 ἔχουσι
1038 365 1118 421 τὴν
1135 364 1294 423 στήλην
1311 367 1359 411 ἐν
1388 372 1500 410 τοῖσι
1528 368 1704 414 οἰκίοισι

434 438 478 480 οἱ
512 436 697 494 μάλιστα
738 437 1055 493 προσήκοντες,
1096 435 1273 480 πάντων
1311 454 1355 481 τε
1394 437 1759 495 άπαρχόμενοι,45

431 508 506 552 καὶ
533 510 693 559 θυσίας
723 510 766 551 οἱ
794 508 1113 563 προσάγοντες·
1158 506 1264 563 μετὰ
1295 508 1340 552 δὲ
1369 513 1506 553 ταῦτα
1536 510 1702 567 ἐκκομί-

430 589 601 630 σαντες,
637 580 779 622 ἱστᾶσι
808 578 904 631 περὶ
936 577 1017 633 τήν
1045 576 1187 620 πόλιν.

544 650 814 705 Θεησάμενοι
844 648 889 691 δὲ
918 646 971 689 τὰ
1000 645 1144 690 πάντα
1174 648 1219 691 οἱ
1246 647 1539 701 κατάσκοποι,
1572 649 1704 694 ἀπαλ-

431 718 645 763 λάσσοντο
677 718 827 761 ὀπίσω.
887 715 1243 774 ἀπαγγειλάντων
1272 720 1317 762 δὲ
1346 724 1485 764 ταῦτα
1519 721 1702 772 τούτων,

431 790 588 834 αὐτίκα
619 788 642 833 ὁ
664 787 924 844 Καμβύσης,
955 786 1094 845 ὀργὴν
1115 788 1430 846 ποιησάμενος,
1460 791 1704 847 ἐστρατεύε-

431 879 481 905 το
512 861 580 904 ἐπὶ
608 860 712 911 τοὺς
742 861 981 911 Αἰθίοπας·
1034 859 1136 903 οὕτε
1164 862 1448 919 παρασκευήν
1478 865 1601 906 σίτου
1631 862 1760 906 ου’-50
1915 894 1926 918 4

433 933 586 987 δεμίαν
614 932 930 987 παραγγείλας,
971 930 1073 973 οὔτε
1109 930 1243 986 λόγου
1279 933 1428 990 ἑωυτῷ
1465 933 1596 985 δοὺς,
1636 932 1704 977 ὅτι

404 1003 478 1053 Ξές
507 1001 560 1046 τοὶ
598 1003 754 1058 ἔσχατα
783 1005 859 1058 τῆς
887 1004 964 1058 γῆς
994 1001 1138 1057 ἔμελλε
1167 1003 1492 1056 στρατεύεσθαι.
1553 1003 1625 1048 οἶα
1658 1005 1704 1049 δὲ

432 1072 623 1129 ἐμμανής
662 1089 706 1117 τε
745 1073 831 1117 ἐών
865 1074 938 1117 καὶ
978 1072 1033 1117 ου’
1073 1072 1319 1130 φρενήρης,
1362 1071 1421 1126 ὥς
1449 1074 1584 1130 ἤκουε
1613 1079 1704 1120 τῶν

425 1143 750 1201 Ἰχθυοφάγων,
792 1143 1091 1201 ἐστρατεύετο,
1133 1142 1351 1202 Ἑλλήνων
1385 1145 1465 1201 μὲν
1492 1145 1597 1198 τούς
1623 1162 1703 1190 πα-
1914 1141 1926 1187 [ἢ

303 649 369 696 25

96 714 261 756 Cambyses
291 717 374 743 nullo

97 750 141 775 rei
154 748 182 775 fr
185 750 374 778 umentariae

96 783 219 843 ἷιῆρζῆἓιι
254 783 284 810 in
318 785 374 811 Ae-

238 824 361 844 movsen

97 824 217 889 οομίῗυι·
237 850 314 890 sagn(-
301 839 376 877 (ιη’

119 884 177 910 erit
196 884 288 911 exiti:
280 893 371 912 nere·

98 891 210 944 Get-aeci
221 918 330 945 milites
337 919 373 947 ab

98 958 135 978 eo
155 950 355 979 dimittuntur.

376 1310 473 1347 omni
492 1321 536 1346 ex
555 1313 661 1359 parte
674 1308 916 1359 perspicuam.
947 1309 1040 1348 Ver-

375 1367 426 1404 ba
447 1360 557 1419 αὐτῷ
577 1368 634 1419 τῷ
654 1363 768 1404 νέκυϊ
794 1362 939 1415 Remig.
959 1367 1040 1404 cod.

375 1427 461 1460 aute
477 1420 746 1473 προσήκοντες
768 1422 933 1469 collocat,
954 1436 1039 1473 pro-

375 1479 488 1516 bante
506 1478 556 1515 W
559 1478 752 1527 esselingio
780 1483 816 1516 et
840 1477 1039 1526 Larchero,

374 1536 589 1584 refragante
599 1536 767 1573 werfero
780 1535 815 1571 in
827 1533 925 1575 Actt.
939 1535 1038 1586 phin.

376 1592 542 1630 Monacc.
562 1592 579 1628 I
599 1606 635 1643 p.
660 1594 739 1633 106
760 1604 851 1640 seq.,
877 1592 941 1641 qui
962 1592 1040 1628 vul-

375 1652 501 1697 gatam
531 1649 581 1685 sic
608 1653 774 1685 tuentur:
821 1648 1038 1695 „cadavera

375 1709 535 1755 gypsata
556 1709 593 1742 et
611 1705 793 1755 picturata
813 1704 929 1754 cippis
952 1704 1036 1741 salis

374 1761 539 1798 montani
572 1762 755 1798 excavatis
787 1761 924 1797 inserta
954 1773 1038 1810 per-

374 1817 496 1855 lucent
524 1818 602 1855 sine
632 1817 703 1854 ullo
727 1817 837 1854 foedo
864 1817 978 1853 odore
999 1821 1037 1854 et

375 1874 498 1911 omnia
535 1874 734 1923 corporzbus
770 1874 858 1923 ipsas
896 1868 1038 1927 (αὐτῷ

375 1932 429 1983 τῷ
467 1927 607 1978 νέκυϊ)
655 1930 783 1967 similia
836 1926 1036 1979 (ομοίως)

376 1986 574 2023 ostendunt
591 1982 800 2037 (φανερά).
831 1985 946 2034 Igitur
965 1982 1038 2023 αυ’-

376 2039 440 2088 τός
457 2039 477 2081 ὁ
497 2040 613 2088 νέκυς
634 2055 708 2079 non
729 2046 787 2080 est
808 2041 919 2087 idem,
937 2042 1038 2090 quod

377 2097 401 2138 ὁ
433 2096 571 2146 νέκυς;
629 2111 752 2136 verum
794 2097 851 2134 hic
885 2097 1038 2134 cadaver

375 2159 563 2204 gypsatum
579 2154 792 2205 picturaque
823 2157 1038 2202 exornatum,

375 2211 434 2248 ille
457 2224 578 2260 corpus
601 2224 751 2258 merum,
781 2212 817 2247 in
835 2211 934 2247 cuius
956 2223 1039 2261 spe-

373 2268 463 2305 ciem
502 2272 694 2318 gypsatum
738 2279 867 2317 corpus
903 2268 1039 2304 forma-

375 2325 524 2362 batur.“

435 2379 476 2419 οἰ
499 2374 669 2430 μάλιστα
693 2373 1035 2430 προσήκοντες]ι.
1012 2379 1021 2387 “

375 2449 405 2475 e.
436 2438 587 2473 maxime
616 2438 830 2482 necessarii,
879 2437 1037 2483 cognata,

375 2497 414 2530 ut
439 2493 484 2540 11,
513 2495 577 2532 86.
606 2493 659 2532 90
697 2496 760 2529 aut
793 2492 838 2538 11,
869 2493 922 2533 36
957 2491 1035 2529 init.

374 2546 469 2596 τούς
488 2544 658 2600 μάλιστα
679 2546 860 2587 ἱκνέεται.

573 2606 681 2655 Cap.
722 2605 838 2642 XXV.

433 2657 682 2712 Θεησάμενοι
725 2658 767 2699 ὁὲ
808 2657 854 2698 τά
888 2657 1034 2710 πάντα]

377 2719 496 2770 Supra
521 2713 775 2768 θηησαμενοι
796 2718 860 2764 111,
883 2719 948 2763 23,
978 2718 1039 2754 ubi

377 2775 421 2812 cf.
467 2779 561 2812 nott.
607 2769 728 2825 ὀργήν
768 2770 1040 2824 ποιησάμενος

376 2831 472 2868 idem
488 2831 582 2869 valet
601 2835 712 2880 atque
728 2825 931 2881 ὀργισθεὶς
944 2832 1038 2878 (ι’-να

379 2887 478 2936 tus),
507 2892 656 2926 notante
668 2886 856 2934 Valcken„
879 2887 942 2936 qui
962 2886 1039 2923 lau-

1096 1309 1162 1346 dat
1180 1308 1262 1355 VII,
1281 1308 1372 1349 105.
1396 1308 1561 1358 Thucyd.
1580 1310 1643 1357 IV,
1664 1310 1757 1353 124.

1096 1365 1176 1402 coll.
1199 1366 1292 1411 123,
1324 1370 1360 1402 et
1380 1365 1511 1403 similes
1541 1366 1760 1414 locutiones,

1096 1426 1135 1458 ut
1153 1416 1304 1471 θώυμα
1330 1425 1557 1470 ποιεῖσθαι,
1595 1423 1705 1470 alias,
1730 1423 1759 1470 l,

1098 1480 1190 1519 127.
1208 1477 1272 1524 VI,
1294 1480 1360 1519 28.
1383 1478 1483 1526 Vlll,
1502 1479 1568 1521 74.
1598 1480 1659 1517 Tu
1675 1480 1760 1517 vide

1096 1534 1145 1571 sis
1165 1538 1258 1571 nott.
1279 1535 1326 1570 ad
1345 1535 1374 1582 I,
1394 1536 1462 1574 68.

1153 1587 1245 1629 οὔτε
1263 1587 1382 1642 λόγον
1398 1589 1530 1645 ἑωυτῷ
1551 1586 1665 1642 δούς]
1690 1591 1712 1628 i.
1725 1604 1758 1629 e.

1093 1660 1153 1684 nec
1184 1659 1298 1683 secum
1330 1652 1505 1698 reputans.
1549 1648 1633 1685 vid.
1661 1652 1758 1685 nott.

1093 1705 1143 1740 ad
1163 1703 1472 1749 1,97.11‚-162.

1152 1755 1218 1798 οἷα
1241 1756 1283 1797 δὲ
1311 1756 1490 1811 ἐμμανης
1513 1774 1554 1798 τε
1583 1755 1661 1798 ἔων
1690 1757 1759 1798 καὶ

1096 1810 1145 1855 ου’
1163 1811 1382 1867 φρενήρης]
1413 1818 1435 1854 ἰ.
1449 1830 1480 1854 e.
1503 1820 1622 1867 utpote
1635 1815 1760 1866 surio-

1093 1887 1152 1910 sus
1174 1885 1234 1909 nec
1252 1875 1374 1909 mentes
1393 1886 1536 1922 compos.
1577 1871 1633 1909 Ac
1654 1877 1759 1910 notat

1093 1928 1162 1965 hoc
1181 1931 1516 1980 παραλληλισμῶν
1535 1942 1666 1977 genus,
1685 1929 1758 1965 So-

1092 1984 1211 2035 phocli
1224 1985 1275 2033 (v.
1289 1999 1317 2022 c.
1333 1985 1507 2035 Antigon.
1520 1985 1613 2026 498.
1625 1984 1757 2023 Electr.

1094 2040 1226 2087 474),
1265 2041 1342 2078 aliis
1384 2055 1532 2091 quoque
1571 2042 1758 2088 usitatum,

1094 2096 1401 2145 Valckenaerius‚
1431 2098 1582 2135 laudans
1606 2097 1667 2144 ΙΙΙ,
1690 2099 1757 2139 34.

1094 2152 1138 2198 V,
1157 2153 1222 2194 42.
1244 2154 1308 2201 IX,
1331 2154 1395 2195 54.
1426 2155 1522 2192 Add.
1544 2154 1677 2192 Matth.
1691 2154 1756 2190 Gr.

1095 2209 1160 2246 Gr·
1192 2207 1227 2259 ἓ
1245 2210 1341 2258 444,
1368 2211 1393 2252 5
1425 2224 1460 2261 p-
1484 2212 1577 2252 831.
1605 2205 1758 2261 φρενή-

1095 2280 1178 2315 ρης,
1209 2267 1310 2315 quod
1330 2267 1456 2304 itidem
1478 2272 1596 2305 exstat
1614 2267 1678 2314 111,
1689 2268 1758 2314 30,

1095 2322 1229 2359 Glossa
1252 2323 1464 2361 Herodotea
1496 2323 1652 2374 explicat
1682 2318 1759 2361 σω’-

1095 2392 1221 2429 φρων.
1253 2380 1373 2430 Supra
1394 2380 1548 2426 11,120
1579 2380 1759 2417 invenitur

1095 2432 1413 2504 WQJl'OssstassUS',
1431 2440 1538 2473 mente
1562 2439 1697 2485 captus.

1149 2488 1263 2542 Ιιιλλη
1272 2507 1349 2530 νων
1371 2489 1443 2543 μὲν
1471 2507 1565 2538 τους
1587 2486 1756 2542 παρεόν-

1093 2546 1175 2596 τας]
1217 2548 1310 2585 Add.
1333 2561 1427 2597 quae
1449 2549 1541 2584 infra
1567 2548 1756 2596 leguntur:

1094 2619 1187 2650 τοις
1206 2600 1403 2654 Έλληνας
1435 2599 1565 2654 α’πηκε
1586 2600 1756 2643 άποπλέ-

1095 2674 1173 2708 ειν,-
1204 2661 1304 2709 quod
1323 2661 1371 2698 ad
1382 2661 1495 2697 Cares
1519 2661 1669 2698 loncsve
1687 2674 1757 2711 po-

1096 2718 1274 2754 tissimum
1302 2718 1369 2754 erit
1397 2717 1649 2763 referendum,
1692 2716 1756 2766 qui

1097 2786 1141 2811 ex
1162 2786 1235 2822 quo
1255 2777 1421 2823 tempore
1442 2773 1563 2809 Persis
1582 2786 1621 2811 se
1642 2773 1756 2810 dede-

1096 2834 1197 2875 rant,
1239 2835 1276 2866 et
1302 2829 1474 2866 tributum
1503 2834 1539 2866 et
1561 2830 1685 2880 copias
1707 2829 1754 2866 ad

1097 2885 1270 2930 classem,
1313 2898 1408 2935 quae
1429 2885 1649 2924 Phoenicum
1677 2897 1755 2923 ma-
