1863 3256
470 130 1034 173 MELPOMENE.
1093 132 1153 168 lv.

178 245 349 300 ἐποίησε
361 259 370 268 ·

1372 136 1456 175 347

443 242 564 298 παροὶ
605 241 652 285 δὲ
694 240 843 296 σφέων
888 238 1114 296 μαθόντας
1153 237 1370 295 νησιώτας
1408 257 1453 284 τε
1470 250 1511 282 10

178 315 251 358 καὶ
277 315 456 368 Ἴωνας,
507 311 686 370 ὑμνέειν
718 309 853 355 Ὦιπίν
886 326 931 355 τε
960 311 1032 354 καὶ
1060 309 1247 366 Ἄργην,
1293 307 1455 365 ὀνομά-

149 385 337 439 3ζοντάς
375 402 420 429 τε
459 386 534 429 καὶ
573 384 850 442 ἀγείροντας·
901 377 1057 438 (οὗτος
1087 382 1133 426 δὲ
1164 379 1188 425 ὁ
1215 380 1352 438 Ὠλήν
1381 382 1456 425 καὶ

178 457 283 508 τούς
329 455 491 507 ἄλλους
537 457 643 508 τούς
687 453 904 504 παλαιούς
949 453 1118 510 ὕμνους
1161 454 1358 510 ἐποίησε,
1407 453 1455 497 ἐκ

179 530 346 584 Λυκίης
383 528 550 578 ἐλθών,
599 527 705 578 τούς
743 524 1028 581 ἀειδομένους
1067 525 1115 569 ἐν
1148 524 1330 582 Δῆλον)
1379 525 1453 568 καὶ

175 603 266 642 τῶν
293 601 467 655 μηρίων
495 598 845 655 καταγιζομένων
875 598 944 641 ἐπὶ
973 600 1036 656 τῷ
1065 600 1201 656 βωμῷ
1229 597 1309 653 τήν
1347 602 1507 640 ono-15

120 738 228 783 Quae
248 738 490 777 Schubartum
513 738 535 776 l.
558 737 583 777 l.
614 751 702 789 pag.
732 737 785 778 59

119 800 336 844 moverunt,
383 801 422 833 ut
460 796 570 834 etiam
599 795 785 833 Homerici

119 852 244 902 hymni
283 865 411 891 versus
450 853 529 894 146
547 874 602 880 —
624 850 703 893 164
739 852 787 888 ad

120 909 249 947 Olenis
276 911 353 948 sive
376 910 465 947 alius
488 909 674 946 cuiusdam
697 921 788 959 poe-

120 970 181 1003 tae
200 967 443 1015 antiquissimi
466 978 611 1003 carmen
635 968 682 1003 de
704 966 787 1015 Hy-

121 1024 309 1073 perboreis
325 1024 464 1061 referre
476 1023 597 1060 vellet.
625 1023 684 1060 De
705 1022 786 1072 ipso

124 1079 234 1117 Olene
251 1084 398 1130 praeter
413 1080 512 1117 locos
531 1080 553 1116 l.
570 1080 667 1117 conf.
688 1078 788 1115 Pau-

121 1149 199 1174 san.
219 1136 266 1183 V,
287 1139 314 1176 7
336 1135 373 1187 §.
391 1136 428 1177 4.
459 1135 506 1183 II,
531 1138 583 1177 13
604 1134 640 1186 §
661 1137 687 1176 3
705 1134 787 1172 coll.

121 1192 222 1239 VIII,
250 1195 300 1233 21
329 1192 366 1244 ἓ.
389 1195 414 1233 2
443 1198 479 1230 et
512 1205 607 1242 quae
634 1192 705 1228 alia
729 1204 788 1229 re—

121 1250 322 1287 centiorum
351 1250 488 1300 scripta
515 1251 562 1286 de
583 1248 703 1286 Olene
724 1260 787 1286 ex-

121 1307 210 1344 citat
227 1306 421 1344 Schubart.
449 1319 538 1358 pag.
562 1305 616 1347 59
642 1306 679 1343 in
708 1309 786 1342 not.

121 1362 237 1401 Unde
257 1363 462 1413 colligitur,
493 1363 649 1401 Olenem
671 1363 707 1399 in
726 1362 788 1399 Ili-

119 1419 244 1468 thyiae
265 1420 455 1468 honorem,
475 1433 571 1470 quae
591 1418 789 1467 Latonam,

121 1476 209 1514 dum
228 1475 434 1528 Apollinem
451 1477 685 1526 Dianamque
702 1488 789 1527 par—

121 1534 273 1581 turiret,
304 1534 508 1581 adiuvarit,
550 1545 697 1571 carmen
723 1546 788 1584 pe—

122 1591 260 1641 pigisse
277 1591 428 1640 iureque
445 1591 532 1629 ferri
543 1590 703 1627 omnium
720 1602 787 1626 an·

123 1647 367 1696 tiquissimum
401 1648 583 1686 Graeciae
623 1651 786 1698 poetam,

123 1704 189 1754 qui
235 1716 315 1742 cum
347 1704 487 1742 Phoebi
516 1705 659 1741 dicatur
687 1704 788 1754 prin·

123 1773 214 1811 ceps
234 1761 416 1812 propheta
431 1790 442 1809 ‚
480 1761 618 1812 primus
638 1761 787 1797 omnino

121 1817 236 1855 fuisse
254 1819 445 1865 videatur,
483 1819 544 1868 qui
570 1817 690 1868 prisco
720 1818 787 1854 ad-

122 1874 271 1911 modum
299 1887 390 1913 aevo
416 1874 594 1925 Apollinis
630 1886 658 1914 s,
688 1874 787 1911 Solis

123 1943 227 1968 sacra
257 1944 279 1969 e
307 1932 522 1981 regionibus
549 1931 787 1969 orientalibus

123 1988 201 2025 sive
222 1988 430 2027 borealibus
457 1989 494 2025 in
515 1989 708 2027 Graeciam
732 1989 789 2025 in-

122 2044 268 2092 tulerit,
305 2046 475 2096 adeoque
504 2046 584 2096 ipse
615 2046 788 2083 sacerdos

123 2114 205 2140 cum
221 2103 380 2152 quadam
403 2102 544 2140 colonia
564 2116 592 2140 s.
612 2102 709 2139 tribu
729 2115 788 2139 sa-

123 2159 302 2196 cerdotali
323 2159 519 2198 Graeciam
539 2160 685 2198 adierit.
714 2160 789 2203 Qui

123 2216 222 2253 idem
252 2217 353 2266 quod
370 2216 511 2268 Lycius
538 2221 710 2263 vocatur,
750 2217 789 2254 id

125 2273 347 2311 documento
370 2286 451 2313 esse
476 2274 641 2320 videtur,
667 2285 691 2311 *e
713 2272 790 2322 Ly·

126 2330 182 2366 cia
203 2329 295 2368 haec
323 2343 426 2369 sacra
451 2332 488 2369 in
508 2331 703 2369 Graeciam
733 2331 790 2367 in-

127 2387 296 2425 troducta
330 2400 432 2435 esse3
471 2388 610 2438 quippe
644 2388 717 2437 qua
751 2388 788 2424 in

127 2442 225 2479 terra
252 2445 451 2495 antiquitus
484 2445 653 2482 floruisse
684 2457 789 2482 acce-

128 2498 249 2548 pimus
273 2503 458 2551 puriorem
480 2502 663 2552 quendam
677 2501 790 2552 Apol-

130 2554 211 2592 linis
246 2562 282 2595 et
315 2558 460 2597 Dianae
500 2560 578 2597 sive
614 2558 790 2596 luminum

130 2611 352 2661 coelestium,
374 2615 472 2653 Solis
491 2621 527 2654 et
548 2615 692 2663 Lunae,
717 2616 792 2653 cul-

129 2672 230 2715 tum,
261 2682 370 2718 quem
388 2685 432 2709 ex
445 2672 575 2710 iisdem
595 2673 793 2724 superioris

130 2724 242 2763 Asiae
261 2727 366 2764 terris
383 2727 714 2779 religionibusque,
743 2730 793 2767 ad

131 2796 222 2832 quas
244 2782 477 2834 Hyperborei
504 2798 706 2837 eorumque
736 2798 794 2824 sa-

846 749 907 775 cra
934 737 1042 786 vulgo
1059 737 1294 787 relegantur,
1321 735 1407 774 illuc
1424 749 1511 787 per-

843 795 989 832 venisse
1012 796 1219 845 suspiceris,
1251 795 1302 831 ita
1323 798 1362 833 ut
1381 793 1511 831 Olenis

844 851 958 902 Lycii
985 851 1287 889 commemoratio
1305 851 1343 888 in
1362 851 1513 900 Hyper-

844 909 1040 946 boreorum
1070 909 1181 945 sacris
1213 907 1301 944 nihil
1325 912 1422 945 certe
1446 907 1513 944 ha-

845 966 950 1011 beat,
981 966 1081 1014 quod
1104 965 1282 1002 offendat.
1329 964 1513 1014 Exposuit

845 1023 1018 1061 Creuzer.
1049 1021 1215 1071 Symbol.
1250 1021 1281 1057 lI
1308 1033 1396 1071 pag.
1429 1023 1510 1063 116

844 1091 922 1127 seq.
943 1081 1023 1118 130
1041 1091 1118 1127 seq.
1140 1079 1220 1118 136
1242 1090 1346 1126 seqq.

904 1128 1024 1181 οὗτος
1053 1132 1096 1173 δὲ
1130 1132 1154 1173 ο““
1186 1129 1325 1185 Ὠλήν]
1365 1131 1407 1172 δὲ
1430 1147 1512 1171 cum

844 1191 1052 1240 Schweigh.
1077 1195 1114 1228 et
1137 1190 1255 1227 Gaisf.
1283 1191 1411 1241 scripsi
1443 1203 1512 1241 pro

845 1243 921 1298 δή,
960 1249 1061 1297 quod
1090 1246 1223 1285 Matth.
1251 1247 1413 1285 retinuit.
1471 1247 1514 1284 In

843 1305 1010 1356 proxime
1034 1305 1338 1342 antecedentibus
1369 1298 1515 1354 νησιώ-

844 1377 914 1408 τας
933 1361 1114 1411 intelligit,
1134 1362 1279 1412 opinor,
1299 1361 1437 1398 incolas
1457 1362 1513 1397 in-

844 1419 1004 1456 sularum
1042 1419 1154 1456 maris
1177 1418 1341 1468 Aegaei,
1381 1417 1512 1467 Cycla·

844 1477 954 1523 dum,
987 1476 1212 1526 Sporadum.

902 1530 970 1571 καὶ
1003 1534 1084 1570 τῶν
1120 1532 1277 1583 μηρίων
1307 1532 1511 1584 καταγιζο-

846 1587 977 1641 μένων
1004 1588 1070 1628 ἒπὶ
1098 1592 1156 1643 τῷ
1189 1589 1326 1642 βωμῷ]
1364 1588 1509 1627 Intelli-

845 1648 964 1697 gimus
983 1646 1073 1684 haec
1095 1646 1143 1684 de
1167 1645 1360 1696 femoribus
1380 1647 1420 1683 in
1439 1657 1510 1682 ara

846 1705 1020 1750 crematis,
1050 1716 1206 1753 quorum
1224 1705 1364 1741 cineres
1384 1702 1508 1753 sepul-

844 1773 906 1799 cro
940 1759 1060 1810 Arges
1096 1765 1133 1799 et
1172 1760 1266 1811 Opis
1304 1759 1510 1798 iniecerint.

844 1818 898 1855 Ac
933 1829 1044 1856 nemo
1081 1818 1221 1864 nescit,
1279 1821 1511 1867 quantopere

844 1875 939 1912 inter
969 1875 1067 1911 viros
1098 1875 1229 1912 doctos
1265 1874 1511 1925 disceptatum

845 1931 953 1969 fuerit
970 1932 1019 1970 de
1035 1931 1301 1981 significatione
1320 1931 1418 1968 vocis
1437 1945 1512 1981 μη-

847 1988 968 2039 ρίων,
1009 1993 1129 2026 utrum
1151 1988 1226 2026 scil.
1256 2000 1341 2025 ossa
1369 1992 1513 2024 tantum

845 2045 1058 2093 femoralia,
1099 2058 1147 2082 an
1184 2057 1330 2083 carnem
1363 2057 1514 2094 quoque

846 2102 989 2140 ossibus
1029 2102 1291 2140 adhaerentem
1328 2101 1514 2140 Homerus

846 2159 1074 2197 indicaverit.
1141 2159 1183 2196 In
1215 2159 1289 2208 qua
1324 2158 1514 2209 discepta-

847 2217 948 2254 tione
971 2216 1058 2254 mihi
1089 2215 1209 2267 placet
1228 2215 1408 2254 Nitzschii
1429 2227 1516 2253 sen·

847 2273 962 2311 tentia
1001 2273 1172 2321 (Adnott.
1201 2272 1249 2310 ad
1282 2273 1420 2322 Odyss.
1451 2271 1516 2319 III,

847 2328 931 2372 456
962 2343 1049 2381 pag.
1081 2332 1175 2371 223.
1208 2328 1321 2379 224)
1351 2330 1515 2378 indeque

847 2387 972 2439 μηρία
998 2387 1070 2424 hoc
1097 2399 1248 2437 quoque
1271 2387 1352 2424 loco
1378 2385 1513 2423 intelli-

847 2457 936 2495 gere
955 2444 1078 2482 malim
1101 2449 1225 2496 partes
1242 2457 1263 2482 e
1286 2444 1427 2481 femore
1446 2455 1512 2480 ex·-

848 2505 989 2549 sectas,
1028 2514 1101 2539 una
1139 2514 1220 2539 cum
1252 2500 1396 2538 ossibus
1429 2499 1519 2545 scil„

849 2559 960 2609 adipe
977 2570 1139 2608 quoque,
1162 2559 1192 2595 si
1202 2557 1302 2606 velis,
1314 2558 1513 2594 circumvo-

849 2615 945 2653 lutas
993 2615 1138 2665 diisque
1186 2618 1430 2652 consecratas.
1453 2632 1510 2640 —

849 2667 986 2723 θήκη,
1024 2673 1126 2722 quod
1156 2671 1301 2710 arctiori
1326 2682 1435 2707 sensu
1461 2668 1511 2706 de

851 2729 964 2766 loculo
1002 2741 1032 2766 s.
1062 2742 1151 2765 arca
1178 2728 1328 2773 dicitur,
1371 2725 1428 2762 hic
1457 2724 1511 2762 la-

850 2786 936 2824 tiori
967 2798 1075 2824 sensu
1102 2786 1150 2823 de
1173 2786 1247 2835 ipso
1267 2781 1424 2834 sepulcro
1445 2793 1509 2820 ac-
