1863 3256
449 154 533 192 324
846 152 1314 191 HERODOTI

422 261 599 304 7πίλου.
674 260 869 312 Τούτους
917 261 1061 314 οὐδεὶς
1101 261 1260 306 ἀδικέει
1299 258 1570 315 ἀνθρώπων·
1623 261 1712 315 ἱροὶ

450 329 535 385 γὰρ
557 330 756 385 λέγονται
776 330 904 374 εἶναι·
943 330 1048 374 ου’δὲ
1078 349 1118 375 τι
1149 331 1308 389 ἀρήϊον
1339 331 1475 375 ὅπλον
1505 330 1711 374 ἐκτέαται.

423 401 529 444 8καὶ
558 405 686 444 τοῦτο
718 404 819 456 μὲν,
849 405 962 444 τοῖσι
984 402 1282 455 περιοικέουσι
1310 397 1434 445 οὗτοί
1463 404 1546 445 εἶσι
1574 404 1617 445 οἷ
1639 401 1714 453 τὰς

452 469 670 526 διαφορὰς
716 469 1000 523 διαιρέοντες·
1058 475 1190 515 τοῦτο
1229 473 1300 522 δὲ,
1355 472 1403 524 ὃς
1442 472 1496 516 ἂν
1536 471 1768 528 φεύγων65

452 540 684 596 καταφύγῃ
717 540 760 590 ἐς
794 540 1001 592 τούτους,
1038 540 1118 586 ὑπ’
1151 542 1335 595 οὐδενός
1364 542 1590 587 α’δικέεται.
1640 541 1712 586 οὔ-

453 627 569 666 νομα
599 610 644 653 δέ
675 611 754 665 σφί
786 609 877 654 ἐστι
901 609 1186 667 Ἀργιππαῖοι.

395 870 567 907 ditiorem
585 872 696 918 atque
712 867 924 918 ampliorem
943 868 1058 906 videri

394 928 520 973 fuisse,
550 929 590 962 ut
610 938 703 975 quae
723 937 811 962 sane
830 929 908 961 tum
927 925 1058 962 iisdem

396 984 506 1030 locis,
543 983 579 1018 in
601 983 731 1031 quibus
766 994 859 1017 nunc
880 986 1058 1027 versetur,

399 1052 479 1077 cum
501 1039 673 1076 armentis
694 1038 769 1074 suis
793 1036 915 1087 palata
939 1038 1058 1075 suerit.

458 1121 536 1174 ἱροὶ
579 1118 653 1174 γάρ
701 1119 880 1174 λέγονται
928 1117 1057 1170 εἶναι]

402 1180 558 1230 Propter
585 1179 674 1216 haec
697 1179 808 1215 verba
830 1178 1058 1227 potissimum

399 1236 633 1286 Argippaeos
661 1247 728 1284 pro
767 1235 862 1270 tribu
891 1235 1060 1271 sacerdo-

400 1292 466 1329 tali
498 1292 622 1328 Indica
659 1291 785 1327 haberi
815 1289 892 1326 vult
925 1291 1058 1327 Ritter.

400 1349 423 1386 l.
442 1348 464 1385 l.
510 1347 559 1384 Et
587 1360 676 1384 sane
704 1347 771 1384 hoc
799 1359 843 1383 ex
865 1346 943 1383 loco
967 1360 1058 1395 quo-

401 1405 596 1442 dammodo
622 1403 745 1451 colligi
773 1415 882 1453 posse
913 1404 1058 1440 videtur

399 1461 586 1499 Heerenio
616 1459 638 1496 l.
659 1458 682 1495 l.
711 1472 747 1509 p.
765 1461 867 1506 312,
903 1459 1057 1496 valuisse

399 1517 484 1554 olim
511 1516 630 1565 gentis
657 1516 842 1563 quandam
869 1528 936 1565 per
965 1515 1057 1552 clas-

375 1581 459 1610 'ses
499 1573 574 1609 sive
603 1572 715 1608 tribus
747 1572 913 1618 (Casten
947 1571 1057 1619 vulgo

399 1627 613 1680 appellant)
644 1627 946 1678 descriptionem,
987 1627 1059 1663 Ar·-

399 1687 654 1736 gippaeosque
703 1684 796 1722 inter
841 1684 1056 1720 Calmuccos

401 1743 476 1778 sive
512 1739 712 1788 Mongolos
750 1754 816 1791 pro
854 1740 1059 1777 istiusmodi

398 1798 495 1835 tribu
514 1796 754 1844 sacerdotali,
784 1809 873 1847 prae
907 1797 1058 1834 caeteris

399 1854 533 1903 insigni
572 1853 731 1902 indeque
763 1853 872 1890 etiam
901 1854 949 1890 ad
977 1853 1058 1890 lites

400 1910 622 1948 dirimendas
661 1909 827 1946 adhibita
871 1909 1060 1946 habendos

403 1979 495 2004 esse.
553 1966 612 2002 Ad
629 1965 802 2002 Sinenses
818 1965 887 2002 hoc
902 1979 1062 2015 quoque,

400 2028 440 2060 ut
470 2022 608 2071 reliqua
639 2023 716 2060 fere
757 2022 901 2068 omnia,
949 2023 1062 2059 refert

398 2079 456 2116 De
478 2079 646 2128 Guignes
675 2078 697 2114 l.
717 2079 739 2115 1.
772 2090 856 2129 pag.
878 2078 960 2120 554
983 2091 1061 2127 seq.

457 2162 498 2200 οἷ
525 2158 596 2209 τοὶς
632 2159 831 2214 διαφοροῖς
865 2161 1060 2213 διαιρέον-

398 2218 475 2267 τες]
508 2219 530 2255 i.
555 2232 586 2256 e.
614 2220 642 2255 ii
663 2223 767 2264 sunt,
811 2220 1059 2270 quifim'tz'mo-

402 2287 481 2311 rum
504 2275 582 2311 lites
602 2276 774 2311 dirimunt
802 2279 973 2324 tanquam
999 2289 1060 2312 ar-

403 2332 498 2367 bitri.
568 2331 629 2367 Sic
666 2332 858 2381 διαιρεῖν,
906 2337 1060 2369 notante

402 2386 603 2434 Valcken.,
647 2387 683 2423 in
714 2387 850 2424 Polluc.
881 2388 987 2434 vill,
1020 2390 1060 2434 8,

400 2441 693 2492 Aristoph.Ran.
716 2445 836 2489 1132,
855 2443 950 2480 alibi.
983 2443 1061 2480 Ta-

401 2499 454 2537 les
473 2504 594 2536 autem
612 2499 667 2535 hic
692 2498 771 2536 lites
801 2499 1057 2548 intelligendas

403 2567 485 2593 esse
506 2555 615 2592 docet
638 2555 797 2592 Heeren.
820 2555 841 2592 1.
861 2555 882 2592 1.
906 2569 941 2606 p.
961 2558 1056 2602 312,

400 2610 522 2660 quales
549 2612 585 2647 in
611 2612 788 2648 mercibus
808 2613 1057 2662 permutandis

399 2668 493 2705 inter
523 2672 651 2716 gentes
687 2672 912 2705 mercaturae
949 2681 1058 2704 causa

399 2725 626 2761 confluentes
660 2722 775 2774 (conf.
804 2728 896 2760 nott.
925 2725 972 2761 ad
994 2724 1056 2771 lv,

399 2780 474 2829 24)
495 2781 578 2817 oriri
598 2780 750 2818 soleant.
809 2780 946 2817 Vocem
973 2781 1057 2819 δια-

329 687 395 732 24
603 678 746 736 Μέχρι
802 681 882 737 μέν
938 699 1024 726 νυν
1078 687 1167 727 τῶν
1224 689 1465 740 φαλακρῶν
1522 684 1712 735 τούτων,

1116 867 1248 921 φοράν
1292 870 1374 907 hinc
1410 870 1559 917 laudat,
1601 873 1771 908 monente

1118 927 1196 974 Cr„
1219 927 1359 963 Coraes
1383 927 1430 963 ad
1451 925 1589 965 Aelian.
1608 926 1773 973 V.H.11,

1116 986 1166 1023 21
1187 995 1272 1033 pag.
1297 983 1391 1023 293-

1173 1063 1215 1113 ὃς
1252 1061 1303 1104 ἂν
1340 1062 1503 1117 φεύγων
1536 1061 1768 1120 καταφύγῃ]

1116 1122 1187 1159 Pro
1216 1118 1478 1174 καταφεύγων
1507 1136 1587 1160 cum
1618 1127 1773 1160 recentt.

1116 1180 1201 1216 dedi
1233 1175 1418 1230 φεύγων,
1457 1181 1556 1228 quod
1588 1179 1773 1216 Sancrosti

1115 1236 1205 1273 liber
1228 1248 1319 1272 unus
1349 1236 1593 1284 suggerebat,
1632 1235 1772 1272 dudum

1115 1292 1318 1329 iubentibus
1336 1292 1509 1329 Valcken.
1542 1296 1579 1329 et
1605 1291 1771 1328 Porsono

1116 1349 1164 1385 ad
1178 1348 1343 1397 Euripid.
1363 1348 1688 1393 Phoeniss.1231‚
1709 1347 1773 1384 ubi

1114 1405 1167 1440 vir
1186 1405 1313 1440 doctus
1335 1404 1424 1440 alios
1455 1403 1576 1441 attulit
1596 1404 1694 1441 locos
1721 1404 1773 1440 si-

1116 1460 1216 1497 miles
1229 1489 1240 1507 ,
1269 1461 1307 1496 in
1327 1461 1458 1509 quibus
1479 1461 1588 1498 verbo
1608 1459 1773 1510 simplici,

1114 1530 1186 1566 quo
1206 1521 1357 1553 conatus
1378 1518 1571 1561 indicatur,
1591 1517 1771 1553 adiectum

1114 1574 1291 1623 reperitur
1315 1574 1569 1623 compositum,
1600 1572 1772 1610 effectum

1114 1635 1412 1666 commonstrans.
1474 1629 1575 1666 Infra
1604 1629 1660 1676 V,
1694 1628 1771 1668 95:

1115 1681 1229 1732 αὐτὸς
1249 1684 1320 1736 μὲν
1338 1681 1500 1737 φεύγων
1518 1679 1715 1737 ἐκφεύγει.

1173 1766 1326 1818 ούνομα
1351 1767 1392 1808 δέ
1419 1769 1492 1819 σφί
1512 1768 1592 1808 ἔστι
1611 1764 1773 1820 Ἀργιπ-

1116 1826 1241 1875 παῖοι]
1264 1826 1347 1864 Duo
1367 1827 1473 1864 codd.
1488 1821 1771 1893 Ὀρμεμπαῐοι,

1117 1883 1302 1920 Zenobius
1321 1883 1429 1919 Prov.
1453 1883 1498 1929 Υ,
1523 1882 1576 1924 25
1598 1876 1773 1933 Ὀργιέμ-

1117 1953 1229 1987 πεοις
1275 1938 1374 1987 quod
1409 1939 1605 1988 genuinum
1640 1949 1773 1975 nomen

1117 2008 1199 2034 esse
1226 2007 1366 2044 negans
1393 1996 1574 2032 Gatterer.
1607 1994 1772 2042 (Comm.

1119 2052 1243 2088 societ.
1265 2052 1368 2088 Gott.
1388 2051 1475 2088 XlV
1503 2064 1538 2101 p.
1566 2052 1655 2100 13),
1692 2062 1772 2088 eum

1116 2107 1244 2158 populi
1269 2112 1390 2145 tamen
1416 2120 1516 2145 more
1537 2107 1603 2144 sub
1628 2106 1773 2144 arbori-

1117 2165 1183 2201 bus
1205 2164 1348 2202 vivendi
1375 2164 1566 2202 convenire
1583 2164 1656 2208 ait,
1693 2175 1773 2200 cum

1117 2221 1228 2257 arbor
1255 2221 1354 2271 apud
1384 2219 1593 2258 Calmuccos
1624 2223 1773 2256 vocetur

1122 2276 1249 2325 Urga3
1287 2281 1327 2313 ut
1354 2289 1442 2313 sane
1465 2276 1710 2325 Orgiempaei,
1742 2287 1772 2310 s.

1121 2332 1368 2381 Urgiempaei,
1399 2334 1420 2369 i.
1444 2346 1475 2369 e.
1497 2332 1563 2368 sub
1583 2331 1772 2368 arboribus

1117 2390 1296 2438 degentes
1318 2389 1414 2425 haud
1431 2387 1524 2425 male
1542 2388 1611 2424 dici
1634 2391 1773 2436 queant

1117 2445 1323 2490 Calmucci,
1353 2457 1503 2493 quorum
1527 2445 1684 2492 tuguria,
1714 2455 1773 2479 ar-

1114 2501 1303 2537 tificiosius
1320 2501 1483 2549 quamvis
1498 2504 1691 2547 exstructa,
1707 2500 1774 2536 mi-

1116 2557 1212 2593 nime
1233 2561 1356 2593 tamen
1376 2557 1422 2593 ab
1445 2556 1772 2606 Orgiempaeorum

1115 2614 1258 2650 ratione
1271 2613 1459 2649 habitandi
1472 2612 1653 2650 differant.
1664 2612 1773 2662 Apud

1115 2668 1247 2706 Melam
1269 2668 1290 2704 l.
1312 2669 1332 2705 l.
1356 2670 1522 2706 dicuntur
1542 2668 1771 2719 Arymphaei,

1114 2726 1211 2774 apud
1248 2725 1401 2762 Plinium
1433 2725 1453 2763 l.
1487 2724 1508 2761 Ι.
1552 2724 1768 2776 Arimphaei.

1114 2781 1294 2830 Equidem
1317 2780 1365 2817 nil
1389 2782 1566 2819 discerno.
