1863 3256
125 370 189 389 rum
208 360 336 388 conlinio

90 404 173 423 mnus
197 396 276 422 Atia*
284 417 293 429 ,
320 402 369 424 co-

90 431 191 458 lumna
208 431 295 458 caeli.

425 251 510 290 606

422 355 675 414 Ἀτοῖραντες
686 377 694 384 ·

824 248 1302 290 HERODOTI

755 360 799 403 οἷ
845 357 1067 412 ἀνώνυμοί
1116 356 1196 399 εἰσι
1236 361 1394 412 μοῦνοι
1434 358 1685 411 ἀνθρώπων

394 433 512 472 Ξτῶν
541 429 662 485 ἡμεῖς
692 433 828 486 ἴδμεν.
885 426 1005 470 ἁλέσι
1035 427 1113 482 μὲν
1145 426 1229 482 γάρ
1262 431 1341 484 σφί
1369 429 1457 472 ἐστι
1481 428 1686 485 Ἀτάραν-

419 516 487 550 τες
531 500 723 556 οὔνομα,
770 499 832 542 ἑνὶ
876 499 922 541 δὲ
963 496 1128 554 ἑκάστῳ
1167 497 1314 541 αὐτῶν
1352 498 1522 555 οὔνομα
1553 501 1684 544 οὐδὲν

389 571 572 614 3κέεται.
631 565 752 612 οὗτοι
790 572 851 625 τῷ
889 567 999 626 ἡλίῳ
1031 567 1347 624 ὑπερβάλλοντι
1375 570 1684 626 καταρὲωνται,

507 748 615 798 cap.
645 746 879 784 cmxxiv.

419 800 676 855 Ἀτάραντες]
746 804 882 841 Omnes
944 802 1026 840 libri

352 859 585 907 ’'Arkcavtfg,
621 861 718 909 quod
744 873 821 896 cum
843 864 939 896 stare
962 873 1027 897 ne-

364 922 487 967 queat,
518 917 670 954 Salmas.
694 917 730 952 in
750 916 861 952 Solin.
886 930 921 965 p.
942 918 1026 956 292

365 974 574 1012 emendavit
597 968 828 1023 Ἀτάραντες
844 973 976 1009 Rhiani
1005 986 1026 1010 e

366 1031 487 1067 verbis
508 1030 608 1079 apud
627 1028 795 1065 Eustath.
816 1030 852 1065 in
872 1028 1025 1078 Dionys.

366 1087 512 1134 Perieg.
554 1088 606 1125 66
657 1085 735 1121 coll.
783 1085 944 1121 Stobaeo
979 1085 1025 1122 T.

365 1142 489 1181 XLIV
517 1155 553 1191 p.
579 1144 659 1182 293
702 1141 748 1178 T.
775 1140 807 1176 ll
833 1154 918 1191 pag.
943 1143 1039 1182 226.

367 1212 446 1247 seq.
486 1198 602 1234 Gaiss.
633 1202 670 1235 et
700 1197 812 1236 Orell.
838 1198 1026 1248 Supplem.

365 1259 457 1292 nott.
487 1255 524 1290 in
554 1253 674 1292 Nicol.
693 1253 910 1291 Damascen.
940 1267 1024 1304 pag.

363 1313 445 1356 783
503 1324 598 1359 quae
630 1310 837 1347 emendatio
873 1323 952 1347 cum
987 1314 1025 1347 et

363 1367 630 1405 Valckenaerio
662 1370 699 1403 et
725 1366 802 1402 aliis
831 1367 916 1402 satis
938 1379 1024 1416 pro-

363 1424 451 1461 bata
468 1427 576 1466 esset,
596 1435 662 1458 nos
678 1435 758 1459 curn
778 1423 860 1459 edd.
872 1426 1024 1459 recentt.

312 1492 315 1496 ’
364 1492 445 1517 eam
475 1479 685 1528 recepimus.
731 1478 893 1515 Eosdem
914 1483 1024 1526 atque

360 1535 650 1574 Hammam‘entes
675 1535 776 1583 apud
797 1534 888 1571 Plin.
909 1534 958 1570 H.
979 1533 1024 1570 N.

359 1593 407 1638 V,
429 1592 453 1632 5
477 1604 558 1628 esse
578 1592 682 1641 ponit
700 1590 854 1627 Rennel.
870 1604 908 1640 p.
930 1592 1024 1631 672.

360 1647 410 1686 At
444 1647 629 1697 pertinent
657 1647 777 1697 potius
804 1646 896 1693 huc,
929 1659 1025 1695 quae

364 1705 412 1741 de
438 1704 646 1740 Atlantz'bus
672 1704 769 1740 idem
792 1703 951 1749 Plinius,
982 1714 1027 1740 ex

363 1760 580 1808 Herodoto,
605 1760 752 1809 opinor,
783 1763 948 1805 enarrat,
976 1758 1026 1796 H.

363 1815 414 1854 N.
448 1817 504 1862 V,
536 1818 560 1855 8
588 1816 667 1852 coll.
696 1816 782 1853 Mel.
804 1816 843 1863 I,
873 1817 898 1856 8
929 1814 966 1866 §.
987 1814 1026 1862 5,

364 1873 427 1909 ubi
474 1873 546 1909 vid.
588 1872 804 1909 Tzschucke
852 1873 889 1908 in
933 1876 1025 1908 nott.

364 1942 494 1978 exegg.
528 1928 608 1965 Vol.
638 1929 685 1965 lll
714 1929 753 1965 P.
789 1929 911 1978 lpag.
931 1927 1025 1968 224.

364 1985 462 2022 Add.
476 1984 689 2033 Castiglioni
702 1985 890 2031 (Mc-mair.
900 1997 1027 2033 geogr.

366 2045 406 2079 et
433 2042 599 2078 numism.
623 2055 684 2078 sur
703 2041 723 2077 l.
743 2046 836 2091 part.
861 2041 1025 2078 oriental.

366 2098 415 2135 de
466 2098 500 2134 la
551 2098 701 2134 Barbar.
754 2100 860 2138 1826
909 2097 1026 2143 Paris,

366 2166 474 2202 quem
502 2153 630 2190 librum
656 2155 820 2190 novimus
850 2166 893 2190 ex
910 2153 1024 2189 Iahnii

365 2209 508 2246 Annall.
538 2210 622 2246 Vlll
653 2223 681 2247 s.
710 2210 778 2256 lll,
808 2212 833 2249 2
864 2223 899 2260 p.
921 2211 1023 2257 282)

367 2267 430 2314 qui
453 2265 619 2303 Atlantes
650 2271 686 2304 et
715 2266 912 2304 Atarantes
942 2278 1024 2303 eos-

364 2323 449 2358 dem
481 2335 562 2360 esse
583 2323 791 2369 contendit,
822 2335 948 2359 vocum
968 2322 1026 2358 ‹li-

363 2379 537 2415 versitate
578 2383 656 2415 orta
693 2392 735 2416 ex
768 2380 911 2417 diverso
937 2391 1024 2429 pro-

359 2435 550 2470 nuntiandi
563 2436 684 2470 modo.
700 2435 883 2472 Heerenio
896 2436 1025 2483 (ldeen

360 2489 416 2535 ll,
450 2492 469 2529 l
503 2503 537 2539 p-
558 2492 657 2536 239)
689 2490 904 2528 Atarantum
934 2504 1024 2539 gens

361 2545 503 2582 videtur
546 2545 757 2582 collocanda
797 2547 832 2583 in
873 2548 1026 2595 regione

362 2614 479 2653 prope
497 2600 666 2650 Tegerry
680 2630 690 2646 ‚
717 2615 811 2649 quae
831 2607 886 2639 est
903 2607 1024 2639 extre-

366 2670 426 2695 ma
447 2658 532 2693 urbs
551 2663 668 2694 terrae
680 2657 827 2693 Fezzan
848 2659 914 2694 sub
936 2656 1025 2704 24⁰,

365 2709 403 2753 4'
442 2713 582 2750 latitud.
631 2714 787 2761 horeat,
836 2714 916 2760 ubi,
962 2714 1024 2763 qui

367 2770 513 2806 deserta
540 2774 770 2820 permeantes
799 2783 821 2807 a
840 2770 964 2806 Bornu
993 2783 1023 2806 s,

367 2837 391 2862 a
418 2826 545 2862 b'udan
577 2827 815 2874 advenerint,
861 2826 1024 2875 quictem

368 2893 412 2919 ac
435 2883 696 2921 recreationem
720 2883 860 2922 soleant
877 2896 1023 2934 capere.

1082 746 1167 797 Ipsa
1192 748 1293 796 regio
1326 760 1455 797 parum
1485 748 1580 785 culta
1599 748 1740 796 dicitur,

1083 817 1177 852 aqua
1199 804 1273 841 sale
1291 810 1470 854 corrupta.
1503 806 1611 848 Quod
1629 806 1741 841 inter-

1082 860 1213 896 vallum
1245 864 1302 897 est
1330 872 1352 896 a
1379 860 1485 897 Zuila
1514 861 1621 907 urbe,
1660 874 1687 897 s.
1717 873 1740 897 a.

1085 916 1347 952 Garamantum
1373 917 1545 964 regione,
1585 917 1621 952 id
1647 917 1741 954 bene

1083 976 1164 1008 octo
1195 972 1321 1008 diebus
1346 973 1473 1009 confici
1505 984 1615 1023 posse
1643 973 1742 1011 idem

1082 1029 1253 1065 observat
1271 1029 1430 1065 Heeren.

1141 1084 1181 1122 οἳ
1206 1079 1413 1133 οἷνώνυμοί
1442 1083 1518 1122 εἰσι
1541 1085 1687 1134 μοῦνοι
1704 1098 1741 1122 κ.

1082 1154 1117 1178 τ.
1140 1138 1198 1190 λ.]
1229 1141 1366 1177 Eadem
1389 1140 1524 1177 Plinius
1556 1141 1576 1177 l.
1599 1142 1621 1178 l.
1643 1140 1743 1178 Mela

1082 1196 1112 1243 l,
1143 1200 1181 1241 8,
1213 1196 1278 1236 43.
1317 1196 1529 1233 Eustathius
1549 1196 1569 1233 1.
1587 1197 1607 1233 l.
1640 1196 1742 1244 (coll.

1082 1254 1130 1289 ad
1158 1254 1293 1301 Odyss.
1319 1248 1361 1290 θ’
1392 1266 1428 1302 p.
1455 1255 1562 1293 1609
1589 1266 1617 1290 5.
1645 1255 1742 1299 327,

1082 1308 1155 1358 41)
1187 1310 1366 1346 Stobaeus
1387 1315 1409 1345 l.
1425 1309 1448 1345 l.
1478 1309 1621 1347 Eadem
1644 1309 1743 1359 apud

1082 1365 1219 1401 incolas
1252 1365 1411 1413 regionis
1442 1366 1568 1402 Bornu
1602 1366 1669 1402 hoc
1704 1367 1743 1401 in

1081 1426 1199 1457 tractu
1225 1421 1404 1457 interioris
1428 1421 1573 1458 Africae
1598 1422 1744 1458 obtine-

1081 1490 1121 1514 re
1143 1477 1279 1523 scribit,
1300 1481 1396 1514 teste
1414 1477 1572 1514 Heeren.
1595 1477 1639 1525 ll,
1660 1480 1681 1518 1
1704 1490 1743 1528 p.

1082 1532 1164 1573 240
1196 1546 1294 1581 seq„
1324 1532 1404 1569 Leo
1436 1533 1625 1569 Africanus
1659 1545 1741 1570 eam

1082 1588 1274 1626 subiiciens
1291 1601 1433 1625 causam
1449 1617 1462 1633 ,
1492 1590 1589 1638 quod
1610 1589 1742 1638 singuli

1082 1658 1105 1682 a
1128 1658 1193 1681 sua
1219 1646 1355 1694 quique
1377 1644 1499 1682 indole
1520 1657 1551 1682 v,
1571 1658 1601 1682 c,
1623 1657 1644 1682 a
1662 1645 1742 1682 lon-

1083 1702 1272 1750 gitudine,
1327 1701 1590 1750 crassitudine,
1647 1701 1742 1749 aliis,

1082 1758 1298 1805 cognomina
1333 1757 1531 1795 inveniant.
1597 1757 1740 1801 Quibus

1082 1815 1187 1851 addit
1215 1814 1257 1851 L.
1288 1814 1434 1851 Marcus
1465 1814 1533 1861 (ad
1552 1813 1658 1850 Plinii
1681 1814 1741 1850 lo-

1083 1871 1183 1918 cum)
1206 1869 1357 1907 similem
1377 1882 1526 1916 moreni,
1548 1874 1643 1907 toste
1658 1869 1741 1907 Salt

1081 1926 1203 1974 Anglo
1244 1927 1543 1977 peregdnatore,
1588 1926 1741 1963 inveniri

1083 1983 1182 2032 apud
1205 1984 1384 2031 quasdam
1404 1982 1599 2030 Nigrorum
1626 1982 1739 2019 tribus

1083 2039 1129 2076 ab
1154 2040 1343 2076 occidente
1360 2044 1396 2076 et
1419 2039 1568 2076 meridie
1590 2038 1742 2086 Abyssi-

1082 2096 1164 2132 niae
1191 2095 1415 2140 habitantes3
1454 2096 1616 2144 itemque
1639 2095 1740 2144 apud

1082 2152 1259 2201 quasdam
1289 2156 1416 2200 gentes
1438 2150 1576 2188 insulae
1595 2151 1743 2201 Tapro-

1082 2208 1194 2245 banes
1235 2211 1274 2245 et
1314 2208 1363 2245 ad
1402 2207 1542 2257 Gangis
1586 2207 1742 2256 Indique

1081 2265 1190 2315 ripas.

1137 2314 1251 2358 οὗτοι
1269 2320 1327 2373 τῷ
1338 2316 1437 2369 ἡλίῳ
1452 2313 1742 2368 ὑπερβάλλοντι

1081 2374 1370 2427 καταρέωνται]
1400 2377 1410 2411 i
1427 2388 1458 2412 e.
1480 2374 1595 2411 Solem
1614 2376 1744 2424 capiti-

1083 2434 1145 2470 bus
1185 2435 1338 2482 ipsorum
1376 2432 1603 2467 inenu'nenemn
1644 2444 1742 2467 exse-

1082 2493 1242 2528 crantur.
1284 2488 1335 2524 lta
1354 2488 1556 2535 Schweigll.
1592 2487 1639 2523 At
1662 2500 1743 2523 mo-

1082 2551 1192 2582 nente
1214 2544 1366 2581 Salmas.
1393 2544 1440 2579 ad
1457 2544 1572 2579 Solin.
1601 2557 1636 2593 p.
1659 2544 1743 2584 292

1082 2602 1251 2649 ambigue
1272 2600 1360 2637 haec
1379 2599 1648 2648 quodammodo
1659 2602 1743 2635 sunt

1081 2658 1192 2703 dicta,
1213 2669 1291 2693 eum
1314 2655 1367 2692 sol
1389 2668 1499 2706 snpra
1516 2655 1746 2705 hemisphae-

1080 2714 1172 2750 rium
1209 2725 1247 2750 se
1277 2725 1448 2749 exserens
1479 2717 1517 2749 et
1546 2712 1742 2749 ostendens

1079 2766 1339 2820 ὑπερβάλλων
1384 2769 1453 2805 dici
1497 2772 1629 2817 queat,
1673 2779 1741 2804 nec

1080 2827 1196 2863 minus
1209 2855 1220 2872 ‚
1251 2825 1398 2874 quando
1430 2837 1538 2875 super
1558 2825 1655 2874 ipsos
1674 2823 1742 2859 ho-

1079 2884 1194 2922 miues
1231 2882 1360 2920 transit
1396 2886 1435 2920 et
1463 2893 1605 2919 cursum
1636 2890 1741 2917 suum
1800 2931 1803 2934 ῃ
