1863 3256
419 232 504 271 586

818 234 1285 272 HERODOT!

389 339 503 394 Ξράς
541 340 751 395 φορέουσι
790 342 1088 396 προβλήματα.
1150 339 1222 384 διὰ
1263 340 1307 383 δὲ
1346 339 1492 383 αὐτῶν
1532 344 1732 392 Κίυυψ75

415 411 608 466 ποταμὸς
646 414 758 467 ῥέων
795 412 842 454 ἐκ
881 412 1027 466 λόφου
1064 413 1332 467 καλευμένου
1370 414 1594 466 Χαρίτων,
1636 414 1678 464 ἐς

358 565 443 608 ταῖς
492 563 627 612 δοραῖς
676 562 754 598 τῶν
806 563 1018 611 στρουθῶν

361 617 651 662 σκεπασθὲντες
684 616 926 654 struthionum
956 631 1019 655 ve-

361 679 486 712 natum
517 677 706 719 exercent,
747 673 879 710 Strabo
908 679 1019 711 testa-

361 736 420 767 tur
440 730 524 766 XV!
559 742 593 778 p.
616 730 699 769 772
717 728 760 766 Β.
791 742 820 765 s.
843 732 950 770 1117
972 731 1015 768 C.

361 786 440 824 coll.
461 784 594 821 Polluc.
618 784 647 830 l,
668 786 771 832 138,
801 786 862 835 qui
877 786 1016 823 Arabes

359 841 599 878 struthionum
625 841 799 892 pellibus,
831 842 1016 880 thoracum

358 902 395 935 et
435 902 616 934 scutorum
662 898 739 935 vice
784 898 836 935 uti
885 899 1015 936 scribit.

357 954 455 990 Sunt
472 966 557 991 vero
578 952 771 1005 στρουθοὶ
794 949 1016 1005 κατάγαιοι,

356 1023 423 1047 nec
442 1010 510 1047 hoc
528 1009 607 1046 loeo
629 1023 696 1048 nec
716 1010 780 1057 lv,
813 1012 893 1052 192
922 1017 1015 1048 stru—

354 1066 499 1103 thiones
535 1067 754 1104 subterranei
787 1067 857 1114 (ut
886 1066 1013 1105 Vallae

354 1122 508 1173 placuit)
521 1152 530 1170 ,
571 1125 636 1161 sed
678 1127 873 1170 terrestres,
924 1138 1012 1173 ’χερ-

354 1183 480 1225 σαῖοι,
511 1184 551 1216 ut
568 1180 618 1217 ait
637 1179 777 1218 Aelian.
797 1179 844 1218 N.
857 1179 897 1216 A.
910 1181 1012 1228 xlv,

355 1237 406 1276 13
431 1236 507 1273 coll.
531 1236 582 1280 ll,
613 1238 667 1276 27
698 1238 778 1283 (ubi
813 1234 1011 1287 στρουθός

353 1288 524 1344 μεγάλη)
550 1298 588 1330 et
611 1293 797 1333 Aristotel.
822 1293 880 1331 De
901 1299 1010 1343 partt.

350 1348 517 1386 Animall.
540 1349 601 1397 IV,
634 1348 683 1388 14
709 1350 791 1397 (ubi
814 1346 1010 1401 στρουθὸς

351 1402 564 1455 Λιβυκός).
617 1404 788 1454 Namque
812 1403 1010 1457 στρουθὸς

308 1494 311 1499 .
350 1461 464 1498 solum
504 1461 651 1510 quando
691 1463 860 1512 ponitur,
910 1463 1010 1500 nulla

349 1518 419 1554 alia
442 1531 529 1555 voce
545 1518 711 1564 adiecta,
737 1531 909 1567 passerem
927 1532 1008 1556 cum

348 1574 459 1623 vulgo
480 1575 669 1623 designet,
700 1576 761 1611 ubi
779 1576 933 1612 struthio
954 1576 1009 1611 in-

348 1630 539 1679 telligitur,
570 1630 784 1680 plerumque
805 1645 873 1669 vox
893 1645 1008 1681 quae-

348 1687 432 1724 dam
464 1687 636 1723 adiuncta
663 1688 861 1737 reperitur,
904 1692 943 1725 ut
970 1689 1006 1724 in

347 1743 435 1780 locis
455 1743 571 1780 allatis
592 1743 764 1793 aliisque3
786 1746 902 1782 rarius
920 1746 1007 1782 sim-

346 1799 492 1850 pliciter
512 1800 671 1849 positum
687 1801 849 1838 invenias
868 1814 1004 1850 στρου-

348 1853 451 1904 θόν,
489 1862 530 1893 ut
559 1858 595 1893 in
615 1856 798 1907 Aristoph.
818 1857 887 1895 AV.
910 1858 1003 1898 874.

347 1912 502 1950 Acharn.
527 1913 647 1954 1105.
695 1913 804 1951 Plura
829 1914 1003 1953 Bochart.

346 1969 496 2006 Hieroz.
522 1968 598 2006 P.1
623 1969 702 2007 Lib.
725 1969 759 2006 11
788 1983 868 2020 cap.
895 1971 945 2011 14
967 1984 1003 2020 p.

346 2028 426 2067 221
448 2025 526 2063 coll.
552 2025 600 2063 N.
644 2026 772 2063 Heius.
802 2028 850 2064 ad
882 2028 1003 2064 Carm.

345 2083 391 2119 de
414 2081 584 2119 Phoenic.
607 2082 698 2122 145.
737 2083 834 2121 Hinc
853 2083 1003 2121 Tertul-

343 2137 424 2176 lian.
443 2138 599 2177 Veland.
619 2139 720 2188 Virg.
745 2142 814 2179 16:
849 2140 1003 2187 „bestia

343 2195 458 2244 magis
479 2209 589 2244 quam
606 2196 681 2232 avis
698 2196 779 2233 licet
799 2197 1002 2247 pennata.“

400 2249 466 2290 δια
491 2249 533 2289 δὲ
559 2247 693 2290 αὐτῶν
717 2253 858 2302 Κῖνυψ
882 2268 1000 2291 ποτα-

342 2305 440 2357 μός]
484 2309 617 2359 Cinyps
645 2309 774 2346 ssuvius
805 2309 1002 2360 pulcherri-

341 2376 435 2400 mam
470 2366 656 2413 regionem
686 2368 870 2415 perfluens
903 2379 1002 2403 com-

341 2426 560 2457 memoratur
608 2422 701 2458 infra
744 2435 891 2471 quoque
935 2422 997 2468 IV,

344 2477 434 2517 198.
472 2477 524 2523 V,
553 2477 619 2516 42.
659 2478 797 2526 Scylac.
821 2491 907 2528 pag.
931 2479 998 2519 47.

341 2532 462 2569 Huds.
480 2546 566 2582 pag.
586 2535 668 2574 312
698 2534 756 2570 ed.
777 2534 886 2571 Gailii
917 2535 1000 2583 (qui

341 2589 437 2626 idem
456 2601 541 2639 pag.
564 2588 643 2629 516
672 2591 825 2626 conferri
854 2589 929 2626 vult
951 2592 998 2628 de

342 2645 410 2682 hoc
427 2646 536 2682 ssuvio
558 2645 583 2682 l.
605 2645 649 2682 Β.
673 2645 769 2682 Gail.
798 2646 853 2683 Le
879 2646 996 2695 philo-

341 2701 413 2750 log.
431 2702 482 2738 Xl
503 2715 538 2752 p.
555 2703 605 2742 31
626 2706 702 2739 not.
725 2704 760 2742 1.
791 2701 994 2738 'l‘zschuck.

341 2759 389 2795 ad
410 2758 497 2796 Mel.
526 2758 559 2804 l,
590 2761 639 2806 7,
676 2758 711 2798 5.
760 2758 838 2797 Vol.
861 2758 893 2794 ll
918 2758 993 2795 1‘.1

341 2819 434 2851 nott.
453 2815 546 2852 critt.
571 2827 657 2864 pag.
679 2813 760 2856 264
779 2827 882 2864 seqq.
911 2814 992 2851 Vol.

341 2871 389 2907 ΙΙΙ
415 2871 455 2907 Ρ.
482 2873 490 2907 Ι
524 2875 615 2908 nott.
647 2884 777 2920 exegg.
808 2885 844 2922 p.
883 2873 991 2919 190).

1075 563 1244 599 Strabon.
1267 560 1367 597 XVlI
1388 575 1471 611 pag.
1494 563 1575 603 835
1597 578 1624 601 S.
1646 578 1732 614 pag.

1077 620 1184 659 1192
1205 619 1248 654 A.
1270 617 1347 654 coll.
1368 618 1460 656 Plin.
1484 620 1533 656 H.
1555 620 1603 656 N.
1626 620 1670 666 V,
1694 630 1730 660 4.

1073 676 1192 719 Quem
1215 675 1362 711 ssuvium
1388 687 1466 712 cum
1493 689 1609 727 prope
1631 676 1732 714 Nea-

1072 731 1172 782 polin
1194 743 1222 767 s.
1246 730 1380 780 Leptin
1400 743 1590 780 magnam,
1634 746 1731 782 quae

1072 800 1169 825 nune
1195 786 1337 824 Lebeda
1363 793 1532 835 vocatur,
1572 790 1607 826 in
1631 802 1730 827 mare

1074 845 1170 882 exire
1201 849 1285 881 sunt
1313 844 1375 893 qui
1397 849 1581 892 statuant,
1622 846 1729 882 mira-

1072 904 1132 936 tur
1151 899 1305 937 Rennel-
1325 914 1361 950 p.
1383 902 1485 947 661,
1516 903 1552 937 in
1570 901 1637 938 hac
1658 906 1732 939 ste-

1072 956 1126 992 rili
1157 955 1298 1003 Libyae
1328 956 1478 1004 regione
1509 970 1552 994 ac
1582 957 1729 995 deserta

1071 1011 1208 1049 nullum
1235 1011 1354 1049 adhuc
1385 1013 1537 1049 inveniri
1567 1006 1728 1060 fluvium,

1070 1068 1189 1105 nullos
1207 1067 1334 1115 colles,
1364 1068 1478 1105 nullas
1501 1069 1631 1117 sylvas.
1680 1069 1728 1107 At

1068 1125 1176 1162 docet
1197 1124 1331 1162 Ritter.
1353 1123 1467 1161 Erdk.
1484 1125 1497 1161 1
1517 1139 1553 1175 p.
1575 1127 1657 1167 927
1679 1126 1726 1164 ab

1067 1182 1198 1219 orienti
1222 1180 1397 1219 Lebedae
1421 1182 1527 1218 trium
1555 1181 1727 1220 horarum

1067 1237 1255 1275 intervallo
1289 1250 1405 1287 prope
1435 1238 1725 1287 promontorium

1066 1295 1293 1331 Mesuratam
1315 1298 1513 1332 torrentem
1533 1307 1613 1332 esse
1629 1295 1725 1332 Am·-

1067 1364 1102 1386 so
1127 1364 1155 1387 s.
1184 1350 1293 1387 lVaclz'
1309 1350 1475 1397 Qunam,
1521 1350 1618 1388 haud
1643 1363 1725 1388 raro

1066 1407 1215 1456 quidem
1278 1419 1426 1456 prorsus
1491 1408 1722 1454 exsiccatum,

1065 1463 1116 1499 alx
1126 1477 1170 1501 eo
1199 1476 1331 1499 saxoso
1354 1463 1402 1499 ad
1424 1476 1523 1501 mare
1549 1463 1724 1501 delaben-

1065 1524 1162 1566 tem,
1206 1520 1267 1555 ubi
1307 1524 1439 1567 stagna
1478 1532 1519 1555 ac
1556 1519 1724 1569 paludes,

1065 1577 1157 1612 circa
1177 1588 1269 1624 quas
1289 1577 1392 1623 regio
1413 1580 1448 1612 et
1471 1575 1555 1612 olim
1575 1580 1611 1612 et
1629 1589 1724 1614 nune

1063 1632 1219 1669 maxima
1239 1632 1392 1680 insignis
1410 1631 1609 1670 fertilitate.
1625 1631 1723 1669 Add.

1063 1688 1248 1725 Mannert.
1269 1689 1323 1734 X,
1354 1690 1381 1728 2
1413 1700 1499 1738 pag.
1534 1690 1611 1727 123
1643 1701 1721 1738 seq.

1063 1744 1335 1781 Schlichthorst.
1362 1758 1398 1794 p.
1429 1744 1520 1784 143.
1570 1744 1721 1794 Zemffer

1063 1814 1091 1838 s.
1113 1800 1250 1849 Magro
1272 1802 1414 1838 videtur
1435 1813 1515 1839 esse
1538 1800 1721 1839 Heerenio

1062 1857 1115 1895 Id.
1142 1852 1188 1904 Π,
1211 1860 1231 1898 1
1257 1870 1293 1908 p.
1313 1857 1378 1898 51.

1119 1913 1162 1953 ἐκ
1194 1909 1325 1962 λόφου
1362 1910 1608 1964 καλευμένου
1639 1915 1720 1952 Χα-

1062 1968 1195 2022 ρίτων]
1227 1971 1438 2008 Gratiarum
1466 1970 1563 2007 collis
1593 1971 1721 2007 memi-

1061 2028 1114 2065 nit
1140 2026 1260 2064 Schol.
1286 2028 1434 2064 Pindar.
1465 2028 1514 2065 ad
1543 2027 1651 2075 Pyth.
1674 2027 1720 2074 V,

1062 2086 1116 2124 32
1144 2096 1187 2121 ex
1212 2083 1461 2129 Callimacho,
1498 2083 1597 2120 cuius
1621 2083 1717 2121 conf.

1059 2141 1226 2188 sragmm.
1250 2142 1344 2180 266.
1375 2140 1441 2178 Cr.
1462 2141 1510 2177 ad
1532 2140 1717 2188 Heynium

1057 2197 1232 2234 amandat
1250 2197 1297 2233 ad
1320 2196 1422 2234 Pind.
1447 2195 1495 2233 T.
1518 2196 1531 2232 1
1562 2209 1598 2245 p.
1621 2197 1716 2237 312.

1057 2253 1115 2290 Ex
1133 2253 1176 2289 iis
1188 2280 1199 2299 ,
1231 2265 1326 2302 quae
1345 2252 1468 2291 retulit
1485 2252 1590 2290 Delia
1603 2251 1716 2298 Cella,

1056 2311 1228 2347 observat
1253 2310 1389 2346 Ritter.
1410 2309 1431 2345 l.
1451 2308 1473 2345 l.
1505 2308 1714 2345 Gratiarum

1056 2366 1204 2411 collem,
1258 2365 1438 2414 sylvarum
1488 2366 1715 2413 praestantia

1057 2423 1237 2470 insignem
1250 2450 1260 2466 ,
1291 2422 1471 2471 pertinere
1490 2420 1538 2457 ad
1558 2425 1713 2467 montes,

1057 2479 1187 2527 quibus
1225 2491 1320 2514 nunc
1349 2488 1482 2514 nomen
1510 2477 1712 2524 Gliuriano,

1056 2536 1118 2583 qui
1149 2535 1316 2579 minime,
1371 2538 1410 2569 ut
1447 2532 1555 2581 vulgo
1592 2533 1713 2571 existi-

1054 2596 1175 2637 mant,
1218 2591 1265 2626 ad
1290 2602 1389 2626 oram
1416 2590 1579 2639 proxime
1610 2603 1713 2628 acce-

1054 2647 1163 2692 dant,
1187 2646 1252 2683 sed
1270 2658 1291 2682 a
1307 2646 1420 2691 mari,
1450 2645 1557 2696 plane
1577 2652 1618 2683 ut
1633 2645 1713 2683 No-

1052 2706 1126 2739 ster
1148 2703 1277 2748 resert,
1317 2703 1473 2740 ducenta
1493 2703 1611 2740 stadia
1639 2703 1711 2739 sint

1051 2759 1183 2796 remoti
1204 2758 1461 2807 sylvarumque
1485 2759 1710 2796 abundantia

1051 2812 1237 2852 eicellaut.
1277 2815 1348 2859 Qui
1368 2816 1465 2853 idem
1485 2814 1589 2853 Delia
1606 2814 1709 2852 Cella

1050 2871 1256 2921 planitiem,
1298 2885 1392 2921 quae
1413 2872 1459 2909 ab
1481 2872 1621 2910 oriente
1641 2871 1705 2908 Ci-
