1863 3256
550 236 896 277 THALIA.

957 237 1019 275 ΙΙΙ.
1336 245 1417 285 195

145 353 277 394 τοῦτο
317 349 365 393 δὲ
407 347 641 391 ἑσσοῦνται
679 344 768 390 ὑπό
805 350 895 390 τῶν
931 347 1176 403 Μηδικῶν,
1221 350 1474 393 Νισαίων35

118 421 199 466 4δὲ
237 418 514 474 καλευμένων
548 419 704 462 ἵππων.
760 421 893 462 τοῦτο
931 419 1002 470 δὲ,
1044 417 1208 474 χρυσός
1239 417 1420 473 ἄπλετος

148 489 308 536 αὐτόθι
336 489 449 533 ἐστί·
507 489 532 534 ὁ
562 490 663 546 μὲν,
701 487 1023 545 ὀρυσσόμενος·
1069 487 1094 534 ὁ
1125 489 1191 541 δὲ,
1223 506 1420 547 καταφο-

147 562 353 618 ρεύμενος
380 559 470 606 ὑπὸ
500 565 734 619 ποταμῶν·
778 560 802 605 ὁ
824 561 891 614 δὲ,
924 560 1068 615 ὥσπερ
1099 558 1313 617 ἐσήμηνα,
1346 559 1420 617 ἆρ-

0 614 6 762 ¹
117 624 428 688 δικαζόμενος(
461 632 514 676 τοὶ
551 632 597 678 δὲ
637 633 817 688 δένδρεα
846 632 900 676 w*
941 631 1073 689 ἄγρια
1102 631 1265 677 αὐτόθι
1295 632 1421 689 φέρει

86 809 249 861 Anglicis
274 816 337 848 aut
368 809 487 848 vitulis
522 823 629 861 pares
665 811 749 859 sint,

88 869 249 918 itemque
278 881 394 918 equos
419 869 453 904 in
473 867 652 917 Bengalia
677 874 747 907 ter-

87 937 128 963 ra
143 926 292 963 minima
312 925 474 976 corporis
494 930 644 962 statura.

144 994 292 1031 τοῦτο
317 989 360 1032 δὲ
389 990 615 1043 ἑσσοῦνται]
646 994 750 1032 Reti-

87 1049 150 1086 nui
180 1050 320 1097 τοῦτο,
368 1049 467 1087 cuius
494 1048 574 1086 loco
604 1062 647 1087 ex
675 1063 748 1087 uno

87 1105 304 1143 Florentino
326 1105 443 1142 Gaisf.
473 1106 589 1143 edidit
610 1103 749 1160 τούτῳ.

88 1163 198 1200 conf.
220 1162 284 1208 111,
309 1166 362 1204 22
384 1168 421 1200 et
443 1162 471 1209 l,
491 1164 563 1203 67:
594 1165 651 1216 τῷ
678 1178 751 1202 πο-

87 1217 192 1270 λέμῳ
213 1217 416 1258 ἑσσοῦντο.
448 1218 547 1264 ΠΗ,
569 1221 668 1260 130:
691 1219 751 1259 ἕσ-

88 1271 260 1325 σιόμειόι
281 1274 372 1314 ἕσαν
393 1277 448 1329 τῷ
473 1278 605 1328 θυμῷ.
621 1300 672 1306 —
693 1276 751 1315 De

85 1331 231 1370 Nisaeis
242 1332 345 1382 equis
357 1332 518 1370 dicemus
535 1334 582 1370 ad
593 1332 672 1380 Vll,
684 1332 751 1373 40.

143 1396 285 1450 χρυσός
316 1396 509 1451 ἄπλετος]
554 1399 613 1438 De
645 1400 751 1438 India

86 1458 163 1494 auri
197 1457 421 1495 feracissima
450 1458 547 1495 conf.
578 1457 648 1504 ΙΙΙ,
683 1457 750 1499 94.

89 1513 182 1555 105.
233 1513 335 1551 Ctes.
369 1514 474 1551 lndd.
512 1512 547 1565 ᾗ.
583 1517 633 1555 12
667 1515 751 1562 alia,

86 1582 182 1620 quae
203 1569 348 1620 collegit
357 1570 586 1608 Freinshem.
599 1572 645 1608 ad
658 1571 752 1608 Cur-

86 1627 176 1664 tium
195 1626 295 1673 Vlll,
317 1629 356 1673 9,
380 1628 442 1669 18.
473 1627 569 1665 Add.
592 1627 752 1666 Heeren.

87 1683 201 1722 ldeen
220 1684 248 1730 Ι,
270 1685 296 1725 3
318 1696 402 1734 pag.
428 1685 509 1725 319
535 1697 640 1734 seqq.
668 1690 705 1722 et
724 1684 752 1731 l,

89 1743 108 1780 1
133 1753 219 1790 pag.
243 1742 309 1782 90.
361 1740 569 1778 'l'estantur
588 1741 665 1778 auri
686 1754 752 1791 per

87 1797 228 1834 Indiam
253 1797 395 1847 copiam
420 1798 671 1847 antiquissima
694 1798 753 1834 ln-

86 1853 217 1890 dorum
239 1855 412 1899 carmina,
443 1854 480 1891 in
501 1854 633 1904 quibus
652 1867 751 1901 vasa,

87 1914 327 1957 ornamenta,
358 1910 430 1947 alia
455 1923 529 1947 non
553 1912 619 1947 nisi
643 1924 754 1949 aurea

86 1965 299 2017 plerumque
310 1973 647 2004 commemorantur.
667 1967 752 2012 Quo

87 2028 253 2074 spectare
272 2023 399 2060 volunt
416 2024 574 2061 fabulam
598 2025 645 2063 de
665 2038 752 2075 gry-

87 2079 190 2131 phis,
220 2081 268 2118 de
300 2093 372 2130 qua
406 2081 489 2118 vide
520 2081 671 2119 Excurs.
703 2082 750 2118 ad

88 2135 153 2184 ΠΙ,
178 2139 271 2178 116.
301 2158 353 2164 -
382 2133 548 2184 ἄπλετος
571 2138 666 2176 valet
697 2141 752 2175 in-

88 2205 199 2242 gens;
230 2193 278 2232 de
301 2194 375 2244 quit
403 2207 494 2232 voce
512 2194 649 2234 consul.
674 2195 752 2233 D'o-

88 2249 239 2288 derlein.
261 2250 467 2289 Comment.
493 2251 540 2289 de
559 2252 669 2302 alpha
697 2253 753 2289 in-

89 2307 230 2344 tensis-o
251 2306 421 2357 (Erlang.
445 2309 571 2356 1830)
591 2321 674 2359 pag.
688 2311 752 2350 14.

147 2371 169 2414 ὅ
199 2371 271 2426 μὲν
296 2370 588 2427 ὀρυσσόμενος]
620 2375 755 2414 Intelli-

92 2432 188 2480 gitnr
214 2444 341 2470 aurum
372 2446 392 2470 e
419 2434 554 2470 fodinis
583 2440 753 2484 paratum

92 2487 443 2538 (Bergwerksgold,
475 2489 659 2536 Golderz,
690 2503 755 2539 ge-

94 2543 270 2592 diegenes
290 2545 520 2596 Berggold);
551 2548 650 2596 quod
670 2560 756 2597 pro-

93 2600 194 2637 venit
219 2613 240 2638 e
267 2603 470 2650 montibus,
502 2604 564 2653 qui
594 2604 679 2641 inde
712 2616 756 2641 ex

95 2660 219 2694 monte
235 2656 333 2695 Altai
357 2664 394 2697 et
416 2658 516 2697 Imao
538 2660 759 2710 Emodoque

95 2712 243 2750 deserta
270 2713 332 2751 illa
361 2715 456 2754 inter
476 2716 650 2754 Tibetum
672 2729 757 2768 par-

96 2780 178 2805 vam
204 2773 242 2806 et
261 2769 360 2820 ipsos
390 2778 533 2811 montes
554 2773 649 2810 Altai
673 2787 758 2824 per-

96 2830 232 2863 meant.
279 2825 362 2863 vid.
391 2827 512 2866 wahl.
535 2828 756 2868 Erdbeschr.

95 2893 131 2918 v.
166 2881 316 2920 Ostind.
344 2895 429 2934 pag.
452 2885 534 2927 483
563 2891 600 2924 et
621 2885 756 2925 Malte-

809 811 913 849 brun.
931 808 1101 848 Nous-eu.
1113 809 1257 848 Annall.
1279 811 1314 848 d.
1330 810 1472 863 Voyag.

807 867 839 905 ll
861 882 897 919 p.
918 868 1014 908 368.

864 933 888 975 ὁ
918 932 973 982 δὲ,
1008 931 1364 986 καταφορεύμενος
1390 934 1473 975 ν’,τὸ

806 990 1015 1043 ποταμῶν]
1029 991 1212 1029 ludicatur
1225 1005 1364 1039 aurum,
1374 995 1474 1043 quod

806 1062 927 1087 secum
961 1050 1080 1086 serant
1112 1049 1212 1085 fluvii
1231 1062 1299 1100 per
1327 1051 1475 1088 deserta

810 1106 902 1143 Cobi
921 1106 1097 1143 orientem
1117 1118 1242 1143 versus
1262 1105 1473 1145 delabentes

810 1167 849 1200 et
870 1162 926 1199 vel
947 1162 983 1198 in
998 1160 1095 1198 lacus
1112 1161 1168 1199 vel
1191 1162 1225 1198 in
1243 1174 1389 1200 arenam
1413 1177 1475 1201 ex·

810 1224 960 1264 euntes,
1008 1217 1229 1266 Flussgold,
1281 1219 1475 1257 Goldkies.

808 1274 863 1312 Ac
891 1275 947 1314 vel
979 1274 1172 1312 recentiori
1193 1280 1315 1313 aetate
1348 1289 1391 1313 ex
1418 1276 1474 1313 his

807 1331 1020 1381 regionibus
1051 1344 1179 1368 aurum
1222 1332 1257 1368 in
1295 1332 1474 1370 Siberiam

806 1389 917 1427 fuisse
934 1388 1130 1426 abductum
1149 1393 1273 1426 monet
1287 1388 1439 1427 Wahl.1.
1450 1389 1474 1427 l.

807 1460 844 1497 p.
862 1445 957 1487 483.

866 1511 890 1553 ὁ
908 1511 949 1553 δὲ
970 1509 1101 1563 ὥσπερ
1121 1510 1316 1564 ἐσήμηνα,
1348 1511 1474 1565 ἅρπα-

812 1568 990 1622 ζόμειός]
1016 1568 1199 1622 ἐσήμηνα
1224 1584 1304 1608 cum
1322 1577 1473 1609 recentt.

809 1629 894 1666 edd.
926 1629 1054 1678 scripsi
1080 1641 1147 1678 pro
1181 1623 1373 1677 ε’σήμανα.
1412 1626 1474 1665 Tu

808 1685 906 1731 vide,
936 1697 982 1722 ne
1006 1684 1122 1735 plura,
1153 1684 1287 1722 Marah.
1313 1684 1378 1721 Gr.
1407 1683 1473 1722 Gr.

809 1741 847 1795 ᾗ.
874 1742 962 1783 185.
1002 1740 1223 1790 lntelligitur
1241 1741 1386 1778 tertium
1409 1752 1475 1777 au-

809 1801 838 1835 ri
858 1811 987 1847 genus,
1003 1797 1150 1847 reliquis
1169 1798 1396 1846 frequentius
1409 1809 1476 1847 per

808 1855 875 1892 has
902 1860 1042 1899 terras,
1073 1853 1280 1900 Goldsaml,
1313 1853 1474 1891 Goldlet-

810 1915 880 1949 ten.
928 1911 1039 1955 Quod
1061 1911 1212 1948 multum
1242 1924 1310 1960 per
1337 1916 1474 1948 terram

811 1981 992 2019 sparsum,
1026 1973 1066 2004 ut
1096 1968 1198 2005 facile
1224 1979 1341 2013 eruaS,
1372 1968 1474 2004 inve-

807 2026 876 2063 niri
899 2026 1033 2062 dicunt.
1064 2025 1146 2062 vid.
1171 2024 1290 2061 wahl.
1309 2023 1333 2060 Ι.
1354 2023 1472 2075 l.pag.

808 2084 901 2124 432.
919 2081 1013 2122 483.

866 2145 913 2187 τὰ
926 2146 967 2187 δὲ
986 2144 1349 2200 ὅένδρεάτιῖἅγρια]
1367 2147 1475 2183 Hanc

808 2207 929 2244 lanam
963 2218 1006 2243 ex
1034 2205 1225 2242 arboribus
1255 2205 1476 2255 provenien-

810 2269 885 2301 tem
918 2268 955 2300 ct
983 2263 1090 2298 ovina
1119 2261 1203 2298 lana
1226 2262 1475 2311 praestantio-

811 2333 887 2358 rem
923 2321 1123 2369 gossypium
1166 2331 1246 2356 csse
1277 2317 1475 2365 (Nostrum

811 2375 1082 2421 Baumwolle),
1123 2388 1229 2411 nemo
1259 2386 1333 2410 non
1361 2375 1475 2412 videt.

813 2434 921 2470 Conf.
945 2432 1005 2475 Ill,
1027 2433 1092 2471 47.
1107 2432 1186 2478 Vll,
1207 2432 1273 2471 65.
1305 2430 1385 2468 Nee
1403 2430 1475 2467 alio

811 2490 996 2541 pertinent
1028 2488 1167 2537 εἵματα
1204 2484 1343 2535 ξύλινα
1373 2487 1474 2536 apud

813 2548 913 2585 Ctes.
943 2545 1020 2582 lnd.
1046 2543 1085 2596 ἓ.
1107 2547 1181 2587 22,
1221 2545 1282 2581 ubi
1316 2544 1473 2580 Plinium

812 2603 918 2640 citavi
937 2602 1034 2640 Hist.
1061 2601 1148 2640 Nat.
1167 2601 1267 2646 XlX,
1293 2605 1326 2641 1.
1353 2599 1476 2636 Philo-

814 2666 915 2697 strat.
939 2659 980 2695 V.
1013 2658 1132 2709 Apoll.
1157 2658 1201 2703 ll,
1223 2660 1277 2698 20
1312 2656 1390 2694 coll.
1413 2655 1475 2700 lll,

818 2716 880 2757 15.
939 2715 1082 2753 Eodem
1119 2714 1318 2764 respiciunt
1347 2711 1476 2748 Pollux

813 2773 896 2819 Vll,
922 2774 989 2813 75.
1009 2771 1152 2809 Arrian.
1174 2771 1254 2808 lnd.
1281 2771 1341 2808 16.
1365 2768 1475 2804 Pom-

813 2842 900 2880 pon.
916 2827 1081 2875 Me1.111,
1094 2831 1130 2869 7.
1160 2827 1306 2864 Sem‘us
1318 2824 1364 2861 ad
1375 2822 1472 2870 Virg.

813 2887 905 2924 Aen.
931 2884 959 2931 l,
981 2885 1074 2926 649.
1134 2882 1273 2920 Nostra
1300 2880 1474 2918 memoria

1116 2937 1198 2979 13·
