1863 3256
86 263 182 290 numi-⁴
206 263 286 289 inter
304 262 364 288 No-

86 298 189 323 manian
208 300 238 322 et
257 296 363 322 nauiu-

198 363 204 369 -
301 329 362 364 11)·-

104 371 222 398 pacyrus
244 372 346 391 exieus

85 332 157 363 unu,
187 334 217 355 vt.
246 330 274 355 in

101 397 220 424 ostium.

421 154 507 193 896

812 153 1282 192 HERODOTI

424 272 589 316 σχισται
618 261 698 316 μέν
733 279 818 305 νυν
848 262 895 304 ἐκ
925 261 1088 305 τούτου
1118 265 1198 304 τοῦ
1226 260 1395 316 χώρου,
1439 260 1612 316 οὕνομα
1642 262 1688 305 δὲ

421 331 505 388 ἔχει
545 331 676 386 τόπερ
723 332 746 375 ὁ
787 335 928 387 χῶρος
970 331 1125 382 αὐτὸς,
1168 332 1343 385 Γέῤῥος.

419 402 674 452 θάλασσαν,
715 400 881 454 οὐρίζει
919 401 998 456 τήν
1042 417 1087 443 τε
1127 406 1216 444 τῶν
1256 401 1480 458 Νομάδων
1517 402 1686 459 χώρην,

417 474 490 516 καὶ
532 473 610 528 τήν
650 475 739 513 τῶν
777 474 1016 527 βασιληίων
1055 475 1295 516 Σκυθέων·

1351 474 1520 516 ἐκδιδοῖ
1560 474 1605 516 δὲ
1647 474 1689 524 ἐς

290 542 355 586 57
415 544 493 587 τὸν
519 541 774 594 (Γπάκυριν-
820 541 1009 597 ’Όγδοος
1040 545 1085 588 δὲ
1117 544 1168 600 δή
1206 543 1366 594 Τάναϊς
1395 543 1606 599 ποταμός
1640 543 1745 595 8920

85 606 215 633 Octavus
234 605 361 640 Tanain,

84 646 102 664 e
136 644 221 666 vasta
253 640 363 673 palude

84 679 207 700 currens
219 673 249 700 in
259 674 363 702 Maeo-

362 810 479 849 Multo
511 809 639 846 melius
666 809 733 846 loci
755 822 900 847 sensum
926 811 1024 860 cepit

360 867 504 915 Lange,
526 866 739 903 vernaculus
759 866 948 916 interpreS.
969 887 1023 893 —

362 924 433 960 Pro
475 922 513 969 ἐς
545 919 590 970 ὃ,
631 923 733 972 quod
759 935 885 959 omnes
914 922 1021 958 codd.

361 984 508 1026 tenent,
548 992 620 1015 non
662 991 771 1015 ausus
798 992 899 1024 suin,
940 992 1021 1015 euin

359 1037 493 1074 Struve
513 1035 534 1071 l.
553 1037 575 1072 l.
596 1035 626 1072 ΙΙ
648 1050 685 1086 p.
707 1034 760 1075 43
784 1034 822 1082 ἐς
845 1032 887 1074 τὸ
911 1035 966 1072 vel
984 1034 1022 1080 ἐς

360 1088 478 1139 ὅσον,
507 1092 674 1129 hocloco
693 1096 729 1129 et
747 1091 814 1138 lv,
845 1094 910 1132 71.
940 1091 1021 1138 ΥΠ,

359 1151 436 1195 50,
467 1149 530 1198 qui
564 1147 603 1194 ἐς
633 1145 654 1187 ὃ
676 1162 750 1185 non
779 1149 848 1185 nisi
870 1149 906 1185 in
931 1154 1023 1185 tem-

360 1219 450 1255 pore
485 1205 682 1242 indicando
720 1206 883 1242 adhiberi
913 1218 1022 1254 posse

359 1263 497 1299 statuit.
530 1283 581 1288 —
622 1261 680 1298 De
713 1261 860 1312 Scythis
887 1261 1021 1299 Noma-

360 1319 463 1355 dae‘bus
484 1319 577 1355 conf.
603 1318 671 1365 lv,
705 1320 777 1365 193
807 1320 854 1356 de
875 1319 1021 1368 Scythis

357 1376 466 1424 regiis
496 1375 563 1422 lv,
594 1377 659 1414 20.

414 1431 566 1470 ἐκδιδοῖ
580 1430 621 1469 δὲ
642 1430 679 1476 ἐς
700 1427 768 1470 τόν
784 1426 1020 1481 Ὑπάκυριν]

357 1489 461 1525 Haec
502 1488 594 1524 falso
629 1488 728 1524 tradi
761 1487 837 1524 vult
865 1488 1020 1527 Rennel.

356 1558 441 1594 pag.
468 1545 562 1585 409.
610 1543 671 1580 Tu
697 1545 822 1581 confer
852 1545 901 1580 sis
926 1549 1020 1581 nott.

357 1602 405 1638 au
433 1602 503 1648 w,
537 1603 600 1641 19.

555 1656 666 1707 Cap.
697 1656 812 1694 LV11.

422 1709 574 1760 Τάναϊς
612 1711 809 1764 ποταμὸς]
861 1715 919 1751 Cf.
960 1713 1021 1759 lV,

358 1774 423 1811 20.
456 1774 521 1812 21.
548 1770 614 1811 45.
641 1774 730 1812 100.
755 1773 846 1811 123.
877 1770 965 1808 Mel.
994 1770 1021 1817 l,

360 1831 423 1869 19.
449 1830 541 1868 135.
573 1828 713 1864 Arrian.
734 1825 849 1864 Anah.
871 1828 933 1873 ΙΙΙ,
958 1827 1020 1864 fin.

356 1885 475 1929 Quem
514 1898 608 1921 nunc
643 1884 762 1921 vocari
795 1883 877 1920 Don
911 1896 1019 1920 nemo

355 1942 491 1987 uescit·‚
526 1943 572 1979 de
599 1943 699 1978 cuius
722 1941 877 1977 nominis
897 1947 1019 1990 etymo

355 1999 451 2035 conf.
483 2002 574 2035 nott.
606 1999 653 2034 ad
689 1999 757 2044 lv,
797 1996 864 2037 48.
911 1998 1019 2034 Man-

355 2060 461 2091 nerto
495 2059 644 2091 auctore
675 2055 743 2101 lv,
784 2068 820 2104 p.
851 2056 905 2095 78
941 2054 1021 2103 ipse

357 2112 569 2149 Herodotus
630 2111 728 2148 haud
783 2111 873 2148 vidit
925 2111 1021 2147 hunc

358 2181 525 2214 amnem,
571 2168 620 2204 ad
664 2168 764 2205 cuius
795 2168 891 2217 ripas
922 2166 1021 2204 nulla

356 2225 464 2261 suerit
487 2226 710 2262 Graecorum
731 2224 891 2270 colonia3
921 2225 1020 2261 uude

353 2281 487 2317 sactum
518 2281 724 2327 existimat,
755 2284 796 2317 ut
823 2294 905 2318 eum
935 2294 1021 2331 pro-

355 2337 523 2373 babiliter
552 2338 758 2374 confuderit
782 2350 863 2374 curn
893 2337 1019 2385 Volga.

354 2394 412 2429 Cf.
435 2393 506 2439 lv,
542 2395 619 2434 123
638 2394 761 2442 ibique
782 2399 873 2430 nott.
906 2394 1018 2431 Vete-

355 2462 433 2486 rum
475 2454 511 2486 et
541 2451 784 2487 recentiorum
811 2450 1018 2487 testimonia

357 2506 404 2543 de
448 2505 572 2542 Tanai
609 2506 771 2543 exhibuit
804 2506 1018 2544 Tzschucke

354 2562 401 2598 ad
421 2562 506 2599 Mel.
528 2562 547 2599 Ι.
574 2562 595 2598 l.
617 2566 710 2599 nott.
734 2575 863 2611 exegg.
883 2577 919 2613 p.
932 2564 1014 2603 639

354 2631 431 2668 seq.
452 2618 532 2655 Vol.
555 2619 603 2655 ΙΙΙ
622 2618 660 2656 P.
682 2619 723 2655 ΙΙ.

408 2672 453 2721 ὂς
465 2673 545 2726 ῥ’ἑει
556 2672 603 2713 τοὶ
616 2671 816 2714 ἀνέκαθεν
826 2673 867 2714 ἐκ
876 2675 1017 2726 λίμνης

357 2727 531 2783 μεγάλης
558 2727 837 2783 ὅρμεῶμενος]
870 2727 1016 2770 α’νέκα-

356 2792 431 2827 θεν
471 2789 519 2827 de
554 2788 633 2826 loco
663 2789 720 2827 hic
750 2789 1016 2840 accipiendum,

421 615 507 669 ῥέει
545 611 597 655 τὰ
638 611 855 656 ἀνέκαθεν
895 614 941 657 ἐκ
983 617 1133 672 λίμνης
1172 614 1358 672 μεγάλης
1396 614 1686 672 ὁρμειόμενος,

1080 810 1184 847 aliter
1212 824 1254 847 ac
1280 811 1388 859 vulgo
1409 812 1541 848 docent
1563 823 1743 859 gramma-

1080 867 1151 903 tici.
1191 868 1248 904 Cf.
1282 873 1372 904 nott.
1405 869 1452 904 ad
1482 868 1518 914 1,
1553 869 1643 907 170.
1684 866 1743 903 De

1085 922 1220 959 Tanais
1233 922 1410 973 sontibus,
1431 935 1523 972 quos
1546 922 1604 958 alii
1629 922 1744 958 aliun-

1080 980 1127 1016 de
1157 985 1347 1030 repetunt,
1379 980 1531 1028 eiusque
1549 991 1654 1015 cursu
1671 979 1743 1014 vid.

1080 1035 1300 1073 Tzschucke
1341 1037 1388 1072 ad
1419 1036 1506 1072 Mei.
1546 1034 1567 1071 l.
1599 1035 1619 1071 Ι.
1653 1038 1742 1070 nott.

1081 1105 1175 1141 exeg
1203 1092 1335 1143 p,(540
1349 1106 1452 1141 seqq.
1484 1091 1581 1128 Gaii.
1603 1091 1742 1140 Geogr.

1079 1148 1170 1185 Min.
1203 1149 1249 1186 T.
1278 1149 1308 1185 ΙΙ
1336 1162 1372 1199 p.
1396 1151 1476 1190 401
1510 1149 1572 1195 (ud
1594 1148 1742 1196 Scymu.

1080 1206 1211 1242 Chium
1237 1207 1404 1254 sragmm.
1430 1218 1481 1243 VS.
1506 1202 1628 1254 129);
1669 1216 1742 1253 quo

1079 1266 1270 1308 monente,
1310 1262 1432 1312 plures
1463 1261 1604 1306 lacurn,
1644 1261 1742 1298 unde

1077 1319 1271 1368 provenire
1319 1320 1449 1355 dieitur
1493 1319 1644 1363 fluvius,
1705 1317 1741 1353 in

1078 1374 1273 1413 'l'artariae
1295 1376 1443 1411 minoris
1463 1380 1572 1423 utque
1583 1374 1740 1410 Russiae

1079 1431 1210 1468 tinibus
1241 1431 1434 1468 collocant.
1479 1432 1599 1474 Quem
1625 1431 1741 1467 lacum

1077 1487 1194 1537 ipsum
1210 1501 1291 1525 esse
1311 1488 1487 1538 Caspium
1509 1500 1622 1533 mare,
1640 1488 1741 1536 quod

1078 1543 1162 1580 olim
1193 1544 1312 1581 canali
1346 1545 1506 1593 quodum
1536 1543 1741 1580 Maeoticae

1078 1600 1204 1650 paludi
1232 1601 1391 1637 iunctum
1422 1601 1555 1645 fuerit,
1586 1604 1739 1636 conten-

1078 1658 1133 1693 dit
1154 1657 1305 1695 Dureau
1333 1658 1380 1694 de
1410 1657 1445 1694 la
1465 1655 1577 1694 Malle
1599 1656 1738 1705 Geogr.

1077 1713 1221 1763 physiq.
1254 1726 1339 1764 pag.
1374 1714 1452 1755 165
1485 1725 1562 1762 seq.
1613 1712 1739 1749 Malim

1078 1771 1249 1819 equidem
1279 1784 1358 1807 cum
1382 1770 1527 1807 Rittero
1558 1768 1737 1818 (Vorhall.

1077 1839 1164 1877 pag.
1186 1828 1268 1868 305
1301 1826 1380 1864 coll.
1414 1826 1607 1863 Reichard.
1625 1839 1660 1876 p.
1684 1825 1733 1866 51

1078 1888 1114 1920 et
1126 1883 1342 1920 'l'zschucke
1358 1884 1381 1923 l.
1402 1883 1422 1920 1.
1442 1883 1500 1919 hie
1516 1884 1680 1932 cogitare
1692 1883 1739 1919 de

1076 1939 1226 1976 Ioannis
1246 1940 1347 1986 lacu,
1378 1941 1438 1990 qui
1459 1939 1589 1976 dicitur
1618 1938 1741 1990 (Imm

1078 2009 1107 2033 s.
1141 1995 1398 2034 Iwanowskoe-
1417 1995 1545 2046 Osero)
1586 1996 1622 2032 in
1654 2008 1740 2032 con-

1077 2053 1170 2090 finiis
1206 2054 1465 2103 guberniorum
1505 2053 1666 2090 Piaesan
1704 2056 1741 2089 et

1077 2109 1187 2147 Tala.
1227 2111 1392 2148 Viilcker.
1420 2111 1539 2160 Myth.
1567 2108 1738 2157 Ge‹›gr.l

1076 2180 1160 2217 pag.
1191 2169 1269 2208 189
1294 2180 1371 2216 seq.
1398 2168 1433 2204 in
1462 2167 1516 2203 his
1537 2165 1649 2203 multa
1671 2165 1739 2201 mi—

1076 2236 1143 2260 nus
1186 2229 1435 2261 consentanea
1467 2223 1536 2260 sibi
1579 2222 1737 2271 reperire

1075 2281 1220 2317 videtur
1249 2281 1408 2329 indeque
1444 2279 1592 2316 Tanain
1616 2278 1737 2314 Hero-

1076 2338 1155 2373 doti
1174 2350 1247 2373 non
1269 2337 1377 2373 alium
1397 2349 1478 2374 esse
1495 2335 1644 2371 lluvium
1657 2335 1737 2385 opi—

1076 2397 1185 2429 natur
1204 2398 1317 2442 atque
1345 2393 1502 2441 Volgum.
1538 2392 1737 2428 Mannerto

1075 2462 1222 2498 quoque
1248 2449 1317 2496 lv,
1352 2452 1429 2490 109
1454 2449 1669 2486 Herodotus
1698 2448 1736 2484 in

1075 2504 1197 2542 Tanai
1244 2506 1344 2543 sonte
1381 2506 1578 2542 indicando
1613 2505 1736 2555 lapsus

1075 2574 1156 2599 esse
1194 2563 1358 2607 videtur,
1409 2575 1488 2600 cum
1519 2574 1627 2611 quem
1666 2575 1736 2612 pro

1077 2616 1217 2654 Tanais
1255 2619 1356 2656 fonte
1393 2619 1452 2657 ille
1480 2619 1667 2665 habuerit,
1705 2618 1734 2655 is

1074 2676 1172 2711 ssuvii
1199 2675 1317 2713 Rama
1350 2676 1588 2726 probabiliter
1624 2675 1735 2712 suerit

1073 2731 1167 2768 sons.
1212 2732 1269 2770 De
1290 2733 1517 2771 Sauromatis
1543 2732 1614 2769 vid.
1642 2735 1734 2768 nott.

1074 2790 1122 2825 nd
1148 2789 1215 2837 W,
1248 2793 1312 2831 21.

1403 331 1516 384 ῥέων
1558 330 1604 374 δ’
1645 332 1688 382 ἐς
1752 338 1832 378 307
