1863 3256
64 541 163 585 176

507 217 1076 257 MELPOMENE.

1139 220 1198 257 IV.
1401 226 1481 265 587

181 327 442 371 ὃθάλασσαν
489 329 663 372 ἐκδιδοῖ.
723 327 748 371 ὁ
787 327 833 371 δὲ
872 325 1012 383 λόφος
1050 321 1182 377 οὗτος
1222 326 1245 370 ὁ
1280 333 1486 382 Χαρίτων

213 399 349 450 δασύς
389 402 507 457 ἴδῃσί
547 401 659 453 ἐστι,
699 398 861 456 ἐούσης
897 403 974 454 τῆς
1005 397 1137 454 ἄλλης
1165 402 1240 455 τῆς
1269 415 1485 453 προκατα-
1545 407 1624 447 359

212 474 433 528 λεχθείσης
463 471 632 528 Λιβύης
670 475 814 528 ψιλῆς.

874 469 962 514 άπὸ
999 469 1224 526 θαλάσσης
1263 471 1309 513 δὲ
1339 470 1381 521 ἐς
1413 471 1486 514 αὐ-

211 630 336 669 μενοι
367 614 579 664 Γίνδανὲς
617 616 720 656 εἰσι·
776 617 866 656 τῶν
902 615 947 655 αἱ
986 619 1191 669 γυναῖκες
1219 611 1488 669 περισφύρια

216 684 441 740 δερμάτων
478 684 619 727 πολλὰ
663 683 820 741 ἑκάστη
860 683 1034 740 φορέει,
1071 687 1182 729 κατὰ
1222 683 1393 729 τοιόνδε
1433 701 1488 737 τι,

209 754 269 805 ὦς
298 755 486 810 λέγεται·
517 752 615 797 κατ’
649 753 792 811 ἄνδρα
823 755 1009 799 ἕκαστον
1038 756 1247 812 μιχθέντα
1277 755 1489 812 περισφύ-

209 842 309 880 ριον
341 826 603 880 περιδέεται·
642 825 671 881 ἢ
702 825 743 870 δ’
776 826 831 870 ἂν
864 832 1041 870 πλεῖστα
1071 828 1162 884 ἔχη,
1195 827 1305 884 αὕτη
1336 826 1488 884 ἀρίστη

210 894 411 940 δέδοκται
459 895 591 951 εἶναι,
643 897 703 949 ὥς
750 897 837 943 ὑπὸ
883 900 1096 942 πλείστων
1140 895 1320 953 ἀνδρῶν
1360 903 1485 957 φιλη-

153 1171 280 1221 nypsis
318 1173 528 1210 extenditur
565 1172 687 1210 adhuc
721 1174 817 1210 bene

154 1227 327 1276 irriguam
365 1229 527 1278 indeque
560 1230 690 1267 eximie
718 1230 820 1267 serti·

153 1285 224 1322 lem
259 1297 339 1323 esse
378 1290 554 1333 testatur,
596 1286 657 1323 ubi
688 1285 819 1333 olivae,

151 1340 320 1391 palmae,
357 1341 449 1389 alia,
495 1343 574 1380 sine
600 1342 673 1379 ullo
702 1342 821 1378 homi-

152 1410 238 1434 num
273 1397 372 1434 cultu
401 1402 594 1446 crescant,
634 1411 819 1448 quamque

152 1453 258 1499 olim,
304 1455 364 1491 ubi
394 1455 521 1505 procul
548 1455 660 1493 dubio
690 1455 818 1493 melius

152 1511 262 1548 fuerit
301 1510 417 1558 culta,
469 1511 681 1550 fertiliorem
723 1513 817 1550 adeo

153 1568 264 1604 fuisse
285 1569 410 1604 credas
431 1567 536 1614 licet3
565 1573 603 1605 ut
619 1582 708 1606 sane
721 1582 817 1617 quae

151 1623 292 1661 Noster
312 1624 373 1672 lV,
398 1626 477 1665 198
494 1626 651 1673 referat⁷
684 1626 734 1662 ad
752 1639 816 1663 ve-

153 1693 231 1716 rum
265 1681 429 1730 proxime
459 1683 635 1719 accedere
666 1682 818 1719 videan-

153 1742 221 1773 tur.
258 1759 302 1764 —
350 1736 411 1774 Ad
442 1737 661 1776 locutionem
695 1736 819 1786 δασύς

153 1792 263 1848 ἴδῃσι
285 1794 380 1833 conf.
401 1799 491 1832 nott.
514 1795 560 1831 ad
580 1795 642 1842 IV,
670 1798 760 1837 109.

308 1851 418 1901 Cap.
459 1851 659 1889 CLXXVI.

214 1906 429 1958 Γίνδανες]
471 1908 513 1944 In
536 1922 609 1945 uno
635 1909 818 1946 Herodoti

153 1963 244 2000 libro
274 1965 488 2010 Ιίνδᾶνες,
518 1966 619 2014 quod
646 1966 741 2003 idem
764 1968 819 2001 af-

154 2021 225 2057 fert
246 2021 425 2070 Stophan.
445 2022 534 2070 Byz.
562 2035 589 2059 S.
609 2036 643 2059 v.
674 2036 711 2072 p.
733 2024 816 2062 273

155 2089 175 2114 e
199 2077 276 2113 solo
297 2076 360 2114 loti
385 2079 506 2115 fructu
534 2080 699 2117 victitare
726 2092 818 2128 gen-

154 2137 227 2170 tem
251 2134 437 2171 adiieiens.
478 2134 607 2180 Nulla,
638 2141 816 2185 quantum

155 2190 252 2239 scio,
291 2192 392 2240 apud
418 2191 507 2227 alios
526 2196 694 2230 auctores
714 2206 818 2230 men-

155 2247 204 2282 tio
240 2248 383 2295 gentis,
447 2261 557 2296 quam
597 2250 816 2287 maritimam

154 2303 267 2340 fuisse
290 2308 390 2341 recte
410 2309 524 2353 negat
541 2305 819 2343 Schliehthorst.

155 2373 190 2409 p.
212 2358 291 2400 144
316 2373 358 2397 ae
374 2361 529 2398 Rennel.
552 2375 588 2412 p.
610 2364 715 2407 661,
755 2357 817 2412 qui

155 2417 347 2454 interiores
376 2422 511 2454 tractus
547 2418 642 2455 circa
679 2420 818 2465 urbem,

157 2485 251 2521 quae
272 2474 356 2510 olim
373 2473 554 2524 Cydamus
572 2473 684 2524 (teste
701 2476 819 2513 Plinio

158 2530 205 2565 H.
227 2529 275 2565 N.
294 2529 338 2575 V,
358 2531 403 2576 5)
423 2544 521 2569 nunc
542 2532 716 2569 Gadamis
736 2545 820 2583 per-

159 2586 302 2622 hibetur
336 2599 364 2623 S.
403 2588 627 2637 Gadmmw,
668 2595 819 2638 gentem

158 2642 319 2679 tenuisse
365 2645 567 2694 suspicatur
620 2647 670 2682 ad
710 2647 818 2693 viam,

159 2711 254 2747 quae
275 2698 321 2734 ab
345 2699 433 2737 urbe
451 2701 607 2740 'sitnisia
629 2715 726 2740 nunc
749 2705 819 2740 du-

160 2755 206 2790 cit
225 2754 272 2790 ad
286 2754 439 2802 Agadez
456 2762 491 2794 et
502 2759 667 2805 Kashna,
698 2760 818 2797 XXIII

160 2815 222 2846 aut
258 2811 381 2848 XXIV
417 2807 561 2850 *dierum
601 2816 732 2854 itinere
773 2817 819 2854 ab

162 2868 251 2904 urbe
270 2867 448 2914 Tunisia3
485 2870 532 2907 ibi
562 2871 657 2908 enim
689 2873 821 2910 rudera

62 969 160 1014 177
210 973 350 1011 θεῖσα.
407 966 562 1025 Ἀκτὴν
602 970 647 1013 δὲ
683 970 960 1026 προέχουσαν
997 970 1040 1021 ἐς
1076 968 1155 1013 τόν
1183 969 1349 1015 πόντον
1376 969 1482 1015 τού-
1496 976 1540 1011 85

211 542 290 586 τόν
319 543 489 586 στάδιοι
520 542 735 599 διηκόσιοί
764 544 855 586 εἰσι.
895 541 1091 586 Μακέων
1121 543 1167 586 δὲ
1197 540 1365 585 τούτων
1385 542 1529 597 ἐχό-ΒΟ
1541 543 1711 604 ξξζζξζζξθῦν
1737 546 1818 573 *⁰¹¹³

1558 967 1744 1002 Lotophagi,
1768 968 1797 994 in

1576 1003 1724 1030 maritima
1734 1010 1788 1029 ora

1542 1035 1725 1065 Gindanum.

876 1172 1071 1222 grandium
1115 1172 1364 1210 aedificiorum
1403 1172 1543 1211 Roma-

876 1242 946 1266 nae
998 1228 1129 1266 aetatis
1174 1229 1337 1279 conspici
1387 1233 1546 1266 testatur

877 1284 1074 1339 Abulfe'da.
1104 1284 1286 1322 Rennelio
1304 1285 1546 1336 adstipulatur

877 1341 1049 1379 Larcher.
1097 1342 1135 1378 in
1181 1341 1217 1378 T
1219 1342 1278 1378 ab.
1320 1354 1449 1391 geogr.
1490 1365 1542 1370 —

877 1393 1034 1438 τούτων
1071 1410 1152 1435 cum
1183 1398 1300 1435 Gaisf.
1342 1403 1380 1436 et
1407 1398 1542 1436 Matth.

878 1455 967 1494 dedi
987 1467 1055 1505 pro
1074 1452 1262 1493 τουτέων.

933 1513 1016 1550 τῶν
1041 1510 1086 1549 αἵ
1106 1515 1292 1563 γυναῖκες
1311 1532 1366 1540 -
1388 1509 1540 1562 φορέει]

876 1569 900 1605 i.
924 1581 956 1606 e.
989 1581 1135 1618 quorum
1166 1569 1327 1605 mulieres
1352 1567 1499 1617 fascias
1525 1582 1543 1605 e

872 1626 1026 1675 pellibus
1052 1625 1101 1661 ad
1120 1625 1249 1675 pedum
1277 1625 1454 1661 malleolos
1480 1638 1542 1673 ge-

875 1685 994 1729 stant,
1025 1694 1259 1732 unaquaeque
1280 1681 1421 1718 multas.
1464 1683 1541 1719 Re-

875 1740 1017 1789 spexit,
1048 1739 1201 1789 opinor,
1244 1740 1343 1776 Sext.
1367 1738 1539 1789 EmpiriC.

875 1796 1043 1845 Hypoth.
1060 1796 1126 1842 III,
1154 1796 1208 1836 24
1228 1810 1264 1846 p.
1288 1797 1368 1836 177
1396 1796 1445 1834 de
1467 1794 1539 1833 Ae-

876 1853 1014 1902 gyptiis
1052 1852 1183 1889 similia
1217 1852 1389 1891 scribens.
1449 1851 1538 1889 Non

875 1910 971 1958 sugit
1002 1910 1184 1947 Herodoti
1228 1909 1328 1946 locus
1370 1908 1538 1946 doctissi-

875 1979 974 2003 mum
1042 1967 1360 2017 peregrinatorem
1425 1965 1537 2002 Pach.

875 2022 1038 2073 (Voyag.
1059 2028 1127 2062 etc.
1148 2036 1236 2074 pag.
1255 2024 1351 2069 71),
1391 2022 1451 2059 ubi
1470 2035 1538 2058 no-

875 2082 1045 2126 madum,
1089 2082 1151 2130 qui
1180 2094 1278 2118 nunc
1296 2079 1539 2116 Marmaricae

874 2138 1008 2175 veteris
1027 2142 1161 2175 terram
1183 2141 1429 2187 occuparunt,
1460 2148 1541 2171 mu-

875 2193 981 2231 lieres
999 2195 1123 2231 scribit
1139 2194 1257 2231 multis
1271 2193 1427 2240 annulis,
1448 2204 1540 2241 quos

877 2255 1030 2287 ornatus
1069 2264 1180 2288 causa
1226 2251 1331 2288 variis
1376 2249 1539 2299 corporis

876 2307 1043 2358 partibus
1063 2308 1223 2353 addunt,
1253 2307 1438 2345 delectari.

1029 2364 1141 2415 Cap.
1173 2363 1392 2402 CLXXVII.

933 2414 1072 2470 ’Λκτήν
1121 2418 1164 2460 δὲ
1213 2419 1462 2471 προέχουσαν
1483 2442 1537 2447 -

876 2473 1139 2528 Λωτοφάγοι]
1186 2478 1303 2515 Sedes
1335 2478 1454 2527 gentis
1487 2477 1537 2513 ita

876 2534 1007 2571 definit
1036 2535 1168 2584 Scylax
1199 2548 1236 2585 p.
1261 2537 1315 2576 47
1351 2534 1471 2571 Huds.
1499 2546 1536 2582 p.

877 2592 961 2632 312
997 2591 1112 2629 Gail.:
1171 2588 1257 2638 „w‘
1287 2588 1330 2629 δὲ
1361 2589 1432 2637 ἔξω
1465 2591 1537 2639 τῆς

877 2642 1076 2698 Σύρτιδος
1112 2650 1351 2696 παροικοῦσι
1385 2647 1539 2696 Λίβυες

875 2700 1124 2756 Λωτοφάγοι
1148 2703 1289 2750 ἔθνος,
1334 2700 1445 2753 μέχρι
1465 2703 1540 2740 τοῦ

878 2756 1069 2811 στόματος
1126 2763 1200 2810 τῆς
1248 2757 1380 2807 ἑτέρας
1431 2754 1538 2808 Σύρ-

877 2817 1026 2862 τιδος.“
1054 2816 1146 2853 Plin.
1171 2816 1219 2852 H.
1241 2815 1291 2852 N.
1313 2814 1358 2861 V,
1381 2816 1427 2855 4:
1467 2815 1536 2860 „In

879 2874 1006 2910 intimo
1026 2873 1105 2909 sinu
1118 2873 1256 2921 (Syrtis
1278 2871 1351 2909 scil.
1370 2871 1537 2920 maioris)
