1946 3272
451 194 534 235 162

839 188 1315 232 HERODOTI

449 300 582 352 νέων,
619 299 883 343 πεντακόσια
911 298 1112 343 τάλαντα.
1170 297 1306 354 νομὸς
1342 295 1547 350 δεύτερος
1575 293 1718 349 οὗτος.

422 369 555 414 3Ἀπὸ
595 370 640 413 δὲ
673 368 1041 426 Ἑλλησποντίων,
1086 374 1174 414 τῶν
1211 369 1279 413 ἐπὶ
1329 368 1445 420 δεξιὰ
1486 367 1719 417 ἐσπλέοντι,

451 442 526 485 καὶ
558 445 768 496 Φρυγῶν,
808 442 881 483 καὶ
914 444 1116 496 Θρηΐκων
1144 444 1233 483 τῶν
1275 440 1322 483 ἐν
1362 443 1415 496 τῇ
1453 437 1597 495 Ἀσίῃ,
1645 439 1777 482 καὶ25

452 511 783 568 Παφλαγόνων,
821 511 894 554 καὶ
924 513 1278 564 Μαριανδυνῶν,
1309 511 1383 554 καὶ
1404 512 1601 564 Συρίων,
1630 509 1722 566 ἑξή-

451 599 586 627 κοντα
617 582 689 624 καὶ
716 580 943 636 τριηκόσια
974 577 1029 637 ἧν
1049 582 1236 624 τάλαντα
1259 581 1411 637 φόρος.
1468 581 1605 637 νομὸς
1634 583 1721 635 τρί-

422 657 526 704 4τος
556 646 697 701 οὗτος.
748 649 851 694 Ἀπὸ
896 652 940 695 δὲ
977 655 1192 704 Κιλίκων,
1230 654 1353 696 ἵπποι
1383 667 1427 695 τε
1455 653 1600 696 λευκοὶ
1634 650 1723 708 ἑξή-

396 792 495 829 Add.
521 790 700 840 Stephan.
731 790 822 838 Byz.
854 802 883 826 s.
912 802 945 826 V.
978 789 1060 839 Hy-

396 861 588 897 gennenses
617 846 716 894 quod
739 847 879 891 attinet,
908 846 1059 883 wesse-

396 905 509 951 lingio
530 904 568 940 iu
589 906 747 939 mentem
777 903 877 939 venit
898 902 1059 949 regionis

397 960 609 1008 ObigeneS,
639 970 736 1006 quae
759 957 966 1006 Lycaoniae
994 958 1062 994 suit

396 1029 498 1067 pars,
531 1019 626 1052 teste
650 1013 765 1051 Plinio
786 1014 809 1050 l.
829 1027 858 1050 c.
904 1014 961 1051 De
981 1013 1061 1063 Ly-

398 1073 454 1110 dis
486 1084 528 1108 ac
559 1069 682 1120 ,Mysis
711 1071 806 1108 cons.
832 1070 860 1116 1,
888 1072 941 1111 28
972 1070 1060 1120 ibiq.

398 1133 494 1167 nott.
515 1132 551 1164 et
571 1127 652 1171 Vll,
670 1127 736 1167 74.

454 1179 696 1223 πεντακόσια
715 1178 903 1233 τάλαντα]
926 1182 1063 1220 Vocem

398 1237 605 1293 ἆργυρίου,
637 1252 732 1289 quae
749 1241 787 1276 in
806 1240 889 1277 edd.
910 1239 1064 1276 vetustis

399 1298 570 1342 additur,
612 1297 735 1345 scripti
769 1296 850 1333 libri
880 1298 1062 1344 ignorant.

398 1354 480 1393 Nec
500 1353 663 1398 dubium,
684 1351 777 1389 illam
799 1358 921 1390 mente
944 1353 1064 1402 potius

399 1409 705 1456 subaudiendam,
717 1422 824 1458 quam
846 1409 959 1447 textui
969 1410 1065 1445 inse-

399 1467 551 1505 rendam
581 1478 673 1502 esse.
731 1465 845 1502 Fines
873 1466 978 1502 huius
1006 1478 1065 1501 sa-

385 1523 545 1573 ⁸trapiae
565 1535 645 1559 cum
666 1522 786 1571 priore
809 1521 924 1558 multo
946 1533 1063 1570 angu-

401 1580 529 1616 stiores
549 1578 754 1624 videantur,
783 1591 831 1616 ne
857 1579 937 1627 quis
957 1579 1066 1614 mire—

401 1640 461 1673 tur
480 1636 513 1673 ei
534 1635 708 1671 maiorem
728 1635 870 1683 argenti
887 1645 1065 1670 summam

401 1691 626 1742 impositam:
665 1695 792 1728 monet
816 1690 970 1728 Rennel.
995 1691 1017 1727 l.
1041 1690 1064 1726 l.

401 1761 469 1799 per
497 1747 669 1797 Lydiam,
699 1759 795 1795 quae
817 1747 864 1784 ad
891 1747 983 1783 hanc
1009 1758 1067 1783 sa-

401 1805 558 1854 trapiam
578 1803 769 1854 pertinuit,
783 1804 860 1840 auri
880 1808 915 1840 et
935 1815 1068 1852 argen-

402 1861 430 1898 ti
448 1861 561 1897 fuisse
580 1860 725 1897 metalla
748 1860 970 1908 fluviumque
996 1859 1069 1896 Pa-

401 1916 536 1954 ctolum
569 1929 589 1953 e
618 1915 751 1952 Tmolo
786 1928 913 1952 aurum
944 1928 1066 1953 secum

402 1974 602 2017 ferentem3
633 1984 706 2021 quo
734 1973 889 2017 factum,
922 1976 962 2008 ut
991 1971 1067 2020 Ly-

404 2030 489 2066 diae
514 2041 643 2077 regum
676 2028 825 2065 divitiae
851 2029 887 2064 in
919 2041 1068 2078 prover-

404 2086 502 2122 bium
521 2085 606 2122 olim
627 2085 802 2121 cesserint
823 2085 967 2134 ipsique
988 2083 1066 2133 Ly-

405 2142 456 2178 dii
477 2142 582 2191 primi
611 2153 742 2177 numos
763 2141 943 2187 cuderint,
972 2146 1067 2178 teste

404 2198 598 2235 Herodoto
620 2197 650 2243 l,
677 2197 749 2242 94,
782 2197 845 2233 ubi
873 2197 943 2233 vid.
973 2200 1065 2233 nott.

406 2253 454 2289 Et
472 2255 587 2302 magis
603 2252 670 2290 huc
689 2253 849 2303 pertinet
868 2253 996 2290 Nostri
1016 2253 1068 2289 lo-

405 2322 469 2345 cus
489 2310 534 2355 V,
554 2309 622 2355 49,
653 2309 712 2346 ubi
731 2308 858 2357 Lydos
879 2310 964 2346 dicit
985 2309 1066 2346 Ari-

406 2369 576 2413 stagoras
623 2361 1067 2415 πολυαργυρωτά-

405 2435 527 2467 τους
570 2421 819 2470 optimamque
859 2422 1068 2459 habitantes

406 2482 552 2515 terram.
573 2477 629 2513 Cf.
639 2482 763 2513 annot.
785 2477 821 2513 in
838 2478 973 2514 Xanthi
986 2481 1067 2516 Λυ-

406 2534 559 2572 ὄιακῶν
578 2532 749 2582 reliquias
777 2533 812 2569 in
837 2533 1066 2570 Historicorr.

406 2602 546 2640 graece.
574 2589 765 2638 antiquiss.
798 2590 962 2638 fragmm.
983 2603 1067 2639 pag.

409 2649 489 2688 203
508 2659 563 2695 sq.
595 2645 664 2682 Cr.

464 2698 560 2741 Ἀπό
582 2700 623 2740 δὲ
640 2701 969 2751 Ἑλλησποντίων,
990 2704 1070 2740 τῶν

410 2757 475 2797 ἐπὶ
499 2756 605 2806 δεξιὰ
633 2756 857 2807 ἐσπλέοντι]
889 2759 912 2794 i.
935 2771 965 2795 e.
996 2759 1069 2804 „ab

410 2814 664 2867 Hellespontiis
683 2828 707 2851 a
731 2815 860 2851 dextra
886 2816 980 2851 intro
1003 2829 1072 2852 na·

1116 792 1281 838 viganti,
1315 791 1344 827 si
1376 803 1423 827 sc.
1460 804 1481 827 a
1504 790 1598 827 Mari
1629 788 1779 839 Aegaeo

1118 847 1397 895 Hellespontum
1419 848 1526 896 petis,
1557 851 1596 883 ut
1620 847 1666 883 ad
1690 846 1780 884 Hel-

1117 902 1275 952 lesponti
1300 916 1400 938 oram
1424 903 1620 939 Asiaticam
1649 901 1782 939 intelli-

1117 964 1253 1006 gantur
1273 958 1491 995 habitantes.
1524 958 1580 995 De
1599 958 1781 996 locutione

1117 1013 1180 1053 ἐπὶ
1212 1010 1319 1060 δεξιὰ
1349 1015 1445 1050 conf.
1469 1014 1601 1051 Matth.
1627 1015 1692 1051 Gr.
1713 1014 1781 1051 Gr.

1120 1084 1154 1121 p.
1178 1072 1304 1116 11693
1323 1071 1369 1106 ad
1384 1071 1562 1120 participii
1577 1066 1784 1117 (ἐσπλέον-

1119 1128 1175 1176 τι)
1197 1140 1300 1163 usum
1321 1126 1393 1163 vid.
1415 1131 1506 1163 nott.
1531 1128 1580 1164 ad
1599 1127 1646 1173 11,
1673 1129 1735 1167 11.

1176 1182 1245 1221 καὶ
1269 1184 1441 1234 Φρυγῶν
1472 1198 1507 1220 κ.
1532 1198 1563 1220 τ.
1590 1182 1639 1232 λ.]
1673 1183 1783 1220 Conf.

1122 1238 1352 1285 VII‚72.73.
1385 1239 1442 1277 De
1467 1239 1784 1276 ThracibusA-sia·

1121 1298 1202 1333 ticae's
1217 1296 1288 1332 vid.
1302 1300 1394 1332 nott.
1413 1296 1576 1343 ad1‚28,
1597 1297 1659 1333 ubi
1672 1297 1784 1333 etiam

1121 1354 1169 1390 de
1186 1352 1463 1402 lilarz'cmclynis.
1503 1353 1574 1390 Per
1594 1352 1707 1403 Syro-s·
1724 1352 1783 1389 in-

1122 1409 1233 1446 dicari
1265 1408 1512 1458 Cappadoces,
1542 1413 1648 1459 patet
1682 1422 1725 1447 ex
1754 1408 1784 1455 I,

1122 1468 1188 1512 72,
1219 1466 1280 1502 ubi
1300 1466 1371 1501 vid.
1400 1471 1493 1502 nott.
1514 1465 1594 1502 coll.
1622 1466 1650 1511 Ι,
1673 1468 1711 1505 G.
1738 1465 1786 1512 V,

1123 1521 1189 1562 49.
1226 1521 1412 1567 Troadem,
1441 1535 1461 1558 e
1485 1522 1600 1570 prima
1623 1521 1785 1571 satrapia

1122 1578 1327 1625 exclusam,
1358 1577 1511 1615 Rennel.
1540 1579 1670 1614 statuit
1697 1590 1784 1628 pag.

1121 1633 1204 1674 483
1232 1647 1308 1683 seq.
1344 1632 1426 1673 485
1464 1634 1531 1670 hac
1558 1635 1787 1684 praefectura

1122 1692 1230 1728 tertia
1250 1690 1524 1739 comprehendi,
1550 1702 1645 1740 quae
1658 1690 1687 1727 si
1704 1703 1787 1727 cum

1123 1747 1240 1798 prima
1277 1752 1314 1784 et
1348 1747 1507 1783 secunda
1539 1751 1788 1797 comparetur,

1125 1803 1243 1841 multo
1271 1804 1415 1840 maioris
1437 1803 1595 1840 ambitus
1621 1815 1703 1840 esse
1735 1802 1787 1839 vi-

1124 1861 1273 1905 deatur,
1305 1859 1385 1896 licet
1411 1860 1479 1896 hae
1500 1864 1573 1896 tres
1603 1859 1787 1909 satrapiae

1123 1916 1337 1953 coniunctae
1357 1929 1402 1953 ne
1423 1928 1531 1952 unam
1555 1916 1702 1964 quidem
1725 1927 1788 1952 ea-

1123 1985 1200 2009 rum
1223 1976 1396 2021 aequent,
1419 1971 1544 2021 quales
1567 1973 1603 2008 in
1627 1972 1787 2009 orienta-

1124 2028 1216 2065 libus
1229 2029 1332 2078 regni
1353 2029 1516 2078 partibus
1530 2028 1664 2066 fuerint
1685 2028 1788 2065 insti-

1123 2090 1234 2122 tutae.
1307 2084 1632 2134 Complectebatur
1664 2088 1788 2122 autem

1122 2142 1229 2179 tertia
1250 2142 1476 2191 praefectura
1496 2154 1642 2179 omnem
1661 2138 1787 2177 Asiam

1123 2198 1298 2235 minorem
1320 2198 1496 2235 orientem
1522 2209 1648 2235 versus
1668 2209 1690 2233 a
1708 2195 1787 2244 Ly-

1124 2255 1198 2299 dia,
1210 2255 1494 2304 septentrionem
1515 2265 1637 2291 versus
1650 2265 1672 2289 a
1685 2252 1721 2289 T
1723 2265 1790 2289 au-

1125 2324 1180 2357 ro,
1209 2311 1257 2347 ad
1279 2310 1437 2347 Pontum
1459 2322 1573 2358 usque
1600 2314 1638 2346 et
1668 2308 1788 2346 Ther-

1124 2368 1335 2404 modontem
1359 2367 1517 2402 fluvium.

1181 2418 1275 2460 Ἀπὸ
1309 2419 1350 2460 δὲ
1375 2420 1574 2471 Κιλίκων]
1608 2421 1690 2459 lure
1711 2424 1788 2458 sta-

1124 2480 1193 2515 tuit
1215 2478 1367 2515 Rennel.
1389 2478 1410 2514 l.
1433 2478 1455 2514 l.
1480 2490 1564 2527 pag.
1589 2477 1670 2518 485
1699 2477 1790 2515 Cili-

1125 2536 1201 2571 ciae
1224 2535 1313 2570 fines
1337 2534 1519 2571 Herodoti
1541 2540 1660 2571 aetate
1680 2533 1789 2571 latio-

1125 2604 1182 2628 res
1201 2591 1323 2635 fuisse,
1355 2595 1391 2626 ut
1419 2591 1481 2639 qui
1507 2591 1682 2628 orientem
1706 2603 1788 2628 ver-

1126 2660 1187 2683 sus
1200 2647 1421 2696 Euphratem
1430 2647 1620 2695 attigerint
1632 2647 1699 2694 (V,
1712 2647 1786 2694 52)

1126 2709 1163 2740 et
1186 2703 1410 2739 occidentem
1433 2716 1549 2751 aeque
1573 2716 1614 2740 ac
1638 2707 1788 2753 septen-

1126 2760 1279 2796 trionem
1309 2772 1432 2795 xersus
1458 2760 1547 2796 {ines
1576 2764 1695 2796 terrae
1716 2772 1787 2810 po-

1126 2815 1287 2854 sterioris
1314 2815 1425 2852 multo
1447 2816 1711 2867 superaverint.
