1863 3256
457 220 1016 259 MELPOMENE.
1077 221 1137 257 IV.

1357 229 1440 267 533

167 329 341 374 σάντων
361 332 407 375 δὲ
425 335 479 389 τῇ
498 329 650 387 γνώμῃ
667 333 757 373 τῶν
776 330 1152 384 Λακεδαιμονίων,
1180 330 1295 382 τρισὶ
1314 348 1435 387 τριη-

164 402 410 457 κοντέροισι
445 402 488 453 ἐς
513 402 619 453 τούς
648 400 940 458 Μεμβλιάρεω
969 399 1219 455 ἀπογόνους
1249 399 1433 444 ἔπλωσε·

136 471 262 516 4οὔτι
273 472 439 524 πάντας
452 471 570 529 ἄγων
585 473 690 524 τοὺς
703 472 895 524 Μινύας,
919 468 1007 514 ἀλλ’
1030 469 1207 526 ὀλίγους
1220 468 1356 521 τινάς.
1391 474 1434 513 οἱ

162 543 247 598 γὰρ
280 548 462 596 πλεῦνες
492 543 635 588 αὐτῶν
665 542 904 598 ἐτράποντο
934 544 977 593 ἐς
1005 542 1108 593 τούς
1138 540 1432 597 Παρωρεάτας

161 615 235 657 καὶ
273 612 522 666 Καύκωνας
538 630 546 638 ·

159 764 248 807 οὔτι
267 782 423 814 παντας
443 782 553 819 αγων
571 782 664 813 τους
682 769 766 805 Μι-

100 819 225 871 vias,
255 819 338 863 αλλ’
365 819 524 876 ὀλίγους
541 820 670 875 τινάς]
690 822 766 860 Au-

101 885 180 919 ctor
205 893 244 918 es
248 885 262 918 t
289 881 490 918 Pausanias
511 881 599 928 VII,
626 885 651 922 2
680 878 717 930 ἓ.
737 883 763 920 2

101 937 180 976 coll.
200 936 374 988 Apollon.
396 938 519 976 Rhod.
552 938 621 984 lV,
654 939 763 978 1762

101 1008 180 1044 seq.
221 994 385 1032 Theram
404 994 626 1032 Thebanum
643 994 763 1031 Lace-

99 1051 314 1089 daemonios
329 1055 442 1101 atque
453 1052 600 1101 Minyas
618 1051 761 1088 Lemno

99 1108 236 1146 eiectos
257 1108 403 1147 duxisse
428 1108 580 1145 colonos
603 1109 640 1144 in
661 1108 759 1144 insu-

99 1164 171 1202 lam
190 1164 383 1212 Callisten,
415 1178 509 1214 quae
530 1164 601 1202 iam
615 1164 760 1201 Therae

98 1222 285 1272 acceperit
304 1234 450 1259 nomen.
489 1219 572 1259 Alia
588 1221 761 1270 leguntur

96 1279 197 1328 apud
219 1278 402 1315 Plutarch.
433 1278 531 1328 Opp.
557 1277 590 1314 II
614 1291 651 1328 p.
676 1279 758 1318 247

96 1334 143 1371 Ι).
162 1339 199 1372 et
218 1336 301 1376 296
316 1335 361 1371 B.
420 1333 474 1371 Ac
491 1334 632 1372 Dorum
654 1333 758 1369 inva-

96 1391 199 1428 sione
230 1391 459 1440 potissimum
487 1392 622 1427 sactum
654 1394 759 1439 putat

94 1446 140 1484 C.
155 1448 200 1484 O.
220 1446 364 1485 Miiller.
385 1446 451 1485 1.l.
474 1460 511 1497 p.
532 1448 616 1488 360
637 1459 757 1496 seqq„

94 1508 135 1540 ut
145 1504 309 1554 Minyae,
339 1517 449 1553 quam
467 1503 653 1541 Laconiae
671 1515 757 1553 par-

91 1564 168 1598 tem
188 1562 225 1598 in
242 1573 332 1610 agro
344 1560 539 1611 Amyclaeo
557 1560 754 1607 tenuerint,

91 1617 297 1666 relinquere
335 1618 471 1664 coacti,
521 1616 609 1654 alias
645 1617 752 1654 sedes

90 1677 272 1724 peterent,
295 1673 353 1712 alii
372 1675 410 1710 in
432 1673 579 1711 Therae
602 1686 645 1710 ac
663 1672 754 1710 Meli

89 1729 243 1768 insulam
268 1732 509 1777 traiicientes,
541 1730 624 1777 alii,
655 1730 752 1778 iique

87 1786 230 1838 plurimi
248 1801 316 1837 per
333 1786 527 1825 Arcadiam
547 1799 589 1824 ac
608 1785 751 1824 Messe-

89 1844 188 1881 niam
215 1845 415 1894 migrantes
450 1844 486 1880 in
516 1856 597 1881 eam
629 1843 750 1892 regio-

87 1913 196 1948 nem,
243 1914 339 1950 quae
366 1899 561 1950 Triphylia
589 1906 751 1946 vocatur,

87 1957 174 2004 ubi,
223 1958 346 1995 eiectis
391 1958 573 2008 prioribus
621 1956 749 1994 incolis

87 2013 295 2052 Paroreatis
342 2018 456 2064 atque
499 2013 747 2059 Canconibus,

87 2083 150 2108 sex
176 2071 285 2108 urbes
318 2071 561 2108 condiderunt
589 2071 746 2108 totidem

86 2140 153 2178 per
186 2127 301 2164 tribus
335 2128 404 2178 ipsi
431 2127 534 2164 divisi
567 2139 610 2164 ac
639 2127 747 2164 simili

85 2197 160 2234 quo
178 2184 285 2221 Iones
308 2188 422 2234 atque
440 2183 577 2220 Achaei
596 2185 746 2221 foedere

85 2242 267 2279 coniuncti
306 2241 373 2278 sub
407 2239 574 2290 Neptuni
617 2239 744 2289 tutela,

85 2298 186 2335 cuius
215 2299 393 2349 templum
422 2298 458 2333 in
485 2297 630 2333 Samico
658 2309 746 2347 pro-

83 2355 264 2392 montorio
283 2355 351 2391 fuit
371 2355 492 2391 situm.
552 2352 648 2390 Nam
678 2353 745 2390 hac

85 2411 122 2448 in
152 2424 217 2448 ora
245 2412 354 2449 maris
385 2412 456 2448 iam
487 2410 570 2447 olim
598 2410 744 2459 Minyas

84 2469 295 2506 consedisse
316 2467 391 2505 vult
409 2468 506 2505 idem
528 2466 672 2504 Miiller.
685 2467 706 2504 l.
721 2466 744 2503 l.

82 2536 170 2576 pag.
190 2526 266 2565 371
285 2539 297 2571 3
333 2529 376 2562 ut
394 2525 441 2562 ad
461 2528 639 2573 cognatos
660 2536 746 2561 suos

83 2593 127 2618 ac
150 2581 307 2630 gentiles
333 2580 608 2631 quodammodo
628 2593 670 2619 se
688 2594 746 2618 re-

83 2637 260 2688 ceperint.

140 2692 181 2740 ἐς
218 2690 314 2740 τούς
362 2689 634 2745 Παρωρεάτας
678 2693 745 2733 καὶ

85 2748 329 2799 Καύκωνας]
370 2750 412 2786 In
433 2751 620 2788 Sancrosti
652 2750 745 2789 libro

83 2812 203 2847 exstat
225 2801 515 2859 Παρεωρᾶτας;
543 2807 637 2844 infra
649 2808 746 2855 VIII,

84 2867 138 2906 73
163 2877 290 2903 omnes
323 2862 426 2911 libri,
457 2867 632 2913 quantum
656 2866 745 2913 scio,

614 612 802 665 τούτους
846 615 871 657 δ
880 611 891 628 ’

930 613 1203 666 ἐξελάσαντες
1257 613 1305 657 ἐκ
1355 616 1490 669 τῆςῖο

824 769 1100 819 Παρωρεῆται.
1167 766 1277 819 Apud
1308 767 1484 819 Stephan.

821 823 978 873 Byzant.
997 838 1025 862 s.
1043 839 1075 862 V.
1097 821 1312 876 Παρώρεια
1339 838 1374 876 [λ
1397 824 1477 866 631

821 881 954 918 citatur
1000 877 1299 932 Παρωραιαται.
1371 881 1482 918 Cous.

820 938 930 975 etiam
951 938 1109 976 Siebelis
1136 939 1184 975 ad
1205 938 1363 975 Pausan.
1380 937 1481 984 VIII,

820 994 873 1035 35
893 993 930 1046 ᾖ.
952 997 990 1037 6.
1025 995 1127 1033 Idem
1146 995 1361 1033 vocabulum
1383 967 1481 1031 haud

818 1052 893 1088 scio
928 1065 975 1089 an
1009 1053 1273 1090 restituendum
1304 1051 1480 1088 Straboni

820 1107 904 1146 VIII
922 1123 959 1160 p.
980 1107 1063 1150 346
1085 1109 1129 1146 B.
1155 1122 1183 1145 S.
1209 1109 1292 1149 532
1312 1109 1376 1153 C.‚
1418 1108 1479 1145 ubi

816 1178 884 1215 pro
906 1165 1002 1214 vulg.
1025 1161 1262 1217 Παρονᾶται
1280 1165 1478 1213 legendum

819 1218 1085 1274 Παρωρεάται
1117 1223 1193 1259 sive
1220 1222 1352 1259 rectius
1385 1222 1476 1259 Πα-

817 1281 1025 1330 ρωρεᾶται.
1092 1278 1150 1316 De
1178 1278 1400 1315 Cauconz'bus
1440 1278 1478 1314 in

816 1334 1011 1385 Triphylia
1068 1335 1315 1371 habitantibus
1377 1334 1476 1371 idem

814 1391 952 1429 Strabo
972 1390 1136 1442 pluribus
1154 1391 1264 1428 refert
1283 1389 1369 1427 VIII
1388 1402 1475 1440 pag.

813 1448 897 1489 345
920 1461 953 1487 S.
975 1448 1053 1488 531
1075 1447 1119 1484 A.
1140 1460 1222 1496 sqq.
1237 1475 1248 1493 ‚
1286 1447 1349 1496 qui
1365 1446 1476 1497 paulo

812 1510 898 1554 post
929 1518 966 1555 p.
1002 1503 1086 1546 534
1112 1503 1155 1540 Α.
1183 1505 1476 1552 Argonautarum

812 1561 939 1598 horum
959 1566 1128 1611 posteros
1145 1560 1289 1597 Lemno
1306 1559 1477 1609 expulsos

810 1619 847 1654 in
868 1617 1185 1655 Lacedaemonem
1204 1621 1314 1666 atque
1334 1617 1421 1653 inde
1439 1617 1476 1653 in

815 1673 1044 1724 Triphyliam
1062 1674 1205 1712 venisse
1224 1678 1382 1710 enarrat.
1417 1672 1473 1710 De

810 1744 883 1781 qua
903 1731 1055 1780 regione
1077 1744 1173 1768 nune
1194 1730 1353 1766 omnium
1371 1729 1472 1779 opti-

809 1801 868 1826 me
894 1789 972 1837 egit
1002 1789 1045 1825 C.
1075 1789 1122 1825 O.
1149 1786 1292 1824 Miiller.
1329 1785 1471 1823 Orcho-

808 1858 904 1882 men.
923 1857 1009 1895 pag.
1030 1847 1111 1885 361
1136 1857 1241 1893 seqq.
1261 1842 1338 1880 coll.
1359 1841 1469 1879 Man-

807 1907 901 1939 nert.
927 1902 1068 1950 Geogr.
1092 1900 1179 1938 VIII
1206 1915 1244 1951 p.
1269 1898 1362 1940 481-
1386 1899 1470 1939 518

806 1971 910 2008 seqq.
969 1958 1051 1995 Hae
1089 1958 1187 1995 enirn
1222 1958 1259 1993 in
1300 1957 1466 2004 regione,

805 2027 902 2063 quae
933 2016 980 2052 ab
1000 2014 1144 2065 Alpheo
1176 2014 1468 2052 meridiem-ver-

805 2084 865 2108 sus
882 2076 1029 2122 praeter
1050 2084 1150 2108 oram
1170 2071 1386 2107 maritimam
1405 2082 1464 2105 us-

804 2141 877 2177 que
910 2129 958 2165 ad
997 2127 1145 2166 Nedam
1183 2127 1467 2174 Messeniaeque

804 2185 897 2222 fines
935 2185 1227 2230 extendebatur,
1283 2184 1464 2231 sedesque

803 2242 1004 2292 praecipua
1034 2241 1315 2278 Paroreatarum
1347 2240 1464 2288 (quae

803 2297 1005 2336 Arcadicae
1029 2298 1152 2348 stirpis
1181 2297 1247 2334 fuit
1274 2300 1388 2345 gens)
1408 2299 1463 2332 at'-

802 2368 876 2404 que
906 2356 1015 2392 etiam
1042 2355 1256 2392 Cauconum
1284 2365 1328 2391 ex
1358 2356 1463 2403 parte

800 2412 895 2458 suit,
932 2412 1084 2462 Minyae
1105 2424 1170 2449 sex
1196 2409 1257 2446 illa
1286 2409 1464 2447 condide-

801 2472 887 2505 runt
904 2469 1064 2520 oppida,
1093 2467 1287 2505 Herodoto
1305 2478 1463 2504 comme-

801 2530 967 2572 morata3
1021 2525 1118 2562 inter
1166 2537 1262 2573 quae
1314 2522 1465 2573 Pkryxa

802 2582 879 2619 sive
914 2580 974 2633 (ut
1007 2581 1066 2619 alii
1102 2578 1245 2631 volunt)
1280 2579 1464 2629 Phryxae,

802 2639 964 2676 omnium
985 2638 1140 2676 maxime
1166 2637 1215 2674 ad
1243 2636 1463 2686 septentrio-

801 2708 886 2733 nem
913 2696 982 2733 sita
1005 2695 1044 2732 in
1064 2693 1229 2732 confiniis
1250 2694 1327 2729 sere
1350 2690 1464 2726 Arca-

802 2753 886 2790 diae
911 2756 1025 2801 atque
1041 2751 1178 2794 Elidis,
1213 2748 1363 2796 triginta
1381 2752 1464 2782 tan-

800 2812 878 2846 tum
911 2809 1075 2846 distabat
1104 2805 1234 2843 stadiis
1265 2804 1312 2840 ab
1337 2802 1465 2851 Olym-

801 2865 873 2915 pia.
921 2865 1104 2914 Phryxam
1132 2860 1320 2899 meridiem
1338 2872 1464 2897 versus
