1863 3256
435 149 998 192 MELPOMENE.
1055 151 1118 188 IV.

1323 159 1408 199 417

144 262 501 314 καλλιστεύοντας
544 259 836 317 πεντήκοντα,
883 258 1100 312 ἐξελόντες
1145 257 1294 303 αὐτῶν
1329 265 1410 320 τήν

143 337 342 390 κοιλίην,
385 334 457 377 καὶ
486 331 780 389 καθῄραντες,
830 330 1059 386 ἐμπιπλᾶσι
1088 329 1287 386 ἀχύρων,
1335 337 1409 377 καὶ

145 404 466 461 συρράπτουσι·
517 401 673 455 ἁψίδος
703 403 748 445 δὲ
785 401 919 457 ἥμισυ
950 401 1019 444 ἐπὶ
1048 399 1131 444 δύο
1173 400 1281 453 ξύλα
1314 404 1468 459 στῆ-3ο

145 488 296 525 σαντες
324 475 507 525 ὕπτιον,
539 473 613 516 καὶ
642 473 690 516 τὸ
722 473 871 525 ἕτερον
899 472 1032 528 ἥμισυ
1062 477 1137 528 τῆς
1162 472 1320 524 ἁψῖδος
1342 474 1412 517 ἐπ’

143 546 266 600 ἕτερα
314 543 419 596 δύο,
476 543 798 599 καταπήξαντες
846 542 994 602 τρόπῳ
1042 542 1225 601 τοιούτῳ
1269 546 1411 590 πολλοὶ

113 620 309 659 3ταῦτα·
362 615 506 658 ἔπειτα
544 619 634 657 τῶν
673 615 822 656 ἵππων
865 614 976 656 κατὰ
1021 613 1074 657 τοὶ
1120 613 1258 671 μήκεα
1306 617 1413 668 ξύλα

143 687 281 741 παχέα
321 684 595 735 διελάσαντες
632 682 755 739 μέχρι
793 687 880 727 τῶν
919 685 1165 741 τραχήλων,
1206 684 1412 744 ἀναβιβα-

144 761 268 811 ζουσι
299 753 461 806 αύτούς
491 754 559 797 ἐπὶ
586 753 664 806 τοὶς
695 754 875 806 ἆψίδας·
920 759 1009 797 τῶν
1039 756 1106 806 δὲ,
1139 758 1186 798 αἱ
1206 758 1285 811 μὲν
1305 759 1468 813 πρό-35

141 845 264 881 τεραι
295 824 446 877 ἁψίδες
474 825 686 880 ὑπέχουσι
713 826 818 877 τούς
849 826 996 881 ὤμους
1025 830 1114 869 τῶν
1144 829 1308 871 ἵππων·
1366 833 1412 875 αἱ

145 900 190 943 δὲ
222 898 377 942 ὄπισθε
407 895 526 951 παρὰ
555 896 658 947 τούς
691 896 858 952 μηρούς
886 897 962 947 τὰς
981 896 1192 952 γαστέρας
1219 897 1412 958 ὑπολαμ-

143 969 352 1027 βάνουσι·
386 968 534 1011 σκέλεα
555 968 600 1010 δὲ
625 966 853 1024 α’μφότερα
874 969 1193 1023 κατακρέμαται
1208 971 1413 1025 μετέωρον

114 1040 356 1097 4χαλινούς
387 1040 431 1082 δὲ
464 1039 537 1082 καὶ
568 1038 724 1094 στόμια
747 1038 1004 1093 ἐμβαλόντες
1035 1039 1076 1090 ἐς
1105 1039 1209 1090 τούς
1237 1041 1412 1094 ἵππους,

143 1114 449 1156 κατατείνουσι
487 1109 530 1161 ἐς
569 1108 618 1153 τὸ
649 1109 848 1163 πρόσθεν
879 1108 1046 1159 αὐτῶν,
1089 1110 1163 1153 καὶ
1194 1110 1336 1155 ἔπειτα
1365 1113 1414 1156 ἐκ

115 1182 381 1227 5πασσάλων
411 1180 571 1225 δέουσι.

631 1183 719 1223 τῶν
751 1179 796 1222 δὲ
827 1180 879 1234 δὴ
909 1182 1150 1235 νεηνίσκων
1185 1185 1273 1224 τῶν
1304 1181 1412 1227 ἀπο-
1425 1188 1470 1226 4ο

143 1253 442 1310 πεπνιγμένων
470 1256 560 1295 τῶν
587 1249 856 1307 πεντήκοντα
885 1250 961 1293 ἕνα
992 1250 1175 1294 ἕκαστον
1206 1251 1415 1309 ἀναβιβα-

145 1329 266 1379 ζουσι
305 1324 374 1367 ἐπὶ
413 1322 492 1368 τὸν
530 1324 686 1375 ἵππον,
738 1317 821 1365 ὦδε
866 1321 1226 1377 ἀναβιβάζοντες·
1283 1324 1415 1369 ἐπεὰν

145 1399 307 1450 νεκροῦ
347 1393 532 1438 ἑκάστου
568 1393 689 1449 παρὰ
727 1393 806 1451 τὴν
846 1392 1049 1437 ἄκανθαν
1092 1392 1225 1445 ξύλον
1272 1393 1414 1449 ὀρθὸν

146 1468 376 1512 διελάσωσι
404 1467 529 1522 μέχρι
560 1470 642 1509 τοῦ
670 1464 912 1521 τραχήλου,
954 1464 1155 1508 κάτωθεν
1187 1465 1232 1508 δὲ
1261 1465 1414 1521 ὑπερέ-

146 1554 211 1594 χει
237 1542 320 1582 τοῦ
339 1537 472 1591 ξύλου
493 1538 682 1593 τούτου,
717 1536 764 1582 τὸ
796 1537 838 1589 ἐς
865 1535 1031 1593 τόρμον
1059 1535 1308 1594 πηγνύουσι
1337 1542 1471 1582 τοῦ45

90 1709 283 1761 τουτέων,·
302 1712 464 1762 itemque
477 1705 681 1752 καλλιστεύ
687 1726 750 1752 ον-

91 1783 160 1815 τας
176 1782 243 1819 pro
264 1768 361 1819 vulg.
378 1769 621 1816 καλλίστους.
652 1769 750 1808 Nam

91 1821 358 1864 καλλιστεύειν
393 1826 409 1872 (
413 1825 535 1876 forma
569 1827 752 1872 excellere)

91 1882 192 1919 haud
231 1882 441 1932 infrequens
487 1885 686 1930 invenitur,
724 1883 754 1930 Ι,

93 1941 186 1979 196.
225 1939 298 1985 lV,
333 1941 425 1980 163.
464 1942 555 1980 180.
599 1940 661 1986 Vl,
687 1941 752 1979 64.

90 1995 180 2042 vll,
212 1997 302 2036 180.
352 1995 462 2043 vlu,
497 1995 588 2037 124.
647 1996 755 2039 Quae

91 2051 296 2100 Schweigh.
321 2052 356 2088 in
378 2051 467 2090 Lex.
493 2052 632 2090 Herod.
654 2057 755 2089 attu-

91 2107 145 2144 lit.
193 2107 252 2145 Ad
283 2108 439 2160 κοιλίην
466 2110 562 2147 conf.
589 2112 682 2148 nott.
705 2109 756 2147 ad

93 2163 141 2212 ΙΙ,
162 2166 226 2205 86.
250 2165 316 2204 87.

152 2218 304 2270 ἁψῖδος
336 2217 379 2259 δὲ
417 2215 543 2272 ἥμισυ
585 2218 649 2260 ἐπὶ
679 2217 753 2261 δύο

95 2273 194 2324 ξύλα
225 2274 440 2326 στήσαντες
467 2274 638 2327 ὕπτιον]
668 2278 691 2314 i.
722 2291 755 2315 e.

96 2335 159 2370 ubi
192 2334 419 2370 dimidiatum
459 2338 557 2371 rotae
589 2334 756 2371 circulum

97 2403 199 2439 super
217 2391 347 2427 (luobus
373 2391 484 2438 lignis
505 2393 666 2441 supinum
687 2391 756 2427 ‹rol—

97 2445 269 2484 ἰοοατιιηΐ.
321 2447 428 2491 Quae
455 2448 566 2498 paulo
606 2449 754 2485 inferius

98 2507 296 2550 sequuntur
326 2504 457 2540 verba:
505 2503 638 2543 ἔπειτα
675 2506 756 2542 τῶν

97 2557 233 2596 ’ἵππων
253 2579 307 2586 -
326 2558 390 2598 ἐπὶ
411 2556 482 2606 τοὶς
504 2558 678 2610 ἆψίδας,
703 2561 755 2597 ita

98 2615 268 2662 equidem
291 2615 473 2664 intelligo:
504 2617 641 2663 deinde,
658 2621 756 2667 post-

101 2683 206 2720 quam
239 2672 351 2720 spissa
373 2672 476 2719 ligna
498 2686 564 2722 per
593 2686 756 2723 equorum

102 2740 246 2776 corpora
268 2739 373 2776 usque
389 2728 437 2763 ad
455 2729 544 2766 colla
567 2731 756 2767 secundum

102 2783 359 2831 longitudinem
397 2783 597 2835 (luxerant,
655 2799 758 2836 equos

157 2840 368 2877 HERODOT.
399 2839 445 2877 ll.

808 1714 990 1763 imponunt
1020 1710 1220 1749 dimidiatis
1251 1713 1330 1748 istis
1358 1713 1473 1749 circu-

810 1770 865 1806 lis.
915 1770 975 1807 Ad
1004 1765 1340 1820 ὑπολαμβάνουσι
1372 1770 1470 1807 conf.

809 1827 839 1875 Ι,
864 1826 919 1866 24
945 1826 1034 1874 ibiq.
1052 1830 1145 1862 nott.

866 1879 1053 1932 χαλινούς
1077 1879 1120 1920 δὲ
1147 1878 1215 1919 καὶ
1241 1875 1382 1931 στόμια
1405 1878 1472 1931 ἒμ-

813 1935 1001 1990 βαλόντες
1018 1953 1052 1977 κ.
1069 1953 1101 1976 τ.
1124 1936 1172 1988 λ.]
1214 1937 1236 1974 i.
1259 1950 1290 1974 e.
1304 1937 1418 1987 frena
1438 1940 1470 1974 et

811 1996 967 2033 habenas
1005 1997 1102 2045 equis
1140 1996 1291 2032 iniectas
1330 1997 1472 2031 antror-

811 2066 887 2089 sum
918 2053 985 2100 (ab
1013 2053 1055 2088 iis
1085 2065 1132 2089 sc.
1163 2052 1289 2100 equis)
1320 2051 1471 2087 tendunt

812 2112 843 2146 et
867 2123 890 2145 α
907 2109 991 2159 palo
1016 2108 1244 2158 suspendunt.
1259 2128 1315 2134 —·-
1332 2107 1474 2154 „Dabit

812 2167 895 2215 equi
925 2165 998 2203 tale
1019 2164 1284 2215 spectaculum,
1322 2176 1366 2201 ex
1390 2164 1474 2200 ulti-

811 2235 871 2259 ma
892 2222 1068 2258 'sartaria
1087 2221 1348 2267 transmissum,
1377 2220 1474 2257 Wit-

813 2292 887 2316 sen.
919 2278 1100 2328 Descript.
1127 2277 1276 2314 Tartar.
1306 2289 1394 2326 pag.
1419 2278 1468 2317 81

812 2339 1093 2383 ostentaturque
1111 2333 1252 2370 Leidae
1273 2345 1348 2369 non
1368 2333 1475 2370 dissi-

812 2393 898 2428 mile
922 2392 959 2428 in
986 2390 1160 2428 tabula.“
1219 2389 1396 2426 Wessel.
1418 2410 1475 2417 —-

812 2449 854 2485 In
875 2460 979 2497 seqq.
1010 2447 1058 2484 ad
1084 2443 1273 2486 ἄκανθαν
1306 2447 1400 2482 conf.
1425 2445 1473 2491 II,

814 2504 892 2551 75,
937 2504 1001 2540 ubi
1040 2504 1088 2541 de
1122 2504 1263 2540 ossibus
1299 2515 1328 2539 s.
1362 2502 1476 2552 spinis

812 2560 976 2612 piscium.
1000 2554 1142 2611 τόρμος
1162 2565 1217 2597 est
1227 2559 1412 2609 foramen,
1435 2560 1476 2593 ut

812 2622 938 2655 monet
965 2616 1122 2655 wessel.
1156 2617 1205 2654 ad
1236 2615 1389 2653 Diodor.
1413 2612 1474 2648 Si-

814 2673 881 2711 cuI.
902 2674 949 2720 ΙΙ,
971 2674 1008 2712 8.

870 2725 1057 2768 κάτωθεν
1078 2724 1128 2766 δὲ
1148 2724 1327 2776 ’ὑπερέχει
1340 2740 1374 2764 κ.
1387 2722 1474 2774 τ.λ.]

814 2785 970 2824 Videtur
1012 2783 1189 2835 partIcuIa
1236 2781 1278 2821 δὲ
1320 2781 1476 2820 exordiri

1146 2840 1199 2879 27
