1946 3272
604 211 1078 254 THALIA.111.

1383 219 1467 259 165

194 335 306 375 τοῖσι
326 329 372 373 ἐν
394 330 455 385 τῷ
475 328 632 383 Λευκῷ
652 324 779 379 τείχεϊ
792 327 853 380 τῷ
875 323 921 366 ἐν
942 321 1101 377 Ιὶῑέμφι
1120 323 1468 377 κατοικημένοισι

194 398 554 456 καταμετρέουσι,
596 395 668 438 καὶ
698 400 812 438 τοῖσι
842 392 1011 437 τούτων
1042 392 1330 448 ἐπικούροισι.
1389 411 1466 436 νο-

167 472 280 527 5μός
317 468 436 517 ἕκτος
475 468 615 516 οὑτος.

675 466 955 521 Σατταγύδαι
994 464 1062 515 δὲ,
1106 463 1178 506 καὶ
1210 463 1466 518 Γανδάριοι,
1481 471 1524 504 50

193 542 267 586 καὶ
285 540 475 583 Δαδίκαι
502 553 548 581 τε
575 537 648 580 καὶ
662 536 924 594 Ἀπαρύται,
956 535 999 588 ἐς
1029 532 1170 578 τώυτὸ
1201 536 1468 592 τεταγμένοι,

136 704 236 754 qnod
260 702 395 740 Aldina
423 702 551 741 offert:
592 702 703 742 σίτου
726 699 801 755 γάρ

135 762 228 810 (pro
259 755 361 811 πρὸς
387 756 491 811 γάρ)
528 760 802 809 recipiendum,

134 829 202 854 nec
246 829 364 865 magis
401 829 527 854 vocem
570 813 726 866 πυρούς
766 818 801 853 in

133 869 236 924 πρός
254 873 389 919 latere,
422 886 517 922 quae
538 873 728 910 Schaeferi
753 874 801 910 ad

132 928 319 967 Lanibert.
335 929 422 966 Bos.
442 930 501 966 De
523 929 657 979 ellipss‚
677 930 720 967 L.
734 930 800 967 Gr.

133 999 221 1037 pag.
248 988 330 1026 270
365 991 423 1023 est
462 987 643 1036 suspicio,
695 988 800 1036 equi-

134 1043 219 1080 dem
259 1042 487 1080 crediderim.
546 1043 605 1079 Ad
637 1040 801 1095 μυριάσι

133 1099 287 1148 intellig.
323 1100 553 1149 μεδίμνοις,
601 1113 695 1148 quae
732 1113 802 1136 vox

133 1156 246 1193 modo
273 1156 442 1202 additur,
487 1156 598 1192 modo
626 1157 803 1193 omittitur

135 1210 249 1263 (conf.
283 1211 467 1249 Schaefer.
511 1211 534 1248 l.
567 1212 627 1261 l.).
703 1212 801 1249 Nam

135 1269 172 1305 in
218 1267 350 1304 talibus
389 1269 593 1304 indicandis
623 1268 802 1316 Graecos,

133 1337 339 1363 mensuram
379 1329 415 1362 et
457 1326 638 1375 speciem,
665 1326 803 1376 quippe

133 1381 243 1430 vulgo
260 1386 399 1428 notam,
418 1381 517 1418 haud
536 1395 619 1419 raro
636 1384 803 1420 omittere

134 1444 236 1477 recte
259 1438 469 1475 observavit
487 1438 708 1476 Gronovius,

191 1498 294 1535 τοῖσι
308 1517 360 1521 -
380 1494 717 1546 κατοικημένοισι]
744 1495 803 1534 De

134 1552 206 1590 hoc
233 1552 425 1603 participio
447 1554 541 1589 conf.
563 1553 591 1599 Ι,
615 1556 680 1594 27.
722 1552 804 1601 Me-

135 1614 301 1648 moratur
345 1609 445 1658 apud
481 1609 733 1659 Thucydidem
773 1609 803 1656 1,

138 1669 220 1707 104
241 1665 350 1702 tertia
368 1665 591 1716 Memphidis
610 1679 707 1717 pars,
735 1679 804 1702 no-

135 1723 232 1760 mine
251 1719 408 1760 Λευκὸν
429 1726 576 1772 τεῖχος,
607 1724 709 1772 quod
734 1722 803 1759 sci-

134 1779 239 1826 licet,
268 1783 439 1816 monente
460 1779 688 1827 Scholiasta,
718 1779 802 1816 reli-

135 1849 231 1886 quae
262 1836 357 1872 duae
393 1836 492 1872 urbis
527 1843 654 1886 partes
687 1836 802 1873 latere

134 1891 252 1930 coctili
281 1896 486 1930 exstructae
524 1898 650 1938 erant,
693 1893 802 1930 tertia

134 1962 222 2000 pars
261 1948 453 1999 lapidibus.
509 1949 606 1986 Add.
646 1949 800 1986 Diodor.

135 2007 208 2043 Sic.
230 2005 293 2052 IX,
315 2004 381 2044 74.
412 2005 472 2043 Ad
490 2019 616 2043 vocem
641 2000 803 2045 ἐπικού-

137 2077 233 2114 ρους
263 2062 357 2099 conf.
391 2067 483 2099 nott.
513 2063 562 2099 ad
585 2063 648 2110 ΙΙΙ,
679 2064 717 2104 4.
743 2083 801 2090 -

136 2119 222 2170 lpsa
239 2119 367 2156 tributi
387 2132 548 2166 summa,
579 2133 675 2169 quae
691 2119 805 2156 inclu-

136 2189 178 2213 so
200 2177 403 2223 frumenti),
433 2177 491 2212 vix
514 2180 561 2213 ad
586 2178 694 2214 vicies
715 2189 802 2214 cen-

135 2237 224 2270 tena
250 2232 360 2270 millia
386 2233 624 2283 imperialium
654 2239 802 2270 nostrae

136 2294 306 2327 monetae
349 2290 564 2337 adscendit,
615 2290 714 2327 haud
752 2291 802 2327 ita

137 2359 270 2395 magna
290 2347 433 2383 videtur
452 2346 633 2394 Rennelio
668 2347 689 2384 l.
720 2347 742 2384 l.
764 2360 802 2397 p.

138 2404 241 2451 525,
272 2404 302 2440 si
325 2404 474 2453 quidem
503 2404 621 2441 tricies
648 2409 803 2442 centena

138 2460 247 2497 millia
275 2460 459 2497 hominum
497 2462 643 2497 omnino
671 2463 707 2498 in
730 2461 804 2498 Ae-

142 2521 254 2566 gypto
274 2518 383 2554 fuisse
414 2513 487 2569 (ut
506 2517 661 2554 Diodor.
692 2519 804 2555 refert

141 2571 179 2619 l,
213 2571 289 2624 31)
332 2576 578 2624 reputaveris,
621 2575 671 2611 ita
703 2575 803 2611 utin

144 2628 284 2677 singula
303 2631 423 2681 capita
439 2631 496 2668 vix
514 2632 675 2670 sedecim
699 2643 804 2681 gros-

143 2685 174 2722 si
194 2685 335 2723 cadant.

201 2738 322 2790 νομός
350 2742 456 2791 ἕκτος
483 2739 622 2795 οὗτος]
670 2744 804 2782 Monet

144 2797 365 2836 Maltebrun.
397 2800 420 2838 l.
449 2801 471 2839 l.
505 2815 590 2853 pag.
623 2803 706 2841 337
741 2813 804 2839 sex

144 2855 391 2906 praefecturas
427 2863 539 2898 antea
580 2871 804 2898 commemo-

861 707 959 741 ratas
994 715 1016 740 a
1048 703 1169 740 Persis
1210 702 1358 740 nomine
1397 712 1524 738 earnm

862 761 1074 808 designatas
1106 760 1236 806 fuisse,
1292 772 1387 808 quae
1423 761 1525 793 trans

860 830 1013 868 aquam,
1034 818 1055 853 i.
1086 829 1117 854 e.
1153 816 1375 867 Euphratem
1402 810 1525 866 (ocei-

860 875 1008 911 dentem
1026 874 1172 920 versus)
1204 874 1294 909 sitae
1313 873 1397 908 sint.
1447 871 1525 908 lam

858 931 1092 968 Herodotum
1128 930 1224 966 idem
1262 929 1371 966 docet
1403 927 1524 964 subito

859 988 906 1024 ad
932 987 1138 1037 provincias
1173 987 1364 1023 interiores
1392 984 1525 1020 transi-

858 1057 910 1090 re,
944 1044 1004 1092 qui
1027 1056 1048 1079 a
1068 1043 1237 1089 Perside,
1255 1055 1350 1091 quae
1378 1041 1425 1077 ad
1445 1039 1526 1077 nul-

858 1101 929 1137 lam
980 1100 1247 1150 praefecturam
1304 1098 1524 1149 pertinebat,

858 1158 1045 1208 profectus
1061 1156 1146 1192 inde
1164 1155 1324 1204 reliquas
1344 1154 1524 1203 satrapias

859 1217 1048 1250 recenseat
1070 1225 1207 1261 easque
1227 1225 1271 1249 eo
1294 1211 1436 1256 ordine,
1462 1211 1525 1259 qui

859 1270 964 1306 nobis
995 1269 1143 1318 quidem
1171 1273 1310 1305 temere
1340 1268 1525 1304 institutus

858 1326 974 1364 videri
993 1330 1125 1375 queat,
1153 1324 1407 1374 ignorantibus
1430 1322 1525 1359 scili-

860 1388 920 1421 cet
937 1383 1099 1420 rationes
1123 1381 1389 1431 geographicas
1419 1380 1525 1417 alias-

860 1454 927 1487 vc,
960 1452 1054 1489 quae
1084 1439 1342 1484 Herodotum,
1374 1440 1415 1474 ut
1441 1437 1525 1483 hoc,

858 1510 926 1534 nec
937 1496 1006 1533 alio
1027 1496 1152 1542 modo,
1170 1496 1205 1532 in
1219 1494 1433 1532 enarrandis
1447 1493 1523 1529 sin-

858 1553 953 1603 gulis
971 1553 1165 1603 provinciis
1182 1552 1413 1602 procederet,
1426 1563 1525 1588 com-

857 1623 1006 1648 movere
1032 1610 1230 1660 potuerint.

918 1664 1173 1718 Σατταγύδαι
1202 1686 1259 1692 —-
1289 1659 1524 1714 Ἀπαρύται]

859 1724 1046 1762 Gandarii
1074 1728 1110 1760 et
1138 1722 1302 1759 Dadicae
1340 1721 1434 1756 infra
1463 1732 1526 1755 oc-

858 1786 1007 1818 currunt
1024 1779 1103 1827 Vll,
1125 1781 1191 1819 66.
1235 1776 1468 1827 Sattagydae
1489 1778 1526 1813 et

857 1840 1049 1887 Aparytae
1089 1836 1236 1873 aliunde
1269 1847 1343 1871 non
1375 1832 1525 1882 cogniti.

858 1895 938 1931 Has
987 1906 1074 1931 vero
1115 1898 1247 1942 gentes
1289 1890 1438 1928 omnino
1476 1889 1525 1925 ad

858 1950 1053 1988 orientales
1082 1950 1211 2000 plagas
1239 1947 1335 1985 ultra
1365 1946 1525 1994 Sogdia-

858 2021 943 2045 nam
961 2019 1085 2044 versus
1114 2006 1195 2043 Indi
1214 2006 1337 2042 fontes
1357 2008 1393 2041 et
1415 2015 1526 2053 supe-

857 2066 989 2102 riorem
1010 2064 1113 2100 huius
1133 2063 1251 2100 amnis
1273 2073 1416 2098 cursum
1440 2071 1525 2109 spe-

859 2126 957 2159 ctare
989 2121 1133 2157 dixerat
1164 2118 1382 2156 Billerbeck.
1412 2115 1525 2153 Diffi-

859 2177 925 2215 cill.
949 2190 1077 2226 geogr.
1099 2177 1160 2214 As.
1183 2189 1268 2226 pag.
1294 2177 1366 2220 18,
1389 2174 1525 2222 impro-

859 2236 970 2272 bante
994 2234 1160 2279 Gatten,
1187 2234 1250 2281 qui
1268 2233 1315 2268 ad
1335 2230 1526 2281 superiora

858 2292 938 2328 loca
969 2291 1118 2327 Iaxartis
1146 2294 1183 2326 et
1204 2290 1275 2326 Oxi
1305 2288 1371 2324 has
1394 2290 1524 2335 gentes

858 2349 980 2386 refert.
1020 2346 1201 2384 Rennelio
1227 2345 1248 2382 l.
1277 2345 1299 2382 l.
1327 2357 1414 2395 pag.
1442 2343 1523 2384 513

861 2418 938 2454 seq.
959 2404 1047 2441 haec
1069 2403 1230 2453 satrapia
1255 2402 1301 2438 ab
1322 2414 1387 2449 ea,
1429 2411 1526 2449 quae

862 2462 1004 2499 decima
1024 2466 1129 2497 sexta
1149 2465 1205 2497 est
1223 2461 1259 2496 in
1277 2459 1347 2496 hoc
1361 2469 1525 2502 recensu,

860 2519 977 2555 tribus
996 2518 1163 2567 partibus
1189 2517 1241 2553 ita
1260 2516 1379 2553 cincta
1400 2514 1525 2558 fuisse,

860 2581 901 2612 nt
923 2575 1150 2611 occidentem
1172 2586 1297 2610 versus
1316 2572 1424 2609 sedes
1438 2570 1526 2607 Par-

860 2632 1007 2669 thorum
1035 2631 1262 2681 primitivas‚
1304 2626 1526 2678 septentrio-

859 2701 942 2727 nem
962 2701 1086 2725 versus
1109 2688 1256 2724 deserta
1277 2682 1525 2727 Chorasmiae,

860 2745 1052 2784 meridiem
1071 2757 1198 2782 versus
1220 2742 1363 2788 Atiam,
1405 2739 1525 2774 orien-

861 2806 937 2840 tem
965 2814 1088 2839 versus
1115 2799 1298 2838 Bactriam
1332 2796 1523 2843 tangeret3

862 2859 925 2910 qui
955 2858 1026 2910 ipsi
1060 2857 1152 2896 fines
1183 2860 1267 2893 sunt
1294 2851 1524 2900 Margianae,
