1863 3256
290 1051 357 1094 -Η

422 159 507 200 866

819 158 1285 199 HERODOTI

393 275 514 321 6τες,
550 267 750 324 πρόβατα
780 268 826 312 δὲ
855 271 1002 322 μοῦνα
1031 268 1073 320 ἐξ
1104 265 1271 312 αὐτέων
1301 266 1553 323 λαμβάνειν.
1610 272 1690 313 τοῦ

422 338 470 382 δὲ
509 337 568 395 μὴ
607 343 877 395 περιπλῶσαι
907 338 1080 393 Λιβύην
1119 341 1361 389 παντελῶς,
1411 339 1554 381 αἴτιον
1591 337 1747 384 τόδεὲο

418 409 552 465 ἔλεγε·
605 410 654 454 τὸ
693 414 850 453 πλοῖον
889 407 937 451 τὸ
975 407 1128 462 πρόσω
1171 407 1226 452 οὐ
1269 407 1463 452 δυνατὸν
1500 408 1561 452 ἔτι
1589 426 1692 465 προ-

391 488 412 521 7
424 482 616 537 βαίνειν,
660 478 756 523 ἀλλ’
789 479 1049 534 ἐνίσχεσθαι.
1107 478 1270 534 Ξέρξης
1301 479 1347 522 δὲ
1384 478 1441 522 οὔ
1473 481 1516 523 οἱ
1546 492 1688 537 συγγι-

420 551 606 594 νώσκων
646 549 785 604 λέγειν
822 548 1011 604 ἀληθέα,
1062 547 1145 593 οὐκ
1184 549 1486 594 ἐπιτελέσαντά
1525 566 1569 594 τε
1610 550 1691 594 τὸν

418 623 709 676 προκείμενον
753 618 941 672 ἄεθλον,
995 618 1328 673 ἀνεσκολόπισε,
1381 620 1462 678 τὴν
1507 620 1691 678 ἀρχαίην

391 699 412 732 8
429 694 555 747 δίκην
583 691 805 743 ἐπιτιμῶν.
848 689 1009 733 τούτου
1031 690 1076 734 δὲ
1106 695 1186 734 τοῦ
1207 692 1464 743 Σατάσπεος
1483 692 1693 749 εὐνοῦχος
1705 700 1748 734 25

426 762 591 818 ἀπέδρη
622 762 664 811 ἐς
694 760 870 816 Σάμον,
902 761 994 804 ἐπεί
1023 777 1066 804 τε
1096 761 1283 806 ἐπύθετο
1312 762 1489 819 τάχιστα
1518 762 1596 807 τὸν
1626 766 1692 807 δε-

426 832 586 876 σπότεα
621 829 973 888 τετελευτηκότα,
1021 832 1130 887 ἔχων
1173 833 1371 889 χρήματα
1407 834 1591 889 μεγάλα,
1639 835 1691 878 τὰ

423 903 596 957 Σάμιος
626 900 737 958 ἀνὴρ
767 901 964 958 κατέσχε·
1003 906 1086 946 τοῦ
1115 903 1402 959 ἐπιστάμενος
1426 903 1476 947 τό
1506 904 1691 960 οὕνομα,

423 973 536 1016 ἑκών
560 972 836 1029 ἐπιλήθομαι.

536 1048 624 1101 Τῆς
650 1045 696 1090 δὲ
721 1043 860 1102 Ἀσίης
887 1043 940 1088 τὰ
962 1043 1104 1089 πολλοὶ
1132 1043 1220 1090 ὑπὸ
1237 1046 1435 1099 Δαρείου
1455 1045 1662 1103 ἐξευρέθη
1678 1060 1687 1070 ·

419 1210 464 1253 τό
484 1215 624 1252 πλοῖον
651 1210 695 1253 τό
722 1208 855 1264 πρόσω
873 1233 929 1240 —-
948 1211 1024 1251 ἐνί-

363 1269 543 1321 σχεσθαι]
586 1271 690 1309 Bene
718 1271 890 1308 observat
919 1269 1025 1307 Wes-

361 1327 494 1376 seling.
523 1328 663 1365 reditus
699 1339 844 1364 causam
877 1326 1026 1377 Sataspi

361 1385 475 1422 fuisse
512 1388 664 1431 ventos,
709 1396 754 1421 ex
796 1383 936 1420 oriente
977 1382 1024 1419 ad

361 1441 604 1478 constitutum
661 1442 793 1477 ssantes
848 1439 1025 1487 navisque

360 1510 504 1535 cursum
514 1497 812 1547 praepedientes.
843 1495 874 1531 V
878 1497 911 1531 ix
929 1495 1024 1531 enim

362 1554 538 1599 dubium,
578 1553 667 1602 quin
695 1553 743 1589 ad
773 1564 853 1589 eam
881 1551 1025 1588 Africae

359 1614 524 1660 partem,
565 1621 660 1658 quae
681 1609 775 1645 circa
804 1607 935 1645 lineam
967 1612 1026 1644 est

341 1663 344 1667 ⁸
360 1665 681 1715 aequinoctialem,
701 1666 876 1714 Sataspes
895 1676 1025 1713 perve-

360 1723 457 1760 nerit
477 1722 601 1771 ibique
622 1722 740 1760 ventis
754 1750 764 1768 ,
801 1733 894 1770 quos
914 1721 1025 1757 aesti-

359 1793 406 1816 vo
432 1783 597 1829 tempore
629 1781 842 1815 constanter
872 1790 894 1814 a
918 1778 1026 1814 meri·-

365 1835 501 1873 dionali
520 1835 632 1886 plaga
652 1837 742 1872 flare
761 1835 939 1880 novimus,
959 1835 1026 1870 im-

363 1892 511 1943 peditus
532 1892 600 1929 iter
618 1892 833 1929 continuare
850 1890 1026 1940 haudpo-

363 1949 488 1986 tuerit.
521 1949 579 1985 Cf.
602 1948 878 1985 Schlichthorst.
900 1947 922 1983 l.
947 1947 968 1983 l.
988 1960 1024 1997 p.

367 2006 460 2046 184.
502 2003 625 2054 Atque
652 2005 822 2042 Guineae
853 2003 1025 2040 occiden-

364 2061 447 2099 talis
464 2074 566 2098 oram
584 2060 699 2111 (nunc
716 2065 848 2098 vocant
865 2060 1024 2097 Sierram

361 2117 547 2165 Leonam)
576 2118 708 2165 fuisse,
749 2118 797 2154 ad
823 2130 932 2166 qnam
962 2129 1025 2153 us-

362 2188 437 2224 que
467 2175 614 2212 Persam
652 2175 797 2212 venisse
835 2172 1025 2224 probabile

362 2231 432 2277 sit,
462 2231 534 2268 iam
556 2232 675 2268 ventis
699 2230 888 2268 contrariis
908 2243 1026 2280 oppo-

363 2287 515 2335 sitisque
536 2288 704 2324 fluctibus
721 2287 767 2323 ab
786 2287 916 2324 itinere
937 2299 1026 2323 con-

359 2343 538 2381 tinuando
556 2344 786 2393 impeditum,
807 2344 911 2393 ponit
922 2344 1023 2380 Ren-

362 2399 434 2436 nel.
454 2399 476 2436 l.
496 2399 518 2436 l.
551 2412 636 2449 pag.
659 2398 752 2440 704.
812 2399 955 2448 Atque,
986 2399 1024 2436 id

359 2456 462 2505 quod
487 2457 536 2493 ad
556 2456 667 2492 totius
679 2457 896 2492 narrationis
915 2456 1022 2492 fidem

361 2512 525 2549 nonnihil
559 2513 677 2549 facere
710 2513 847 2562 possit,
892 2512 1024 2561 ipsum,

361 2569 461 2618 quod
490 2570 538 2606 de
570 2568 752 2618 Sataspe,
800 2569 853 2605 cui
888 2568 1024 2605 diffidit

363 2626 564 2671 excusanti,
594 2625 809 2675 supplicium
830 2626 922 2661 sumi
943 2625 1023 2660 ius-

362 2682 410 2718 sit
430 2694 512 2729 rex,
542 2682 674 2718 indicio
695 2694 777 2719 esse
795 2682 959 2724 videtur,
982 2680 1022 2716 il-

362 2738 436 2776 lum
461 2751 604 2775 cursum
637 2738 730 2775 circa
759 2737 904 2775 Africae
940 2749 1022 2773 oras

363 2795 434 2832 iam
470 2794 517 2832 ab
555 2794 634 2833 aliis
667 2799 851 2845 peractum
888 2795 1022 2838 suis-503

1082 1226 1280 1262 regemque
1310 1213 1395 1250 inde
1428 1226 1450 1250 a
1483 1213 1644 1265 Sataspe
1679 1214 1748 1254 hoc

1082 1270 1161 1307 fieri
1201 1270 1366 1320 potuisse
1412 1270 1651 1316 arbitratum,
1701 1285 1747 1309 eo

1082 1327 1199 1375 magis
1222 1325 1270 1362 illi
1300 1327 1432 1363 iratum
1457 1327 1589 1374 fuisse,
1645 1328 1746 1377 quod

1081 1396 1157 1420 non
1190 1388 1377 1420 assecutus
1411 1383 1479 1430 sit,
1535 1384 1634 1432 quod
1667 1384 1746 1421 aliis

1082 1440 1207 1476 forsan
1224 1444 1335 1476 antea
1355 1440 1508 1477 cessisse
1519 1440 1660 1477 Xerxes
1683 1453 1747 1477 au-

1081 1496 1212 1533 dierat.
1261 1497 1319 1532 Cf.
1341 1495 1498 1534 Rennel.
1523 1495 1543 1532 l.
1565 1495 1587 1533 l.
1629 1497 1744 1535 Koes.

1081 1551 1103 1589 l.
1126 1551 1149 1589 l.
1170 1564 1256 1602 pag.
1278 1554 1343 1593 28.
1365 1555 1432 1594 29.

1143 1633 1292 1685 Ξέρξης
1319 1632 1361 1674 δὲ
1386 1632 1436 1674 οὕ
1455 1636 1555 1675 οἷ-
1573 1632 1745 1687 ἀληθέα]

1081 1694 1104 1730 ἱ.
1128 1705 1160 1730 e.
1194 1691 1331 1729 Xerxes
1358 1692 1584 1742 intelligenS,
1625 1707 1655 1733 s.
1679 1694 1750 1731 ..ibi

1079 1761 1290 1800 persuasum
1311 1749 1462 1796 habens,
1504 1763 1580 1787 eum
1599 1751 1747 1798 (Satas-

1081 1806 1186 1856 pern)
1213 1819 1275 1842 uec
1301 1818 1384 1842 vera
1411 1806 1557 1854 desisse,
1581 1820 1642 1844 nec
1661 1820 1748 1858 pro-

1076 1864 1230 1912 positum
1246 1861 1444 1912 perfecisse.
1477 1863 1516 1900 ln
1537 1864 1633 1901 hunc
1653 1877 1746 1913 quo-

1084 1931 1158 1968 que
1189 1931 1337 1956 sensum
1370 1919 1461 1957 haec
1488 1921 1600 1957 verba
1632 1920 1745 1969 accipi

1083 1975 1198 2011 voluit
1225 1988 1247 2012 a
1278 1975 1344 2013 Cr.
1374 1977 1503 2013 citatus
1523 1976 1678 2014 Gesner.
1708 1976 1746 2012 in

1082 2031 1181 2069 Diss.
1194 2032 1240 2069 de
1259 2033 1430 2081 navigatt.
1446 2038 1536 2070 extr.
1555 2032 1621 2070 col.
1634 2032 1745 2070 Herc.

1083 2088 1125 2126 P.
1150 2088 1163 2124 l
1185 2086 1220 2139 ξ.
1242 2091 1265 2128 6
1288 2101 1372 2139 pag.
1393 2090 1477 2130 632
1498 2089 1666 2140 Orphicc.
1687 2088 1744 2126 ed.

1080 2145 1208 2182 Herm.
1251 2145 1310 2182 Ad
1333 2146 1433 2182 verbi
1460 2141 1745 2197 συγγινώσκειν

1081 2214 1185 2238 usum
1206 2201 1266 2238 Tu
1287 2202 1413 2239 confer
1430 2202 1479 2239 sis
1500 2203 1545 2249 V,
1567 2204 1633 2242 91.
1664 2201 1746 2248 Vll,

1085 2260 1148 2298 12.
1179 2258 1243 2304 IX,
1264 2262 1341 2304 22,
1367 2258 1448 2296 alia.
1483 2280 1528 2285 —
1576 2259 1616 2294 ln
1639 2270 1743 2307 seqq.

1082 2313 1268 2363 ἐπιτιμᾶν
1289 2315 1410 2351 valet:
1436 2327 1583 2364 poenam
1603 2316 1744 2363 irroga-

1081 2383 1141 2417 re,
1168 2373 1351 2420 imponere.
1394 2370 1483 2408 {nde
1501 2368 1549 2409 τοὶ
1569 2370 1744 2421 ἐπιτίμια

1076 2441 1228 2477 poenae,
1268 2426 1445 2476 supplicia
1491 2428 1536 2474 in,
1561 2427 1742 2465 Plutarch.

1080 2483 1264 2520 Coriolan.
1289 2485 1351 2523 13.
1392 2484 1484 2520 Mar.
1510 2487 1562 2526 29
1584 2485 1646 2520 fin.
1665 2483 1742 2521 coll.

1080 2539 1284 2577 Blomfield.
1311 2539 1476 2577 Glossar.
1508 2541 1555 2577 ad
1573 2539 1743 2589 Aeschyl.

1079 2596 1119 2632 S.
1144 2609 1172 2635 c.
1203 2596 1274 2633 Th.
1307 2597 1426 2636 1023.

1137 2676 1239 2718 ἑκών
1280 2675 1550 2731 ἐπιλήθομαι]
1598 2681 1743 2719 Similes

1081 2735 1207 2774 Nostri
1235 2736 1436 2775 locutiones
1455 2738 1484 2786 l,
1501 2739 1568 2780 51.
1591 2737 1636 2785 ll,
1650 2739 1741 2778 123.

1081 2793 1142 2838 lll,
1165 2794 1229 2835 75.
1258 2795 1347 2833 147.

1756 1065 1839 1106 300
