1863 3256
497 231 1181 272 MELI‘OMENE.1V.

1389 241 1473 278 6:33

209 344 401 401 βουνούς
429 344 657 388 καλέουσι·
704 340 1045 399 συγκεκόμισταί
1075 356 1116 383 τε
1139 335 1270 392 οὗτος
1292 342 1315 385 ὁ
1346 345 1474 398 μέσος

207 415 393 471 καρπὸς,
426 416 498 459 καὶ
531 414 554 458 ὁ
587 414 634 458 ἐν
663 418 718 470 τῇ
750 412 1051 469 κατυπερτάτῃ
1081 416 1156 469 τῆς
1178 415 1258 467 γῆς
1278 417 1473 457 πεπαίνε-

177 488 282 529 3ταί
321 503 365 530 τε
406 487 480 530 καὶ
519 484 642 544 ὀργᾷ.

149 620 197 656 ‹zd
224 633 362 657 messem
393 621 670 670 vindemiamque
696 624 814 657 matu-

150 691 212 713 rus
255 679 345 714 est.“
403 678 564 715 Verbum
604 673 731 728 ὅργᾶν
765 678 813 713 de

146 734 303 783 plantis,
335 746 424 783 quae
451 736 594 781 turgent
617 737 649 770 et
668 734 718 770 ad
737 745 814 769 ma-

151 791 333 826 turitatem
356 793 597 839 pervenerunt,
628 790 711 837 dici,
743 790 813 827 hoc

148 846 230 895 ipso
291 845 370 882 loco
425 846 537 882 allato
598 847 813 883 monstravit

151 902 346 940 Ruhnken.
382 903 429 940 ad
463 902 561 940 Tim.
594 903 683 941 Lex.
720 904 812 941 Plat.

151 972 186 1008 p-
220 960 321 1004 193,
354 959 415 996 ubi
442 954 561 1014 ὀργᾷ
607 959 812 1011 ἐπείγεται,

151 1015 353 1065 ἐπιθυμεῖ.
402 1014 500 1052 Add.
533 1016 620 1054 Her.
656 1016 728 1063 lv,
760 1016 813 1057 64

154 1072 239 1121 ibiq.
269 1076 360 1109 nott.
401 1072 563 1110 Verbum
591 1068 698 1125 οἷμᾶν
728 1070 815 1125 (me-

153 1132 242 1177 tere)
271 1135 312 1165 ut
330 1129 377 1165 ad
396 1142 532 1165 messem
552 1131 713 1179 proxime
731 1142 814 1179 spe-

152 1189 229 1222 ctat
258 1186 326 1233 (de
352 1199 424 1235 quo
453 1187 566 1223 multa
583 1186 690 1224 allata
705 1188 813 1223 video

152 1242 186 1278 in
217 1242 369 1291 Anglica
397 1242 509 1280 Thes.
530 1242 708 1294 Stephan.
726 1244 813 1280 edit.

152 1297 202 1335 T.
230 1298 262 1335 11
292 1312 329 1348 p.
355 1301 463 1339 1910
491 1303 611 1347 seq.)‚
642 1300 694 1337 ita
721 1314 811 1350 τρυ-

151 1356 229 1406 γᾶν
250 1356 298 1392 ad
321 1354 505 1392 videmiam
524 1357 702 1405 pertinet·⁷
732 1368 812 1392 cum

152 1411 248 1449 enim
288 1412 436 1448 omnino
474 1411 614 1449 valeat:
664 1412 814 1463 fructus

153 1467 318 1516 colligere
347 1468 517 1514 cereales,
548 1468 661 1514 alios,
698 1468 750 1518 (v.
782 1483 811 1506 c.

153 1525 241 1571 mel,
277 1525 407 1575 flores,
447 1525 543 1573 alia)
585 1525 815 1576 peculiariter

155 1586 351 1632 usurpatur
372 1581 419 1618 de
438 1583 516 1617 uvis
536 1582 734 1632 carpendis,
761 1583 816 1618 in-

155 1638 329 1687 dicatque
349 1637 567 1674 Latinorum
591 1639 814 1675 vindemiare.

154 1693 315 1731 Plurima
352 1695 423 1732 vid.
454 1695 540 1731 ibid.
573 1696 621 1732 T.
651 1696 700 1732 Yl
732 1709 817 1746 pag.

153 1753 279 1792 9692.
323 1750 413 1787 Mox
444 1752 568 1801 scripsi
598 1766 675 1789 cum
697 1753 816 1789 Gaisf.

154 1803 310 1846 τούτων
345 1804 397 1846 δὲ
432 1806 818 1860 συγκεκομισμένων,

156 1864 217 1901 ubi
274 1864 382 1913 vulgo
437 1864 609 1904 τουτέων
660 1880 710 1904 τε
757 1861 817 1915 δή

155 1932 277 1972 συγκ.,
297 1925 334 1958 et
353 1922 453 1971 apud
474 1922 629 1960 Wessel.
648 1920 818 1961 τουτέων

156 1975 210 2015 δὲ
246 1973 306 2028 δὴ
352 1989 485 2028 συγκ.,
527 1980 688 2028 itemque
733 1979 819 2016 dedi

155 2035 252 2072 τῶν
300 2031 702 2085 ὖπερθαλασσιδίων,
757 2037 819 2072 ubi

156 2089 253 2139 vulg.
278 2087 332 2128 τοὶ
363 2090 509 2141 ὕπερθ.

213 2143 261 2185 τοὶ
283 2144 458 2197 βουνοὺς
476 2146 674 2196 καλέουσι]
710 2148 820 2185 Conf.

157 2203 216 2241 De
244 2217 332 2241 voce
364 2200 510 2254 βουνός
532 2206 741 2242 Casaubon.
773 2204 821 2241 ad

157 2260 288 2298 Athen.
309 2260 372 2306 lll,
390 2263 454 2302 22.
484 2262 626 2298 Herod.
647 2261 717 2307 lV,
742 2261 820 2301 158

159 2316 254 2364 (coll.
278 2318 392 2364 192),
414 2318 475 2354 ubi
495 2318 668 2355 Valcken.
687 2318 820 2356 Gram-

158 2375 370 2411 maticorum
390 2373 509 2411 attulit
527 2375 736 2412 testimonia
757 2386 821 2408 vo-

159 2442 236 2467 cem
255 2431 487 2480 peregrinam
513 2444 559 2469 ex
579 2431 648 2468 hoc
667 2430 745 2467 loco
768 2431 821 2466 ci-

159 2486 335 2534 tantinm,
375 2500 486 2536 quam
527 2491 717 2538 exponunt
758 2482 822 2525 λό-

163 2556 268 2590 φον,
305 2539 498 2595 κολώνην.
539 2545 624 2581 Vid.
655 2543 823 2581 Eustath.

161 2599 210 2635 ad
229 2597 331 2638 Iliad.
358 2595 389 2638 λ’
411 2614 447 2650 p.
467 2602 549 2642 880
572 2614 600 2638 s.
621 2602 700 2641 831
716 2629 725 2646 ,
756 2601 823 2641 32.

131 2688 138 2697 -,
161 2668 197 2705 P·
222 2657 328 2701 231,
359 2655 412 2696 34
437 2658 496 2694 ed.
516 2658 602 2695 Bas.
617 2658 666 2694 ad
685 2657 822 2705 Odyss.

111 2726 119 2730 -
160 2711 250 2748 XlX
286 2723 373 2761 pag.
407 2713 514 2754 1854
551 2726 581 2751 ε.
612 2716 714 2760 680,
757 2715 822 2753 37.

162 2767 352 2817 Phrynich.
385 2779 422 2817 p.
453 2770 532 2809 156
568 2769 628 2820 [p.
649 2770 732 2811 355
763 2770 822 2806 ed.

160 2821 325 2861 Lobeck.
352 2823 476 2872 ibique
501 2825 601 2862 citat.
619 2826 741 2863 Sturz.
766 2825 824 2863 De

162 2879 246 2917 dial.
275 2879 378 2918 Alex.
408 2892 495 2930 pag.
535 2880 632 2930 154]
672 2882 825 2930 Etymo-

703 485 811 529 ὥστε
841 483 1076 529 ἐκπέποταί
1113 499 1156 527 τε
1187 483 1259 527 καὶ
1293 484 1475 538 καταβέ-

870 619 942 668 log.
963 633 999 669 p.
1018 621 1114 664 208,
1143 620 1183 665 3,
1212 619 1274 655 ubi
1295 617 1457 666 βουνοί,
1491 616 1531 669 (a

870 676 1026 726 βαίνειν
1076 672 1179 712 ἅνω)
1228 675 1452 725 explicantur
1494 673 1535 711 οἱ

868 730 1023 782 ’ὑψηλοὶ
1051 730 1119 769 καὶ
1154 727 1314 781 ὁρώόεις
1340 730 1406 769 καὶ
1434 725 1530 782 γεώ-

869 792 989 838 λοφοι
1008 783 1137 828 τόποι.
1179 788 1287 838 Apud
1310 788 1462 825 Diodor.
1485 787 1530 834 V,

870 846 923 886 40
956 847 1015 882 sin.
1042 845 1077 881 in
1106 845 1184 894 ipsa
1206 845 1432 893 Cyrenaicae
1458 849 1532 881 ter·

869 914 932 939 rae
970 901 1215 951 descriptione
1245 902 1406 938 invenias
1441 901 1532 951 βου-

870 954 1045 1007 νοειὸής,
1065 957 1144 995 coll.
1166 958 1338 994 Brunckii
1352 957 1531 995 Analectt.

872 1016 950 1066 le.
965 1014 1195 1057 355.-Ad
1217 1027 1320 1051 usum
1340 1013 1534 1064 particula-

870 1086 948 1109 rum
979 1086 1018 1110 τε
1046 1093 1102 1099 —-
1140 1069 1206 1108 καὶ
1238 1072 1273 1107 in
1306 1083 1409 1119 seqq.
1438 1071 1534 1107 conf.

871 1128 1002 1165 Matrh.
1027 1129 1093 1164 Gr.
1115 1128 1179 1164 Gr.
1198 1140 1234 1177 p.
1256 1128 1362 1168 1257
1385 1132 1421 1164 et
1443 1132 1533 1164 nott.

871 1186 919 1222 ad
942 1184 1016 1231 lv,
1047 1186 1112 1225 53.

929 1293 1027 1336 ὥστε
1040 1295 1256 1336 ἕκπέποταί
1270 1309 1310 1334 τε
1332 1293 1398 1333 καὶ
1418 1310 1533 1332 κατα-

871 1352 1082 1406 βέβρωται]
1104 1353 1171 1390 i.e.
1186 1352 1278 1399 „Ita
1291 1352 1434 1401 quando
1455 1364 1535 1400 epo-

871 1415 928 1447 tus
936 1414 1169 1460 comestusque
1179 1413 1227 1446 est
1234 1408 1536 1459 prv'mussructuS,

871 1471 956 1504 tunc
985 1470 1177 1518 opportune
1201 1466 1302 1502 adest
1320 1465 1535 1502 extremus.“

873 1525 1055 1563 Schaefer.
1073 1524 1109 1560 in
1134 1523 1274 1573 Appar.
1293 1522 1535 1559 Demosthen.

873 1581 906 1618 Il
937 1593 1022 1631 pag.
1051 1578 1101 1621 14
1132 1579 1270 1616 mavult
1304 1578 1454 1628 simplex
1475 1575 1536 1628 βέ-

875 1638 1048 1688 βρωται,
1087 1637 1257 1685 quoniam
1297 1634 1535 1684 compositum

876 1696 923 1731 sit
945 1692 1224 1743 κακέμφατον,
1253 1692 1391 1742 quippe
1411 1690 1535 1727 valeus

876 1750 1008 1788 edendo
1035 1749 1200 1799 perdere,
1233 1752 1272 1784 ut
1302 1747 1535 1785 καταπίνειν

875 1808 1021 1845 bibendo
1033 1806 1187 1856 perdere,
1208 1804 1286 1842 coll.
1299 1804 1447 1841 Homer.
1461 1803 1536 1840 Od.

874 1864 1000 1909 XXll,
1032 1865 1096 1903 58.
1128 1862 1249 1900 Nolim
1274 1861 1456 1910 equidem,
1481 1860 1537 1896 in-

875 1922 955 1958 vitis
982 1920 1195 1970 praesertim
1223 1918 1341 1964 libris,
1382 1917 1537 1953 abiicere

874 1978 1195 2028 praepositionem,
1207 1975 1303 2011 haud
1316 1974 1390 2010 scio
1400 1986 1445 2010 an
1457 1985 1539 2022 per-

875 2033 1041 2072 fectionis
1083 2038 1121 2070 et
1152 2031 1390 2069 absolutionis
1424 2042 1540 2079 quan-

878 2092 962 2128 dam
983 2090 1095 2127 verbo
1117 2089 1230 2125 addat
1250 2088 1450 2124 notionem.
1482 2086 1540 2122 Ad

879 2148 975 2184 hunc
998 2159 1084 2184 vero
1108 2146 1239 2192 locum,
1261 2144 1384 2191 ered0‚
1416 2155 1541 2192 respe-

878 2208 1022 2249 xerunt,
1049 2203 1110 2251 qui
1134 2202 1372 2250 Cyrenaicam
1394 2200 1467 2236 vini
1486 2199 1541 2235 fe-

879 2273 1000 2297 racem
1024 2259 1312 2303 contendentes,
1345 2257 1392 2293 ad
1419 2256 1541 2293 Hero-

877 2318 959 2353 doti
1018 2319 1219 2366 provocant
1273 2312 1542 2351 testimonium:

877 2384 1098 2423 quamquam
1119 2371 1265 2409 aliunde
1283 2381 1433 2420 quoque
1453 2369 1543 2405 satis

878 2434 1045 2476 constat,
1077 2429 1198 2465 vinum
1231 2429 1298 2464 hac
1327 2439 1370 2464 ex
1392 2425 1544 2474 regione

880 2487 1046 2523 eximium
1070 2485 1294 2536 provenisse.
1326 2483 1384 2520 Cf.
1404 2482 1545 2529 Thrige

879 2542 901 2579 l.
932 2543 954 2580 l.
985 2554 1069 2593 pag.
1097 2544 1191 2583 267.
1231 2541 1365 2578 Ritter.
1392 2538 1506 2575 Erdk.
1531 2537 1543 2572 l

880 2613 917 2650 p-
946 2600 1040 2640 932.
1065 2619 1119 2626 -
1161 2597 1219 2635 Ad
1246 2609 1372 2633 vocem
1402 2588 1541 2643 ὀπώρη

880 2656 976 2693 conf.
1024 2668 1121 2705 quae
1165 2655 1203 2691 in
1241 2651 1403 2689 Boeckh.
1454 2650 1543 2686 edit.

880 2712 988 2749 Pind.
1013 2711 1161 2749 Dissen.
1193 2709 1333 2746 monuit
1366 2707 1414 2743 ad
1435 2703 1543 2742 Nem.

880 2770 914 2805 V
941 2782 978 2819 p.
1008 2769 1092 2808 392
1121 2779 1199 2814 seq.
1241 2763 1337 2801 Add.
1365 2761 1542 2811 Stephan.

882 2824 998 2862 Thes.
1020 2823 1065 2859 L.
1086 2823 1152 2858 Gr.
1170 2820 1218 2858 T.
1235 2819 1268 2856 V
1287 2833 1323 2870 p.
1338 2819 1448 2859 6684
1466 2829 1543 2866 seq.

883 2880 940 2917 ed.
960 2877 1068 2927 Angl.
