1863 3256
385 253 472 294 594

773 249 1247 292 HERODOTI

384 359 600 414 παρθένοι
633 360 780 404 αὐτῶν
809 361 905 415 δίχα
936 360 1163 402 διαστᾶσαι
1193 357 1405 414 μάχονται
1433 359 1545 414 πρὸς
1574 358 1648 402 α’λ-

385 430 518 487 λήλας
555 432 722 474 λίθοισί
761 445 807 473 τε
843 430 918 472 καὶ
957 429 1147 482 ξύλοισι,
1203 432 1258 485 τῇ
1299 427 1520 485 αὐθιγενέι·
1553 433 1702 489 θεῷ25

329 589 373 614 ac
398 589 500 613 sacra
521 576 681 626 proxime
703 573 926 623 pertinentes
950 576 988 610 et

329 646 372 670 ex
390 633 542 670 Boeotia
570 634 605 667 in
624 630 777 678 Libyam
801 642 822 666 a
849 630 986 667 colonis

329 690 464 737 Minyis
514 687 703 723 adductas.
780 683 834 722 Ac
879 699 986 723 nemo

329 746 519 794 quisquam
551 754 638 779 sane
663 743 701 778 in
728 740 829 779 hisce
850 742 988 792 puella-

329 814 405 837 rum
428 798 686 836 certaminibus
702 826 712 845 ‚
754 810 844 846 quas
869 799 989 835 Hero-

329 857 438 892 dotus
465 855 524 891 hic
542 855 733 900 describit,
782 855 989 891 similitudi-

328 925 412 949 nem
431 911 613 960 quandam
640 923 720 946 cum
741 907 988 947 Amazonibus

329 980 526 1016 earumque
548 966 679 1016 pugnis
700 979 773 1003 non
793 971 988 1014 agnoscet:

329 1023 454 1072 quales
515 1023 697 1070 virgines,
784 1023 989 1071 ubicunque

328 1080 518 1117 Minervae
559 1091 686 1125 sacra,
748 1079 799 1116 ibi
839 1078 989 1128 reperiri

330 1137 534 1174 monuimus
554 1136 602 1171 ad
625 1135 687 1182 lv,
709 1137 800 1176 110.
856 1135 989 1184 Neque

329 1206 415 1230 vero
446 1193 638 1241 quisquam
671 1192 757 1228 mihi
790 1192 990 1241 persuade-

329 1250 382 1286 bit
396 1277 406 1294 ,
445 1249 566 1285 onmia
587 1248 676 1285 haec
695 1261 737 1285 ex
753 1248 909 1285 Boeotia
934 1261 990 1285 re-

329 1305 493 1356 petenda
523 1317 625 1350 esse,
665 1305 763 1341 unde
792 1305 828 1340 in
856 1304 989 1341 Orien-

330 1367 404 1398 tem
423 1374 539 1410 aeque
560 1366 671 1409 atque
690 1361 726 1396 in
747 1360 919 1407 Africam,
941 1361 989 1396 ad

330 1418 450 1467 Syrtis
480 1417 619 1454 accolas
651 1416 809 1454 deducta
843 1416 987 1453 suerint.

307 1492 310 1496 ·
329 1473 429 1512 Nam
477 1474 514 1509 in
558 1473 613 1509 his
653 1473 741 1522 ipsis
779 1473 990 1520 regionibus

330 1530 443 1567 multo
461 1529 559 1579 prius
577 1541 688 1577 quam
706 1529 741 1565 in
753 1529 906 1565 Boeotia
924 1528 991 1564 hu-

330 1587 386 1623 ius
413 1587 505 1623 deae
534 1598 634 1621 sacra
662 1586 874 1621 floruerunt.
933 1584 991 1620 Ad

331 1641 489 1689 Libyam
514 1642 615 1690 quod
640 1641 794 1687 attinet,
838 1644 991 1677 testatur

331 1697 569 1743 Herodotus,
599 1697 706 1734 deam
726 1697 936 1745 indigenam
955 1699 992 1734 et

333 1766 436 1791 sacra
465 1755 541 1790 eius
579 1753 762 1803 primitiva
791 1753 940 1790 Graecis
967 1765 991 1790 a

333 1809 470 1847 colonis
488 1815 574 1859 post
592 1814 752 1846 assumta
771 1822 863 1857 esse,
884 1822 990 1858 quae,

331 1866 412 1916 ipso
438 1867 610 1903 historiae
629 1870 733 1916 patre
755 1867 858 1913 duce,
875 1865 990 1902 malu-

331 1936 412 1960 mus
445 1936 487 1960 ex
515 1921 688 1972 Aegypto
718 1927 882 1972 repetere
915 1925 991 1967 (ex

332 1992 406 2028 qua
429 1991 529 2016 arma
547 1992 695 2028 quoque
712 1978 911 2028 puellarum
931 1991 989 2015 re-

332 2035 468 2086 petit),
487 2037 585 2072 unde
605 2035 693 2073 haec
708 2035 828 2071 omnia
844 2035 890 2072 ad
909 2035 992 2070 fini-

331 2092 439 2128 timas
458 2092 598 2141 Libyae
619 2095 748 2140 gentes
773 2091 892 2128 delata
912 2091 990 2128 sue-

331 2148 424 2194 rint,
464 2162 574 2197 quam
618 2161 638 2185 e
671 2148 848 2194 Graecia,
896 2159 990 2195 quae

331 2204 388 2241 vel
436 2205 694 2253 quadrigarum
740 2204 989 2251 regundarum

331 2264 446 2297 artem
460 2274 481 2297 a
494 2260 579 2308 Lib)
588 2261 636 2297 cis
647 2261 849 2297 hominibus
862 2261 991 2298 edocta

332 2316 422 2361 suit,
453 2322 546 2354 teste
576 2317 768 2354 Herodoto
796 2317 864 2363 IV,
897 2318 989 2356 189.

333 2371 441 2407 Cous.
465 2372 646 2409 Mannert.
667 2374 713 2419 X,
736 2377 762 2414 2
785 2386 869 2422 pag.
899 2374 990 2412 171.

334 2427 458 2469 Quare
478 2429 650 2465 Creuzer.
670 2429 831 2478 Symbol.
853 2430 883 2465 ll
904 2441 989 2478 pag.

334 2483 414 2522 (542
435 2497 510 2532 seq.
545 2498 624 2520 cum
654 2485 751 2521 hisce
770 2485 989 2534 Libycarum

332 2539 530 2588 puellarum
554 2541 806 2576 certaminibus
833 2543 869 2577 in
897 2541 989 2577 deae

332 2595 506 2632 honorem
541 2596 712 2631 institutis
735 2601 921 2645 comparat
943 2597 990 2631 ri-

333 2655 389 2687 tus
413 2653 459 2688 ad
484 2652 565 2688 Sais
593 2651 707 2688 lacum
730 2652 901 2688 celebrari
928 2665 989 2687 so-

333 2707 417 2744 litos
449 2709 482 2744 in
512 2708 685 2745 honorem
716 2707 989 2752 lsidis-Ncith,

335 2776 364 2800 s.
394 2764 603 2810 Minervae,
642 2777 762 2813 neque
790 2765 846 2800 vix
878 2764 989 2800 latere

333 2833 442 2868 posse
463 2820 698 2870 pronuntiat,
731 2821 819 2869 quid
841 2821 907 2856 sibi
926 2833 989 2857 ve-

333 2875 400 2913 lint
433 2876 651 2925 Libycarum
685 2876 885 2928 puellarum
920 2889 991 2928 pu-

1045 586 1166 623 gnae,
1211 572 1259 609 ad
1299 573 1478 610 castitatis
1522 574 1705 624 specimen

1045 630 1311 675 exhibendum,
1349 629 1378 665 si
1400 631 1549 666 omnino
1568 631 1603 666 in
1623 631 1706 667 tali-

1044 688 1113 723 bus
1142 687 1366 723 Amazonum
1394 700 1422 722 s.
1443 687 1621 734 virginum
1646 687 1704 723 in·-

1044 744 1180 779 stitutis
1203 743 1389 779 notionem
1416 743 1592 779 castitatis
1621 755 1703 779 cum

1045 798 1171 836 bellica
1216 799 1429 835 fortitudine
1475 800 1703 836 coniunctam

1044 855 1316 904 quodammodo
1348 855 1615 904 repraesentari
1642 868 1702 892 re·-

1043 915 1214 961 putemus
1241 923 1358 958 eaque
1388 912 1509 946 omnia
1529 911 1576 947 ad
1598 912 1704 948 luna-

1044 979 1101 1004 res
1135 979 1178 1003 ac
1219 966 1354 1002 solares
1392 966 1606 1014 religiones,
1654 967 1702 1011 ad

1045 1035 1135 1072 quas
1157 1026 1193 1059 et
1214 1022 1294 1072 ipsa
1316 1023 1472 1071 pertinet
1492 1022 1610 1059 Pallas
1629 1023 1704 1060 Mi-

1045 1091 1180 1125 nerva,
1219 1078 1429 1115 reseramus.
1498 1078 1703 1128 Utrobique

1046 1136 1140 1173 euim
1161 1134 1314 1171 inveniri
1334 1135 1591 1171 abstinentiam
1611 1147 1633 1171 a
1649 1136 1705 1171 vi·-

1045 1193 1114 1237 ris,
1143 1191 1336 1239 utrobique
1355 1191 1490 1227 institui
1507 1193 1703 1228 certamina

1045 1249 1149 1285 certis
1185 1247 1409 1296 temporibus
1448 1247 1533 1283 solis
1576 1247 1702 1286 lunae-

1046 1317 1118 1353 que
1160 1316 1266 1340 cursu
1303 1304 1462 1340 definitis
1502 1304 1702 1342 redeuntia.

1045 1362 1167 1408 Atque
1203 1359 1260 1396 vel
1286 1359 1455 1396 Indorum
1498 1361 1535 1396 in
1572 1360 1702 1397 fabulis

1046 1416 1248 1453 istiusmodi
1278 1416 1550 1452 commemorari
1581 1421 1702 1454 certa-

1046 1473 1144 1509 mina
1169 1472 1217 1508 ad
1247 1472 1447 1508 castitatem
1475 1472 1703 1521 probandam

1047 1530 1211 1565 instituta
1232 1528 1327 1564 idem
1346 1529 1549 1565 Creuzerus
1571 1530 1703 1567 obser—

1046 1589 1108 1621 vat
1129 1584 1152 1620 l.
1171 1583 1193 1620 l.
1212 1597 1247 1633 p.
1270 1583 1363 1624 645.
1396 1584 1501 1626 Quae
1519 1585 1614 1621 enim
1632 1587 1704 1623 dea

1047 1645 1105 1678 est
1123 1641 1324 1677 castissima
1353 1652 1395 1676 ac
1422 1640 1614 1690 purissima
1647 1641 1704 1678 lu-

1047 1699 1098 1734 cis
1117 1698 1265 1744 imago,
1311 1708 1389 1733 eam
1420 1702 1704 1735 consentaneum

1047 1758 1104 1791 est
1123 1752 1377 1790 certaminibus
1397 1752 1591 1800 celebrari,
1622 1755 1705 1803 qui-

1047 1810 1114 1847 bus
1142 1810 1322 1858 virginum
1349 1810 1494 1846 castitas
1520 1822 1638 1859 aeque
1661 1823 1704 1848 ac

1047 1865 1220 1903 bellicosa
1246 1869 1374 1902 natura
1404 1866 1588 1915 probetur.
1637 1865 1704 1904 At-

1048 1936 1121 1972 que
1138 1923 1246 1959 etiam
1257 1921 1423 1959 Viilcker.
1434 1920 1548 1970 Myth.
1565 1923 1705 1972 Geogr.

1047 1980 1123 2028 lp.
1152 1978 1205 2019 50
1236 1979 1425 2015 contendit
1458 1978 1705 2017 Amazonibus

1046 2035 1195 2084 Libycis
1229 2035 1422 2072 tesseraria
1453 2035 1611 2083 quadam
1646 2049 1705 2073 ra-

1046 2093 1147 2128 tione
1201 2091 1469 2140 repraesentari
1517 2091 1704 2130 Palladem

1046 2149 1272 2194 Minervam,
1321 2148 1468 2196 eiusque
1516 2149 1705 2196 xirgiuita-

1046 2208 1119 2241 tem
1159 2208 1270 2252 atque
1307 2204 1579 2250 fortitudinem,
1630 2217 1703 2241 non

1047 2260 1116 2297 alio
1140 2261 1216 2297 fere
1243 2273 1351 2296 sensu
1377 2272 1485 2308 quam
1508 2273 1579 2308 quo
1598 2260 1704 2297 Asia-

1047 2317 1141 2353 ticae
1181 2316 1385 2353 Amazones
1422 2317 1625 2353 referantur
1656 2318 1704 2353 ad

1047 2372 1244 2422 Ephesiam
1275 2373 1441 2410 Dianam.
1497 2371 1549 2408 Ac
1588 2386 1705 2422 nuper

1049 2430 1182 2476 etiam,
1223 2433 1261 2464 ut
1285 2433 1407 2464 monet
1435 2426 1521 2473 Cra,
1553 2429 1599 2465 de
1621 2430 1705 2466 Pal-

1047 2484 1137 2520 ladis
1201 2484 1404 2521 Tritonidis
1468 2484 1703 2532 religionibus

1048 2542 1206 2588 itemque
1235 2541 1281 2576 de
1314 2540 1557 2576 Amazonibus
1589 2554 1704 2591 expo-

1048 2597 1117 2632 suit
1144 2597 1190 2632 O.
1220 2596 1270 2631 Μ.
1300 2596 1346 2632 ‹le
1378 2596 1632 2646 Stackelberg.
1667 2598 1705 2634 in

1047 2652 1157 2687 libro:
1216 2652 1293 2689 Der
1341 2651 1607 2703 Apollotempel
1659 2667 1705 2690 zu

1046 2708 1186 2744 Bassae
1227 2709 1262 2744 in
1297 2706 1478 2747 Arcadien
1510 2723 1596 2760 pag.
1625 2708 1705 2750 134

1047 2777 1148 2812 seqq.

1104 2822 1153 2873 τῇ
1189 2817 1400 2873 αὐθιγενὲϊ
1434 2819 1541 2873 θεῷ]
1599 2820 1703 2858 Unus

1047 2876 1281 2915 Florentinus
1325 2874 1565 2932 αὕθιγενέῃ,
1609 2877 1704 2914 San-
