1863 3256
47 297 85 326 ud
113 298 246 325 austrum
273 297 328 325 ha-

48 332 164 371 bitant,
195 339 249 358 nee
269 331 329 359 Da-

48 373 93 393 no
117 371 293 400 paruerunt.

218 786 317 829 102

385 187 466 230 18ss
777 161 1247 232 HERODOTI

357 299 585 351 ΞΑἰθίοψι.
644 299 671 355 ἡ
708 300 816 355 γονὴ
859 301 905 344 δὲ
944 299 1115 353 αὐτῶν,
1161 300 1243 357 τήν
1275 298 1474 344 ἀπίενται
1504 302 1546 354 ἐς
1576 303 1652 354 τὰς

383 375 612 427 γυναῖκας,
645 368 721 421 οὐ,
760 370 946 426 κατάπερ
972 377 1060 414 τῶν
1091 371 1235 415 ἄλλων
1265 371 1537 427 ἀνθρώπων,
1568 374 1709 417 ἐστὶ7ο

383 441 540 498 λευκή,
586 439 694 483 ἀλλὰ
733 440 935 495 μέλαινα,
976 442 1166 496 κατάπερ
1195 443 1243 486 τό
1273 447 1447 499 χρῶμα·
1506 444 1652 488 τοιαύ-

354 520 465 569 3την
503 512 548 555 δὲ
588 512 662 554 καὶ
700 512 912 563 Αἰθίοπες
949 511 1146 556 ἀπίενται
1184 514 1341 570 θορήν.
1411 510 1535 558 οὗτοι
1573 515 1653 570 μὲν

380 588 469 628 τῶν
504 582 653 626 Ἰνδῶν
692 581 907 635 ἑκαστέρω
945 587 1033 626 τῶν
1073 585 1278 637 Περσέων
1319 586 1535 636 οἰκέουσι,
1577 586 1651 629 καὶ

380 655 490 710 πρὸς
519 655 652 696 νότου
683 651 868 708 ἀνέμων
921 654 993 697 καὶ
1023 656 1217 709 Δαρείου
1247 656 1445 711 βασιλέος
1476 655 1649 714 οὐδαμοὶ

378 724 653 783 ὑπήκουσαν.

46 848 111 877 Indi
140 849 192 876 alii
220 850 321 877 Persia

21 891 67 946 l.

69 917 126 943 ulis
145 918 182 944 ad
201 924 319 952 sepien—

42 951 167 978 trionem
183 951 304 978 habitan

42 988 98 1017 tos,
116 985 318 1011 victusiiniles

42 1017 318 1057 naeuus,‹›m.3mm
347 1014 423 1054 2οἳ
464 1011 720 1064 Βακτρίοισι
757 1009 1060 1064 παραπλησίην
1099 1008 1243 1064 ἔχουσι
1283 1012 1468 1054 δίαιταν.
1527 1006 1652 1054 οὗτοι

42 1052 273 1086 pugnacissinn:

41 1092 145 1111 aurum
190 1086 237 1111 ubi
287 1088 316 1110 et

41 1118 184 1152 quomodo
235 1119 317 1144 colli-

166 1152 315 1178 desertum

85 1187 157 1220 op]:
178 1186 316 1213 formica-

62 1155 112 1178 ant
126 1162 132 1178 ε

39 1159 81 1220 ᾗ

374 1296 403 1350 ἦ
433 1295 533 1350 γονή
569 1297 611 1338 δὲ
644 1295 779 1339 αὐτῶν
807 1315 841 1339 κ.
868 1315 900 1339 τ.
931 1301 978 1351 λ.]

317 1356 422 1394 Haec
442 1355 531 1391 falso
558 1358 653 1393 tradi
676 1362 801 1394 auctor
827 1362 883 1396 est
902 1356 982 1395 Ari-

318 1412 464 1449 stoteles
495 1412 546 1449 H.
578 1412 622 1450 A.
645 1414 717 1460 Ill,
744 1416 809 1456 22.
845 1415 982 1452 Gener.

317 1468 486 1506 Animall.
505 1468 551 1515 ll,
570 1472 596 1510 2
617 1484 653 1520 p.
677 1473 757 1512 207
776 1471 853 1507 coll.
877 1472 982 1507 Stra-

273 1563 276 1567 ,
318 1526 401 1562 bon.
421 1525 490 1562 XV
512 1539 547 1575 p.
574 1527 654 1567 695
676 1539 703 1563 s.
727 1529 845 1567 1019.
877 1527 977 1565 Idem

317 1582 486 1619 iudicium
509 1595 590 1620 esse
612 1584 883 1633 Siimmefingfi,
913 1585 978 1620 viri

315 1639 539 1686 doctissimi,
596 1640 767 1677 observat
814 1641 977 1678 Heeren.

313 1696 426 1733 ldeen
447 1696 475 1742 Ι,
498 1698 517 1736 1
547 1709 632 1745 pag.
655 1688 749 1736 366.

372 1746 484 1791 οὗτοι
497 1749 568 1802 μὲν
589 1755 669 1791 τῶν
687 1748 820 1791 Ἰνδῶν
834 1767 867 1790 κ.
880 1768 911 1791 τ.
926 1751 975 1803 λ.]

312 1807 470 1859 Propter
519 1809 609 1846 haec
656 1811 768 1846 verba
816 1810 976 1847 Heeren.

312 1865 424 1902 ldeen
459 1865 497 1912 1,
533 1869 549 1905 1
585 1878 671 1915 pag.
697 1868 777 1906 363
810 1879 887 1915 seq.
919 1867 977 1903 hic

313 1922 464 1970 cogitari
495 1923 571 1958 vult
600 1923 647 1959 de
673 1923 715 1958 iis
751 1923 974 1970 regionibus,

313 1991 407 2026 quae
420 1978 465 2014 ab
477 1978 616 2014 oriente
636 1983 791 2027 tangunt
803 1980 881 2015 lndi
904 1980 974 2015 ssu-

312 2035 358 2070 vii
377 2034 456 2070 loca
474 2034 658 2081 inferiora,
689 2036 818 2083 quibus
841 2049 974 2072 nomen

315 2090 425 2136 Sina,
449 2103 478 2127 s.
504 2092 651 2126 omnino
682 2092 729 2128 de
749 2105 790 2128 ea
812 2093 975 2140 regione,

313 2159 409 2195 quae
428 2148 522 2184 inter
542 2152 655 2184 terras
675 2148 817 2185 Multau
838 2154 874 2186 et
894 2148 973 2185 Gu-

313 2207 414 2240 zerat
437 2200 508 2240 sita
527 2209 592 2240 est.

533 2259 643 2310 Cap.
677 2259 754 2297 Cll.

367 2312 466 2365 πρὸς
501 2313 646 2366 ἄρκτου
677 2331 716 2355 τε
748 2315 813 2354 καὶ
846 2314 972 2368 βορέω

312 2366 488 2421 οἷνὲμου]
521 2369 622 2422 πρός
651 2370 798 2423 τ’ἷρκτου
831 2377 889 2410 est
921 2387 973 2408 se-

306 2430 536 2478 ptentrionem
564 2441 703 2472 versum
734 2442 805 2477 qua
832 2428 972 2477 signifi-

311 2485 455 2522 catione
491 2484 580 2521 alias
612 2486 835 2521 accusativus
867 2497 971 2533 prae-

311 2541 481 2591 positioni
512 2542 743 2589 adiungitur,
780 2546 818 2577 ut
843 2541 903 2586 lv,
933 2543 969 2580 7.

313 2597 420 2634 Cons.
437 2597 568 2634 Matth.
589 2598 654 2633 Gr.
666 2599 730 2634 Gr.
745 2610 830 2647 pag.
850 2599 968 2636 1180.

312 2653 371 2691 De
387 2665 474 2691 voce
498 2648 647 2701 ἀνέμου
667 2654 724 2691 liic
734 2654 859 2690 addita
875 2655 969 2690 cons.

313 2714 407 2746 nott.
426 2711 473 2746 ad
498 2710 534 2755 l,
559 2712 596 2750 6.
654 2710 712 2746 Ad
742 2722 815 2746 rem
847 2711 971 2746 confer

313 2765 445 2804 Ritter.
469 2766 668 2804 Erdknnde
687 2766 716 2803 ll
737 2779 820 2817 pag.
833 2768 914 2807 6⁶22
935 2770 971 2802 et

313 2823 386 2860 vid.
410 2822 560 2860 Excurs.
584 2823 633 2860 ad
656 2822 690 2860 h.
711 2822 733 2860 l.
763 2824 810 2860 de
833 2822 969 2873 Caspa-

479 795 624 839 ’Ἀλλοι
665 794 711 838 δὲ
740 797 829 837 τῶν
859 792 1012 838 Ἰνδῶν
1040 795 1320 854 Κασπατύρῳ
1357 812 1401 841 τε
1440 797 1543 841 πόλι
1579 799 1707 842 καὶ75

67 883 184 916 ruptus,
213 884 321 910 ceteris
378 873 431 926 τῇ
463 870 692 922 Πακτυϊκῇ
721 864 840 921 χώρῃ
871 867 949 910 εἰσὶ
979 866 1246 922 πρόσουροι,
1277 867 1387 922 πρὸς
1413 867 1576 923 ἄρκτου
1605 885 1650 912 τε

376 939 450 983 καὶ
480 937 619 993 βορέω
652 935 817 991 οἷνὲμου
847 938 1154 993 κατοικημένοι
1193 943 1281 981 τῶν
1312 939 1454 982 ἄλλων
1484 938 1647 989 Ἰνδῶν,

374 1082 446 1126 καὶ
475 1079 768 1137 μαχιμώτατοί
798 1083 879 1124 εἰσι
906 1077 1077 1131 Ἰνδῶν,
1107 1081 1179 1123 καὶ
1210 1083 1254 1125 οἱ
1282 1081 1350 1125 ἐπὶ
1380 1081 1458 1125 τόν
1487 1081 1651 1137 χρυσὸν

374 1154 648 1208 στελλόμενοι
679 1151 760 1195 εἰσὶ
791 1148 926 1196 οὗτοι.
975 1151 1084 1196 κατὰ
1114 1152 1195 1208 γὰρ
1224 1152 1354 1196 τοῦτό
1386 1153 1473 1196 ἐστι
1493 1152 1648 1210 ἐρημίη

1038 1304 1118 1351 tyro
1146 1301 1234 1339 urbe
1262 1306 1300 1338 et
1330 1300 1507 1352 Pactyz'ca
1536 1302 1700 1350 regione.

1039 1358 1128 1395 Mox
1158 1371 1236 1394 cum
1267 1371 1359 1395 recc.
1390 1359 1472 1395 edd.
1492 1359 1700 1408 scripsimus

1038 1413 1105 1452 καὶ
1125 1414 1165 1452 οἱ
1190 1412 1253 1452 ἐπὶ
1273 1411 1343 1452 τόν
1363 1412 1520 1465 χρυσόν,
1539 1415 1600 1452 ubi
1623 1414 1702 1451 vul-

1039 1484 1087 1520 go
1111 1472 1213 1508 abest
1232 1470 1358 1507 vocula
1380 1471 1429 1510 οἱ.

1092 1524 1207 1565 τοῦτό
1228 1526 1305 1565 ἐστι
1333 1526 1489 1578 ἐρημίη]
1523 1528 1615 1563 Cum
1640 1526 1700 1563 ln-

1036 1584 1085 1629 di,
1117 1584 1245 1633 quibus
1266 1584 1354 1620 haec
1375 1585 1521 1621 deserta
1543 1587 1617 1619 sint
1647 1584 1701 1619 vi-

1036 1641 1140 1687 cina,
1183 1653 1299 1690 prope
1325 1641 1462 1677 Bactra
1487 1644 1522 1677 et
1553 1639 1700 1688 Pactyi-

1035 1710 1126 1742 cam,
1155 1697 1230 1733 sive
1262 1710 1378 1746 prope
1400 1703 1516 1733 terras
1538 1695 1633 1732 Balk
1660 1699 1697 1733 et

1035 1753 1176 1798 Cabul,
1207 1766 1227 1790 e
1261 1754 1511 1803 septentrione
1537 1752 1699 1801 reliquo-

1034 1822 1110 1846 rum
1132 1809 1303 1846 indorum
1329 1810 1506 1855 habitent,
1538 1809 1572 1845 in
1593 1822 1697 1846 mon-

1033 1866 1128 1902 tibus
1151 1865 1276 1903 Tibeti
1296 1879 1428 1916 parvae
1447 1871 1483 1903 et
1493 1865 1697 1902 Buchariae

1032 1935 1190 1972 parvae,
1233 1922 1330 1958 nulla
1358 1922 1428 1960 alia
1461 1923 1606 1959 deserta
1638 1921 1697 1958 hic

1032 1979 1182 2028 intelligi
1196 1992 1303 2028 posse
1320 1978 1396 2016 iure
1412 1986 1517 2015 nmat
1536 1978 1695 2015 Heeren.

1032 2036 1144 2072 ldeen
1166 2036 1193 2081 1,
1218 2038 1237 2075 1
1258 2049 1292 2085 p.
1314 2034 1396 2075 340
1417 2034 1496 2072 coll.
1518 2047 1602 2084 pag.
1626 2035 1693 2082 90,

1032 2093 1100 2128 nisi
1122 2092 1267 2128 deserta
1291 2092 1384 2128 Cubi.
1445 2091 1540 2128 Add.
1561 2090 1695 2127 Malte-

1032 2149 1133 2184 brun.
1152 2148 1318 2185 Nouvell.
1331 2148 1471 2184 Annall.
1495 2148 1529 2183 d.
1549 2148 1692 2195 Voyag.

1033 2204 1062 2241 ll
1083 2217 1168 2254 pag·
1189 2206 1281 2244 323.
1325 2205 1472 2241 Montes
1493 2203 1546 2239 his
1567 2203 1692 2239 deser-

1031 2262 1076 2296 tis
1104 2262 1312 2298 adiacentes
1340 2261 1416 2295 auri
1445 2260 1546 2296 venis
1575 2259 1691 2295 abun-

1031 2317 1119 2353 dare
1141 2322 1284 2354 constat
1306 2317 1507 2364 fluviosque
1525 2315 1610 2352 inde
1629 2328 1691 2352 oc-

1030 2373 1210 2410 cidentem
1238 2384 1361 2409 versus
1384 2385 1449 2421 per
1474 2371 1689 2408 Buchariam

1029 2441 1200 2476 magnam
1233 2428 1445 2467 delabentes
1476 2440 1599 2464 aurum
1631 2441 1690 2465 se-

1027 2498 1106 2522 cum
1129 2486 1222 2521 serre
1244 2498 1360 2533 aeque
1383 2490 1494 2533 atque
1519 2497 1595 2529 eos,
1626 2484 1688 2533 qui

1027 2542 1073 2577 ad
1091 2542 1266 2578 orientem
1291 2553 1403 2589 aquas
1423 2543 1608 2577 volventes
1630 2539 1686 2577 vel

1027 2598 1062 2633 in
1084 2598 1179 2633 lacus
1204 2610 1243 2635 se,
1264 2597 1466 2644 effundant,
1493 2597 1548 2633 vel
1566 2597 1686 2634 arenis

1027 2666 1066 2689 se
1084 2653 1318 2690 immisceant.
1366 2652 1420 2690 Ac
1440 2653 1496 2691 vel
1521 2658 1687 2703 praeter-

1026 2711 1129 2759 lapso
1152 2710 1295 2747 saeculo
1318 2711 1392 2746 auri
1414 2714 1591 2757 ramenta,
1609 2710 1685 2747 sive

1026 2766 1207 2816 pulverem
1219 2779 1379 2813 aureum,
1397 2780 1440 2804 ex
1460 2767 1515 2803 his
1525 2766 1685 2815 regioni-

1027 2824 1091 2860 bus
1120 2823 1156 2859 in
1188 2823 1354 2861 Sibiriam
1383 2824 1514 2862 deduci
1539 2822 1683 2860 solitum

1712 948 1786 993 249
1842 921 1863 957 7
