1863 3256
0 608 6 797 ξ

0 1114 2 1156 ν

0 1157 2 1225 l

447 147 1008 191 MELPOMENE.
1067 149 1133 187 IV.

1303 153 1388 193 303

115 263 369 319 κυρήσαντα
411 259 514 318 μετά
551 258 633 316 τήν
672 258 887 315 ἀφάνισιν
924 258 1006 315 τὴν
1035 257 1246 314 δευτέρην
1271 255 1386 313 Ἀρι-
1443 265 1513 324 33⁸⁶
1538 267 1721 303 Metaponti·

116 334 223 378 στέω
254 335 364 378 ἔτεσι
393 331 710 385 τεσσεράκοντα
747 331 821 373 καὶ
856 332 1166 386 τριηκοσίοισι,
1212 328 1272 381 ὥς
1302 330 1385 385 ἐγώ

114 404 469 461 συμβαλλόμενος
497 402 544 447 ἐν
577 400 880 458 Προκοννήσῳ
911 419 956 446 τε
985 403 1060 446 καὶ
1093 403 1388 458 Μεταποντίῳ

86 483 108 516 2
121 476 336 531 εὕρισκον.

112 547 305 603 φανέντα
336 557 415 600 σφι
444 544 486 596 ἐς
515 543 594 600 τὴν
629 543 797 599 χώρην,
830 547 1030 587 κελεῦσαι
1060 544 1214 600 βωμὸν
1241 544 1388 589 Ἀπόλ-

111 624 219 663 λωνι
251 615 540 671 ἱδρύσασθαι,
578 615 650 659 καὶ
691 613 890 669 Ἀριστέω
929 620 1010 659 τοῦ
1041 619 1385 674 Προκοννησίου

110 690 359 746 ἐπωνυμίην
396 688 551 744 ἔχοντα
587 683 829 741 ἀνδριάντα
867 685 977 741 παρ’
1018 685 1156 731 αὐτὸν
1194 687 1381 733 ἱστάναι.

80 769 102 802 3
115 761 253 817 φάναι
271 760 379 817 γάρ,
415 759 493 816 σφὶ
513 758 592 802 τὸν
607 756 859 801 Ἀπόλλωνα
879 757 1153 803 Ἰταλιωτέων
1173 759 1382 815 μούνοισι

110 832 164 888 δή
197 830 434 876 ἀπικέσθαι
463 830 506 882 ἐς
535 829 616 887 τὴν
644 828 820 887 χώρην,
859 830 932 873 καὶ
963 828 1096 881 αὐτός
1127 833 1172 874 οἷ
1200 831 1383 876 ἕπεσθαι
1397 839 1441 873 50

111 901 135 948 ὁ
165 906 252 947 νῦν
281 902 366 946 ἐών
392 901 628 959 Ἀριστέης·
672 901 767 946 τότε
799 902 866 954 δὲ,
909 901 979 946 ὅτε
1012 903 1155 945 εἵπετο
1185 906 1247 959 τῷ
1276 906 1383 963 θεῷ,

112 972 225 1018 εἶναι
255 973 402 1029 κόραξ.
444 973 634 1026 καὶτὸν,
667 976 847 1018 εἴπαντα
867 977 1028 1028 ταῦτα,
1057 972 1378 1030 ἀφανισθῆναι.

52 1163 179 1200 simam
209 1174 318 1199 nemo
345 1161 507 1210 ignorat)
530 1161 588 1196 vix
610 1159 715 1196 unius

51 1219 124 1257 diei
144 1219 273 1256 itinere
293 1218 405 1255 distet
425 1229 447 1253 a
466 1216 627 1263 Thuriis,
655 1216 716 1253 ubi

0 1291 1 1326 ζ
52 1276 286 1314 Herodotum
305 1286 429 1312 senem
442 1274 572 1311 vixisse
594 1273 716 1323 operi-

51 1345 124 1382 que
145 1345 211 1368 suo
239 1330 400 1368 ultimam
429 1343 575 1368 manum
597 1330 716 1380 impo-

50 1388 167 1426 suisse
187 1388 332 1435 scimus,
362 1388 575 1438 scriptorem
595 1387 716 1438 ipsum

50 1445 137 1483 illuc
167 1445 374 1496 profectum
406 1445 478 1481 suis
517 1443 630 1481 oculis
660 1444 717 1480 in-

52 1502 215 1553 spexisse
243 1501 463 1550 auribusque
493 1502 715 1551 percepisse,

51 1559 129 1596 iure
144 1562 280 1596 statuas
295 1558 388 1595 licet.
421 1558 480 1594 Cf.
495 1557 714 1594 Dahlmann.

52 1615 224 1653 Herodot
250 1627 287 1665 p.
315 1614 379 1656 50.
411 1614 538 1664 Heyse
559 1615 714 1658 Quaest.

0 1712 5 1727 1
52 1671 220 1710 Herodd.
240 1685 277 1722 p.
300 1672 379 1711 138
402 1683 507 1721 seqq.
538 1671 636 1708 Hinc
656 1671 712 1707 in-

51 1729 108 1765 fra
139 1728 306 1778 scripsit:
351 1727 418 1767 καὶ
449 1730 543 1766 νῦν
578 1726 714 1777 ἕστηκε

52 1779 222 1837 ἀνδριάς
241 1799 276 1823 κ.
300 1799 331 1822 τ.
353 1786 385 1822 λ.
435 1785 487 1821 Ac
509 1784 597 1821 talia
616 1784 714 1821 haud

51 1842 126 1879 scio
148 1853 195 1877 an
218 1841 332 1879 serius
357 1841 487 1878 addita
507 1841 661 1879 habeam
691 1853 714 1878 a

51 1910 138 1936 sene
159 1897 305 1935 Thuriis
340 1911 432 1948 opus
461 1911 566 1935 suum
597 1901 714 1935 retra-

51 1959 182 1993 ctante.
242 1955 327 1998 Quo
367 1959 491 1993 autem
524 1955 602 1992 iure
630 1954 714 1991 hinc

51 2010 174 2060 colligi
195 2010 280 2049 velit
291 2011 448 2049 Rennel.
470 2024 506 2062 p.
527 2011 609 2053 400
622 2014 714 2059 not.,

51 2068 244 2106 Herodoto
270 2067 411 2106 Italiam
447 2067 566 2105 latiori
590 2081 712 2115 sensu,

53 2137 126 2174 quo
147 2137 214 2162 nos
233 2124 344 2174 vulgo
364 2125 572 2176 accipimus,
602 2125 714 2162 fnisse

52 2182 259 2230 cognitam,
297 2182 468 2231 equidem
498 2195 572 2219 non
600 2195 714 2232 expu-

51 2242 149 2286 tem,
188 2251 268 2275 cum
297 2238 355 2275 hic
381 2251 530 2288 quoque
560 2242 601 2275 ut
626 2238 714 2275 alibi

53 2299 261 2332 constanter
278 2296 380 2345 apud
390 2295 567 2333 Nostrum
580 2293 714 2332 Italiae

54 2363 184 2388 nomen
204 2351 250 2388 de
267 2350 383 2389 Italia
409 2351 592 2402 inferiori,
636 2353 713 2389 sive

54 2404 202 2455 Magna
231 2409 386 2447 Graecia
422 2422 516 2459 quae
552 2412 714 2456 vocatur,

54 2463 169 2512 accipi
204 2464 359 2513 debeat,
408 2471 448 2502 ut
489 2466 584 2504 bene
623 2466 714 2503 vidit

54 2518 223 2558 Bredow.
255 2521 291 2557 in
319 2522 477 2572 Specim.
506 2523 647 2571 Geogr.
677 2526 713 2560 et

55 2575 253 2625 Urauolog.
271 2577 362 2615 Her.
384 2591 469 2629 pag.
492 2579 614 2616 XXIII
633 2591 711 2628 seq.

54 2631 158 2669 Haec
178 2637 297 2669 autem
316 2634 397 2684 ipsa
414 2635 541 2674 Italiae
561 2636 711 2674 inferio-

56 2687 104 2724 ris
135 2689 260 2737 regio,
305 2690 342 2726 in
366 2703 438 2740 qua
470 2692 564 2730 iacet
588 2693 713 2730 Meta-

54 2748 206 2794 pontum
222 2774 234 2791 ,
296 2758 376 2783 cum
419 2747 503 2785 olim
542 2748 712 2786 Bottiaea

53 2800 161 2838 fuerit
184 2801 303 2849 dicta,
333 2803 371 2839 id
390 2802 506 2853 ipsum
524 2806 572 2842 ad
582 2806 714 2843 Budd-

771 1159 842 1196 hae
864 1158 999 1196 cultum
1025 1159 1262 1209 Indicamque
1293 1160 1440 1198 fabulae

773 1216 821 1252 de
842 1215 985 1253 Ariste&
1012 1216 1189 1264 originem
1215 1217 1341 1254 referri
1364 1217 1440 1255 vult

771 1272 902 1309 Ritter,
923 1272 1096 1309 Vorhalle
1116 1285 1204 1322 pag.
1230 1275 1325 1315 280.

830 1327 930 1367 ἔτεσι
948 1324 1235 1380 τεσσεράκοντα
1251 1329 1320 1368 καὶ
1331 1344 1440 1383 τριη-

773 1383 959 1436 κοσίοισι]
1002 1385 1184 1424 Aristeam
1219 1387 1268 1424 ad
1290 1386 1439 1438 Olymp.

771 1442 806 1480 L
825 1443 1014 1492 posuimus
1041 1444 1079 1480 in
1109 1448 1272 1481 annotat.
1304 1445 1353 1481 ad
1375 1445 1440 1491 IV,

776 1501 850 1548 13,-
894 1500 957 1549 qui
997 1499 1113 1537 multo
1152 1505 1239 1538 ante
1284 1501 1438 1552 primam

772 1556 1031 1607 Olympiadem
1054 1558 1267 1595 referendus
1290 1558 1371 1605 erit,
1394 1559 1439 1605 si,

771 1625 867 1662 quae
888 1613 922 1650 h.
953 1613 974 1650 l.
997 1615 1195 1652 memoriae
1212 1615 1438 1665 produntur,

769 1683 837 1721 pro
865 1670 959 1707 veris
991 1670 1160 1708 habenda
1187 1672 1318 1709 forent.
1376 1670 1437 1709 De

770 1727 902 1776 quibus
919 1726 981 1763 alii
999 1727 1173 1765 iudicent.
1204 1727 1359 1766 Locutio
1382 1726 1437 1775 ὥς

771 1779 846 1834 ἐγώ
883 1781 1208 1835 συμβαλλόμενος
1233 1807 1289 1813 -—
1323 1780 1434 1836 εὕρι-

772 1851 868 1879 σκον
896 1841 1019 1878 denuo
1045 1841 1228 1879 invenitur
1252 1841 1334 1888 VII,
1367 1842 1434 1882 24.

774 1897 867 1938 184.
903 1897 1004 1944 VIII,
1025 1900 1101 1944 30,
1132 1898 1193 1935 ubi
1212 1897 1334 1949 plures
1354 1897 1435 1935 libri

770 1953 870 2003 iique
886 1954 1055 1993 meliores
1075 1952 1434 2006 συμβαλλεόμενος,

771 2011 873 2060 quod
906 2016 1033 2048 nostro
1062 2011 1142 2049 loco
1171 2011 1290 2049 nullus
1324 2011 1436 2049 offert

770 2067 873 2105 liber.
904 2068 964 2105 Tu
984 2069 1056 2106 vid.
1089 2069 1117 2115 Ι,
1143 2070 1197 2110 68
1217 2069 1305 2119 ibiq.
1334 2073 1434 2109 nott.

772 2128 810 2162 et
830 2124 894 2171 III,
917 2126 983 2164 68.

826 2176 1087 2232 Ἰταλιωτέων]
1128 2181 1283 2219 Graecis
1317 2182 1437 2230 magi·

771 2238 855 2275 stris
887 2239 1122 2277 monentibus
1152 2237 1247 2275 Itali
1269 2242 1354 2276 sunt
1381 2240 1439 2275 in-

772 2295 946 2344 digenae,
985 2295 1093 2346 prisci
1119 2295 1247 2333 Italiae
1277 2295 1437 2341 incolae3

770 2350 943 2389 Italz‘otae
976 2352 1183 2403 peregrini,
1224 2352 1358 2390 Graeci
1383 2353 1438 2389 in-

769 2409 919 2459 primis,
961 2410 1024 2459 qui
1047 2409 1113 2446 hac
1134 2409 1170 2445 in
1194 2413 1293 2447 terra
1314 2410 1436 2446 consi-

769 2466 913 2503 derunt.
943 2466 1027 2504 Vid.
1046 2466 1081 2504 T
1084 2466 1180 2503 hom.
1203 2465 1375 2515 Magistr.
1398 2479 1434 2516 p.

769 2524 853 2564 793
875 2523 961 2573 ibiq.
982 2528 1073 2560 nott.

828 2575 933 2618 εἶναι
974 2576 1113 2631 κόραξ]
1172 2579 1286 2617 Paulo
1328 2578 1433 2615 aliter

768 2634 907 2673 Plinius
924 2637 974 2674 H.
992 2636 1040 2674 N.
1056 2636 1133 2683 VII,
1146 2635 1242 2685 (53)
1263 2637 1317 2678 52
1336 2636 1430 2683 (quo

768 2691 848 2730 loco
873 2693 997 2744 plures
1026 2694 1175 2730 omnino
1197 2694 1309 2729 refert
1335 2703 1431 2727 mor-

767 2752 869 2796 tuos,
917 2751 978 2800 qui
1018 2749 1192 2788 revixisse
1227 2747 1431 2796 antiquitus

768 2805 1022 2855 dicebantur):
1080 2805 1277 2853 „Aristeae
1318 2803 1430 2840 etiam

1486 299 1630 334 reserant,
1642 301 1721 336 apud

1442 339 1516 364 quos-1
1546 334 1626 361 illius

1441 368 1494 392 tua
1513 366 1542 393 in
1561 367 1638 395 soro.

1659 338 1720 363 sta·

405 474 735 516 Μεταποντῖνοί
779 485 912 528 φασι,
965 472 1104 517 αὐτὸν
1148 471 1446 529 Ἀριστὲην,45
