1863 3256
386 277 470 316 636
788 275 1256 315 HERODOTI

359 384 500 441 4ἅλλῃ
520 388 576 441 γῇ
595 385 812 428 ἰσόπεδον.
858 384 946 438 ἅμα
976 382 1113 439 ἡμέρῃ
1145 384 1190 426 δὲ
1221 383 1263 433 ές
1290 382 1445 438 λόγους
1467 399 1649 438 προεκα-

388 455 503 499 λέετο
534 455 636 506 τούς
666 456 934 508 Βαρκαίους·
979 455 1020 495 οἱ
1050 453 1096 496 δὲ
1124 452 1355 504 ἀσπαστῶς
1380 452 1651 510 ὑπήκουσαν,

361 528 437 578 5ἐς
468 526 493 570 ὅ
524 539 601 581 σφι
632 526 727 567 ἕαδε
757 524 968 579 ὁμολογίῃ
998 523 1260 578 χρήσασθαι.
1313 523 1393 580 τὴν
1424 525 1468 568 δὲ
1497 525 1709 582 ὁμολο·30

388 600 489 654 γίην
521 596 749 638 ἐποιεῦντο
780 593 952 650 τοιήνδε
985 594 1105 647 τινα,
1148 594 1214 637 ἐπὶ
1245 599 1320 650 τῆς
1349 601 1542 652 κρυπτῆς
1581 596 1653 640 τά·

392 684 510 724 φρου
530 663 764 719 τάμνοντες
787 663 934 719 ὅρκια·
987 666 1066 717 ,,έ’ς
1095 663 1133 708 τ’
1167 665 1223 709 ἄν
1252 665 1278 722 ἡ
1311 670 1365 722 γῆ
1396 667 1504 722 αὕτη
1537 667 1652 710 οὕτω

392 739 486 793 ἔχῃ,
531 733 676 790 μένειν
702 733 751 777 τὸ
784 734 937 790 ὅρκιον
968 737 1076 780 κατα
1098 735 1259 792 χώρην·
1308 738 1379 780 καὶ
1402 739 1653 791 Βαρκαίους

391 823 434 850 τε
463 804 708 849 ὑποτελέειν
739 805 876 860 φάναι
906 804 1031 862 ἀξίην
1060 808 1249 863 βασιλέϊ,
1280 809 1353 852 καὶ
1374 807 1547 861 Πέρσας
1577 825 1654 864 μη-

368 877 473 925 εςδὲν
504 874 610 918 ἄλλο
642 880 857 930 νεοχμοῦν
885 876 994 918 κατὰ
1025 881 1308 932 Βαρκαίων.“
1369 877 1492 922 Meto}
1531 878 1576 922 δὲ
1605 877 1709 921 τὸ35

391 946 559 1001 ὅρκιον,
591 949 808 1000 Βαρκαῖοι
837 947 928 1001 μὲν,
958 949 1265 1000 πιστεύσαντες
1289 949 1496 999 τούτοισι,
1529 947 1656 992 αὐτοί

390 1033 434 1060 τε
467 1017 640 1073 ἐξήϊσαν
679 1017 724 1060 έκ
761 1021 842 1060 τοῦ
888 1019 1036 1070 ἄστεος
1075 1021 1149 1063 καὶ
1188 1024 1276 1063 τῶν
1318 1021 1535 1075 πολεμίων
1571 1018 1656 1061 ἔων

391 1089 596 1142 παριέναι
633 1087 675 1138 ές
713 1087 761 1131 τὸ
791 1093 928 1143 τεῖχος
957 1089 1036 1132 τόν
1065 1090 1363 1148 βουλόμενον,
1409 1091 1487 1142 τάς
1515 1089 1656 1141 πύλας

364 1158 538 1210 7πάσας
584 1155 844 1210 ἀνοίξαντες.
913 1162 957 1202 οἱ
1005 1161 1050 1204 δὲ
1098 1162 1266 1218 Πέρσαι
1312 1162 1659 1217 καταρρήξαντες

389 1232 468 1288 τήν
509 1230 708 1286 κρυπτὴν
745 1230 967 1286 γέφυραν,
1031 1231 1160 1276 ἔθεον
1208 1233 1290 1277 ἔσω
1337 1233 1380 1284 ἐς
1419 1231 1469 1276 τὸ
1510 1236 1712 1287 τεῖχος.4ο

392 1302 663 1358 κατέρρηξαν
694 1302 739 1344 δὲ
767 1304 897 1345 τοῦδε
927 1303 1070 1346 εἵνεκα
1099 1303 1179 1360 τὴν
1205 1304 1416 1359 ἐποίησαν
1445 1303 1657 1358 γέφυραν,

391 1376 466 1416 ἵνα
496 1373 848 1428 ἐμπεδορκέοιεν,
889 1371 1096 1427 ταμόντες
1125 1380 1238 1418 τοῖσι
1274 1376 1530 1428 Βαρκαίοισι
1557 1371 1655 1428 χρό-

392 1460 472 1488 νον
501 1443 646 1499 μένειν
681 1443 762 1485 αἰεὶ
791 1442 841 1486 τὸ
872 1441 1049 1496 ὅρκιον,
1084 1443 1193 1488 ὅσον
1213 1444 1267 1488 ἂν
1290 1443 1315 1501 ἡ
1337 1449 1393 1501 γῆ
1418 1444 1526 1501 μένῃ
1547 1444 1656 1487 κατὰ

391 1515 443 1558 τὰ
473 1514 567 1558 τότε
598 1512 698 1569 εἶχε·

389 1603 488 1630 mov
517 1584 626 1629 κατὰ
662 1583 817 1641 χώρην.

393 1736 432 1784 ἔς
470 1732 507 1776 τ’
539 1752 590 1776 αν
620 1735 648 1786 ἡ
678 1738 729 1788 γῆ
759 1732 858 1786 αὕτη
890 1732 994 1775 ου’τω

337 1793 473 1849 έ’χῃ,με
457 1793 560 1833 ’νειν
581 1790 625 1832 τό
646 1790 785 1843 ὅρκιον
803 1791 901 1831 κατὰ
924 1808 996 1843 χω-

336 1850 435 1901 ρην]
477 1851 517 1887 In
548 1851 706 1888 foederis
740 1850 895 1887 formula
921 1850 996 1887 La-

336 1908 433 1944 tinos
474 1907 567 1945 inter
605 1911 644 1944 et
684 1908 872 1944 Romanos
907 1907 996 1943 citra

336 1964 499 2001 fraudem
530 1976 673 2000 omnem
706 1961 837 2014 μέχρις
859 1959 909 2001 οἶν
930 1958 997 2001 ου’-

339 2016 462 2070 ρανός
504 2034 543 2058 τε
587 2018 656 2058 καὶ
690 2021 744 2070 γῆ
769 2016 841 2069 τήν
869 2014 997 2069 αὐτην

339 2089 478 2115 στασιν
498 2075 612 2126 ἔχωσι
630 2077 726 2126 apud
748 2075 900 2124 Dionys.
918 2076 997 2112 Ha-

339 2133 393 2170 lic.
427 2133 474 2169 vl
509 2131 592 2182 [95]
626 2146 661 2182 p.
693 2133 774 2173 415
814 2131 857 2182 [s.
888 2134 992 2172 1261

337 2188 481 2240 Reisk]
512 2189 578 2226 We
590 2206 605 2225 ε
616 2204 631 2224 s
642 2188 783 2236 eling.
815 2189 910 2227 Add.
925 2189 997 2225 Po-

335 2246 453 2295 lyaen.
491 2246 578 2293 Vll,
618 2246 672 2286 34
700 2245 778 2282 coll.
810 2244 882 2292 vl,
922 2247 997 2289 223

338 2314 433 2351 quae
461 2302 582 2339 attulit
609 2301 785 2339 Valcken.
809 2313 997 2338 common-

340 2364 459 2394 strans
492 2372 608 2407 aeque
641 2359 676 2394 in
707 2358 761 2395 his
786 2359 869 2395 ferri
889 2369 997 2408 posse

338 2418 376 2451 et
407 2427 581 2463 praesens
617 2413 750 2464 μένειν
777 2419 813 2451 et
837 2415 997 2451 futurum

341 2467 514 2518 μενέειν,
545 2471 643 2507 cuius
674 2470 754 2507 loco
776 2470 946 2519 Polyaen.
973 2470 994 2506 Ι.

340 2525 361 2561 1.
393 2526 555 2562 exhibuit
575 2522 778 2574 φυλάξειν.
817 2527 927 2563 Plura
947 2526 997 2563 ei-

339 2583 411 2619 tavi
432 2582 466 2618 in
488 2583 658 2619 Cr‹·uzer.
679 2582 821 2619 Melett.
841 2582 889 2619 111
910 2594 995 2632 pag.

345 2640 389 2677 11
427 2638 505 2675 ςο11.
556 2639 693 2675 Herod.
724 2638 791 2684 lv,
823 2637 911 2677 147.
945 2660 994 2664 —-

342 2694 399 2731 Ad
421 2694 637 2732 locutionem
657 2692 787 2744 μένειν
808 2690 906 2731 nato}
923 2689 997 2742 χαί·

341 2766 415 2800 ρην
440 2751 532 2788 cons.
555 2751 623 2797 lv,
665 2751 741 2791 135
765 2751 886 2799 ibique
906 2753 997 2785 nott.

343 2803 453 2857 ἀξίη,
483 2813 522 2844 ut
553 2808 691 2844 monuit
715 2806 865 2844 wessel.
891 2818 999 2842 omne

342 2870 417 2911 est,
447 2864 538 2912 quod
559 2877 601 2900 ex
622 2877 731 2913 aequo
749 2865 823 2900 iure
845 2863 998 2906 debetur,

344 2926 382 2957 ut
404 2921 482 2967 vll,
517 2922 581 2962 39.
622 2920 681 2957 Tu
702 2921 796 2958 cons.
820 2919 880 2965 lv,
909 2921 996 2960 196.

739 1513 1037 1570 καταῤῥήξασι
1067 1515 1130 1567 δὲ,
1184 1514 1329 1560 οὐκέτι
1359 1516 1478 1572 ἔμενε
1507 1515 1556 1559 τό
1587 1515 1656 1569 ὄρ-

1110 1739 1307 1789 νεοχμοῧν
1351 1733 1450 1776 κατοῖ
1484 1735 1710 1788 Βαρκαίων]

1053 1796 1264 1845 Βαρκαίων
1286 1808 1364 1832 eum
1385 1800 1537 1832 recentt.
1551 1794 1633 1831 edd.
1649 1806 1713 1831 ex-

1054 1851 1152 1888 hibui
1180 1864 1246 1902 pro
1266 1851 1509 1901 Βαρκαίους,
1540 1850 1638 1900 quod
1656 1854 1713 1887 ta-

1054 1921 1138 1945 men
1170 1908 1268 1945 haud
1297 1909 1371 1944 scio
1393 1920 1440 1943 an
1460 1911 1604 1944 tueatur
1623 1905 1713 1943 alter

1053 1964 1150 2000 locus
1183 1964 1238 2011 V,
1276 1967 1345 2004 19:
1389 1961 1513 2014 μηδὲν
1547 1963 1715 2013 νεοχμῶ-

1056 2032 1120 2058 σαι
1152 2015 1244 2059 κατ’
1275 2016 1426 2069 ἄνδρας
1450 2015 1629 2065 τούτους.
1659 2038 1714 2044 -

1053 2077 1113 2113 Ad
1146 2078 1297 2114 verbum
1328 2079 1524 2126 νεοχμοῦν
1549 2077 1594 2112 cs.
1619 2074 1715 2112 Gre-

1053 2146 1131 2182 gor.
1162 2134 1249 2171 Cor.
1279 2133 1326 2170 de
1356 2132 1439 2169 dial.
1466 2132 1541 2170 Ion.
1573 2129 1609 2182 ξ.
1635 2130 1711 2172 151

1054 2203 1090 2239 p-
1107 2189 1208 2230 544:
1246 2191 1484 2240 νεοχμῶσαι,
1511 2185 1553 2228 τό
1573 2185 1714 2227 νεωστὶ

1054 2246 1217 2296 κινῆσαί
1241 2261 1290 2284 τι.

1110 2357 1178 2396 ἵνα
1206 2353 1532 2408 ἐμπεδορκέοιεν]
1574 2354 1595 2390 ἰ.
1620 2366 1652 2391 e.
1674 2357 1713 2390 ut

1054 2417 1250 2451 iuramento
1285 2416 1442 2458 starent,
1480 2413 1714 2447 iuramentum

1053 2474 1245 2508 servarent.
1286 2471 1386 2507 Citat
1415 2467 1547 2504 Suidas
1577 2479 1605 2503 s.
1635 2479 1667 2502 v.
1698 2466 1714 2502 1

1054 2541 1089 2577 p
1111 2528 1192 2568 725
1218 2531 1305 2565 ets.
1326 2538 1357 2561 v.
1382 2525 1514 2574 Φερετ.
1537 2522 1584 2560 ’“.1
1608 2522 1712 2586 1.11p

1055 2583 1240 2625 593.1n
1269 2581 1387 2619 verbis
1414 2576 1512 2618 κατοῖ
1549 2575 1596 2617 τοὶ
1627 2592 1714 2617 τοτε

1056 2635 1131 2688 εἶχε
1159 2640 1311 2683 Struxc,
1349 2650 1457 2686 quem
1492 2635 1636 2674 laudavi
1665 2635 1714 2671 ul

1057 2695 1117 2740 lv,
1149 2696 1216 2740 76,
1253 2693 1382 2730 dubius
1410 2694 1553 2738 haeret,
1593 2696 1713 2728 utrum

1055 2748 1110 2788 τοέ
1139 2751 1332 2788 delendum
1366 2751 1431 2796 sit,
1475 2762 1522 2786 an
1549 2744 1595 2786 to?
1631 2742 1714 2786 τότε

1055 2808 1250 2857 accipiatur
1291 2820 1333 2843 eo
1377 2819 1506 2852 sensu,
1558 2817 1632 2855 quo
1666 2799 1713 2842 τιὶ

1058 2866 1153 2910 νῦν,
1182 2864 1251 2900 alia
1270 2863 1307 2899 id
1329 2875 1455 2912 genus.

1823 379 1863 429 202

1829 882 1863 927 20:
