1863 3256
463 224 1127 267 MELPOMENEIV.
1354 234 1435 273 521

175 350 367 407 θόμενος
397 352 462 404 δὲ,
509 352 593 408 ἔφη
622 351 948 406 Καλχηδονίους
977 352 1139 393 τοῦτον
1170 348 1248 392 τὸν
1276 350 1439 405 χρόνον

172 421 401 478 τυγχάνειν
429 423 580 474 ἐόντας
613 422 829 478 τυφλούς·
870 420 925 465 οὐ
955 422 1038 478 γάρ
1070 422 1125 464 ἂν
1155 424 1235 464 τοῦ
1265 424 1443 464 καλλίο-

174 510 252 544 νος
300 494 540 548 παρεόντος
583 497 739 547 κτίζειν
786 491 959 549 χώρου,
1006 492 1086 536 τόν
1124 493 1319 547 αἰσχίονα
1358 491 1443 535 ἑλέ-

144 569 305 616 acam,
337 566 373 607 εἰ
401 564 459 619 μὴ
487 560 598 619 ἦσαν
630 567 806 619 τυφλοί.
849 559 978 615 οὗτος
1010 565 1061 620 δὴ
1094 558 1157 606 ὦν
1185 563 1280 606 τότε
1310 561 1332 606 ὁ
1355 567 1444 606 Με-

172 634 361 690 γάβαζος
389 636 626 691 στρατηγὸς
655 637 850 690 λειφθεὶς
883 636 930 678 ἐν
959 639 1012 690 τῇ
1041 632 1159 691 χώρῃ
1185 633 1439 690 Ἑλλησπον-
1455 642 1500 675 90

171 707 301 757 τίων,
331 705 437 755 τούς
464 705 521 761 μή
552 708 810 761 μηδίζοντας
837 705 1160 761 κατεστρέφετο.
1206 700 1336 757 οὗτος
1365 704 1445 761 μέν

171 792 255 818 νυν
284 780 421 819 ταῦτα
451 777 647 833 ἔπρησσε.

295 846 385 890 Τὸν
410 846 544 891 αὐτὸν
563 848 608 891 δὲ
628 852 787 892 τοῦτον
809 848 972 904 χρόνον
994 848 1155 903 ἐγίνετο
1180 848 1246 890 ἐπὶ
1265 845 1438 903 Λιβύην
1494 845 1537 906 ξ
1534 843 1700 912 Ρρὶίῑξζ
1684 843 1718 869 ¹¹
1709 843 1777 903 ζ’ἷξ

1498 914 1552 940 alii
1587 920 1641 943 ac,
1683 914 1776 945 &rgo

1498 956 1535 973 nil
1541 953 1566 972 ΙΙΙ
1566 921 1606 972 ζΙΓ
1620 954 1657 972 ΙΙΙΙ
1653 952 1776 1005 apfllJLR'

170 989 253 1045 ἐγω
293 989 590 1047 απηγήσομαι,
630 990 1038 1048 προδιηγησάμενος
1068 991 1284 1045 πρότερον
1316 990 1430 1033 τάδε.
1442 981 1608 1040 951Jg„}¹“
1576 1022 1612 1040 ..ο
1644 1012 1732 1040 emm
1759 1021 1776 1038 ,ι

141 1065 281 1104 ΞΤων
309 1062 356 1105 ἐκ
385 1066 462 1120 τῆς
490 1062 670 1119 Ἀργοῦς
699 1062 937 1119 ἐπιβατέων
965 1064 1137 1106 παίδων
1165 1065 1326 1113 παῖδες,
1357 1061 1440 1114 ἐξε-
1497 1048 1532 1074 ¹‘
1533 1048 1584 1074 ¹³
1573 1048 1634 1079 ψ’
1648 1069 1655 1079 ’
1682 1046 1777 1107 31ξέ

25 849 125 898 145

171 916 300 968 α’λλος
345 923 546 976 στρατιῆς
581 920 714 976 μέγας
754 919 929 971 στόλος,
977 919 1050 963 διὰ
1091 919 1319 974 πρόφασιν
1360 919 1441 974 τήν

1497 1081 1697 1109 cedaeuoiiiis

1497 1117 1587 1151 ceptL

1023 1168 1054 1206 c
1065 1181 1086 1205 a
1099 1182 1134 1218 p.
1166 1168 1314 1206 CXLV.

897 1233 977 1276 Τόν
991 1231 1113 1274 αὐτὸν
1130 1234 1171 1274 δὲ
1188 1239 1333 1275 τοῦτον
1351 1231 1498 1287 χρόνον

834 1308 870 1332 κ.
890 1307 921 1331 τ.
944 1291 993 1342 λ.]
1026 1293 1157 1329 Incidit
1178 1293 1288 1341 igitur
1306 1294 1397 1330 haec
1408 1294 1498 1330 Per-

114 1172 191 1205 tum
221 1170 366 1207 demum
395 1170 431 1207 in
451 1169 669 1218 Byzantium
689 1182 778 1206 con-

115 1226 275 1263 dendam
302 1227 462 1263 incidere
493 1231 778 1264 consentaneum

114 1283 246 1329 fuerit,
287 1284 500 1332 praesertim
530 1297 611 1320 cum
639 1295 779 1320 merca-

114 1342 196 1375 tura
219 1339 268 1375 ad
293 1339 453 1376 boreales
476 1340 645 1388 regiones
666 1339 779 1376 Ponti

114 1395 231 1443 magis
253 1396 443 1445 magisque
457 1396 587 1433 florere
600 1396 779 1445 incoepis-

114 1455 191 1498 set,
228 1452 380 1501 ipseque
406 1453 578 1501 Byzantii
604 1457 733 1503 portus
758 1464 779 1489 e

113 1508 267 1546 meridie
306 1509 564 1546 accedentibus
600 1509 779 1545 difficilior

115 1573 213 1602 esset
231 1565 354 1611 aditu,
390 1578 498 1614 quam
518 1570 554 1603 et
573 1565 780 1603 Chalcedo-

114 1621 170 1657 nis
192 1626 229 1658 et
249 1622 474 1671 Selymbriae
496 1626 643 1672 portus3
682 1623 779 1659 unde

114 1679 274 1728 perspici
315 1691 424 1728 posse
465 1679 668 1725 existimat,
716 1691 779 1715 cur

114 1735 152 1771 in
210 1735 481 1772 Chalcedonem
548 1736 777 1773 condendam

116 1791 250 1828 Graeci
272 1793 318 1828 ad
338 1792 402 1828 has
423 1792 593 1841 regiones
614 1793 779 1829 conversi

115 1852 153 1886 et
178 1860 200 1884 a
230 1849 381 1886 meridie
410 1849 554 1885 advecti
571 1850 670 1898 prius
691 1849 780 1886 inci-

115 1905 246 1942 derint.
278 1904 326 1941 At
346 1905 392 1942 de
410 1905 482 1941 situ
492 1905 661 1955 Byzantii
680 1919 779 1942 com-

116 1962 278 1999 modisve
307 1962 377 1998 loci
400 1961 525 2009 huius,
556 1975 651 2011 quae
670 1963 781 1999 refert

115 2017 248 2067 Polyb.
268 2018 340 2065 IV,
371 2017 447 2065 44,
478 2019 539 2067 qui
566 2020 778 2068 respexerit,

115 2074 336 2111 confiteatur
379 2088 528 2112 necesse
574 2080 652 2123 est,
699 2076 779 2113 loco

115 2130 232 2168 multo
269 2131 412 2180 aptiore
453 2131 639 2180 multoque
675 2132 780 2181 plura

116 2188 320 2238 praebente
344 2189 537 2225 commoda
559 2188 779 2237 Byzantium

114 2245 226 2281 fuisse
242 2245 452 2289 conditum·⁷
493 2245 530 2280 id
548 2246 646 2294 quod
669 2246 779 2294 vulgo

115 2302 282 2338 referunt
318 2301 366 2337 ad
396 2300 544 2351 Olymp.
574 2302 699 2348 XXX,
739 2304 780 2348 3,

118 2370 199 2394 cum
238 2357 449 2395 Chalcedon
488 2359 633 2395 condita
658 2359 781 2408 perhi-

118 2414 248 2451 beatur
279 2414 427 2463 Olymp.
455 2414 599 2462 XXVI,
632 2418 669 2456 2.
720 2415 780 2452 Cf.

120 2471 230 2507 ctiam
249 2471 290 2507 C.
314 2472 359 2507 Ο.
380 2470 522 2508 Miiller.
542 2471 633 2509 Dor.
658 2473 673 2508 1
694 2485 781 2522 pag.

122 2528 213 2565 120.
233 2548 288 2553 —
325 2527 507 2565 Dissentit
523 2532 645 2566 autem
670 2529 706 2565 in
727 2544 780 2570 se-

115 2582 312 2633 ptendecim
334 2596 512 2621 annorum
528 2598 692 2632 numero,
716 2586 779 2634 qui

120 2639 166 2675 ab
187 2639 377 2676 Herodoto
395 2641 586 2690 proditur,
617 2642 776 2691 Hesych.

116 2694 281 2732 Milesius
337 2699 438 2733 Rerr.
490 2697 778 2748 Constantinop-

118 2765 205 2802 pag.
241 2752 317 2797 48,
359 2765 500 2801 ponens
533 2767 648 2792 annos
677 2756 778 2801 XIX,

120 2812 157 2844 ut
174 2808 388 2856 wesseling.
405 2813 569 2847 annotat.
595 2812 780 2849 Herodoti

119 2865 371 2902 auctoritatem
390 2869 512 2902 tuetur
524 2866 689 2906 Eustath.
711 2869 745 2904 h.
757 2868 779 2905 l.

836 1363 956 1387 sarum
990 1350 1174 1399 expeditio
1197 1350 1233 1385 in
1252 1349 1407 1398 Libyam
1433 1350 1501 1386 ad-

834 1419 964 1443 versus
989 1407 1132 1442 Barcen
1154 1410 1323 1455 suscepta
1343 1407 1380 1442 in
1400 1406 1498 1443 idem

834 1464 910 1501 fere
934 1468 1104 1512 tempus,
1149 1475 1221 1511 quo
1251 1462 1498 1512 Megabyzus,

835 1521 872 1557 in
902 1519 1063 1557 Thracia
1091 1519 1235 1556 relictus
1265 1524 1351 1570 post
1380 1519 1500 1556 infeli-

838 1590 915 1614 cem
934 1576 1036 1614 Darii
1056 1577 1092 1612 in
1112 1576 1267 1624 Scythas
1295 1576 1502 1625 expeditio-

837 1646 932 1682 nem,
953 1633 1133 1670 Thraciae
1147 1637 1276 1681 gentes
1291 1632 1499 1681 subigebat.

838 1692 944 1734 Quae
971 1689 1074 1726 Darii
1101 1689 1288 1738 expeditio
1334 1702 1414 1726 cum
1451 1689 1501 1725 ad

837 1760 971 1783 annum
994 1747 1075 1786 508
1095 1759 1128 1782 a.
1148 1745 1233 1782 Chr.
1254 1759 1290 1783 n.
1309 1746 1500 1791 referatur,

836 1804 926 1840 haec
954 1803 1034 1852 ipsa
1066 1804 1102 1838 in
1134 1803 1275 1839 Barcen
1312 1802 1499 1852 expeditio

836 1860 1008 1897 continuo
1048 1863 1133 1908 post
1173 1859 1342 1896 instituta
1383 1858 1501 1895 videri

836 1917 961 1954 debet.
993 1916 1068 1953 Sed
1088 1917 1134 1953 cf.
1154 1920 1247 1952 nott.
1266 1916 1313 1952 ad
1332 1915 1502 1962 1V,162.

895 1991 1269 2046 προδιηγησάμενος
1290 1990 1501 2045 πρότερον]

836 2053 977 2091 Eadem
1027 2053 1204 2089 sermonis
1261 2052 1499 2096 abundantia,

836 2123 946 2159 quam
967 2122 1077 2159 supra
1095 2109 1142 2144 ad
1164 2109 1235 2155 111,
1268 2111 1318 2149 16
1341 2107 1500 2145 adverti-

836 2179 926 2203 mus.
973 2166 1147 2214 Sequitur
1165 2165 1233 2201 hoc
1256 2165 1337 2202 loco
1357 2164 1502 2213 longior

837 2225 885 2260 de
905 2223 1069 2272 Cyrenes
1088 2222 1196 2259 rebus
1218 2221 1440 2272 disputatio,
1464 2221 1502 2256 in

837 2292 947 2328 quam
990 2279 1205 2315 Herodotus
1220 2307 1230 2323 ‚
1289 2279 1336 2315 de
1385 2277 1503 2314 altera

837 2335 1033 2373 Persarum
1086 2335 1321 2383 expeditione
1377 2334 1502 2382 (quae

837 2392 1044 2440 Scythicum
1066 2391 1198 2428 bellum
1215 2392 1387 2428 continuo
1407 2390 1503 2427 exci-

835 2449 960 2498 piebat
972 2448 1157 2497 tempore)
1168 2448 1204 2483 in
1214 2447 1368 2495 Libyam
1380 2459 1502 2483 susce-

834 2511 898 2556 pta
932 2505 1109 2543 relaturus
1143 2505 1242 2551 (vid.
1273 2504 1344 2550 IV,
1379 2501 1499 2552 167),

836 2567 968 2613 sponte
987 2562 1176 2598 inciderat.
1196 2560 1332 2604 Quales
1355 2561 1501 2607 digres—

836 2621 957 2656 siones
977 2618 1022 2655 ab
1035 2618 1220 2655 Herodoti
1239 2630 1339 2653 more
1354 2629 1426 2652 non
1436 2616 1501 2650 ab-

835 2676 983 2713 horrere
1005 2674 1195 2722 aliquoties
1208 2673 1424 2710 monuimus.
1454 2670 1502 2706 Et

836 2733 881 2770 cf.
898 2733 935 2769 in
954 2732 1158 2768 universum
1178 2734 1302 2766 notata
1320 2729 1366 2764 ad
1386 2727 1413 2772 l,
1433 2728 1497 2765 23.

899 2812 990 2848 Τῶν
1019 2808 1061 2847 ἐκ
1081 2811 1152 2858 τῆς
1172 2803 1336 2857 Ἀργοῦς
1361 2803 1499 2855 ἐπιβα-

837 2864 936 2906 τέων
961 2865 1117 2905 παίδων
1139 2861 1293 2913 παῖὸες]
1336 2862 1359 2898 ἰ.
1380 2875 1412 2899 e.
1440 2873 1497 2898 ue-
