1863 3256
478 76 1042 116 MELPOMENE.
1105 79 1163 115 lv.

1363 86 1446 125 455

187 263 310 311 ζουσι
339 258 383 302 δὲ
406 257 530 301 τόνδε
551 258 626 301 τὸν
653 255 835 310 τρόπον·
881 253 978 299 οὕτε
1011 252 1307 311 ἀποθνήσκειν
1335 257 1439 300 ἑωυ-

184 328 288 379 τούς
324 330 570 383 νομίζουσι,
619 328 730 371 ἰέναι
772 342 816 369 τε
861 325 938 368 τὸν
979 323 1280 380 ἀπολλύμενον
1319 328 1437 382 παρα

184 397 399 453 Ζάλμοξιν
417 402 616 454 δαίμονα.
675 400 718 442 οἷ
745 397 790 441 δὲ
821 393 969 439 αὐτῶν
996 397 1076 440 τὸν
1105 394 1242 440 αὐτὸν
1268 401 1427 441 τοῦτον
1438 388 1561 449 ΊΟΞᾎἪῑ

154 470 407 523 ἓνομίζουσι
438 471 687 525 Γεβελέιζιν.
734 467 820 510 Διά
850 469 1151 523 πεντετηρίδος
1179 467 1226 512 δὲ
1253 466 1331 511 τὸν
1358 467 1437 512 πά-

180 543 242 595 λῳ
271 537 457 594 λαχόντα
493 541 576 582 αἰεί
613 551 760 594 σφεων
798 535 945 580 αὐτῶν
981 538 1290 596 ἀποπέμπουσι
1319 537 1437 595 ἅγγε·

179 614 258 652 λον
286 608 405 662 παρὰ
432 609 509 651 τὸν
539 606 777 663 Ζάλμοξιν,
808 607 1106 663 ἐντελλόμενοι
1135 613 1223 652 τῶν
1253 608 1308 653 ἂν
1337 608 1433 653 ἑκά-

150 685 305 722 Βστοτε
345 677 535 722 δέωνται.
593 678 810 734 πέμπουσι
850 679 895 722 δὲ
935 673 1044 723 ὦδε·
1094 682 1137 723 οἱ
1172 680 1251 736 μὲν
1289 678 1489 724 αὐτῶν75

176 749 424 805 ταχθέντες,
456 747 634 792 ἀκόντια
653 750 752 804 τρία
772 749 935 805 ἔχουσι·
977 747 1100 794 ἄλλοι
1129 749 1175 794 δὲ
1205 749 1431 807 διαλαβόν·

316 900 425 953 Cap.
456 902 589 940 XCIV.

179 951 458 1008 ἀποθνήσκειν
479 955 650 1006 ἑωυτούς
662 959 773 1009 νομί-

123 1014 252 1063 ζουσι]
291 1014 351 1051 Ob
384 1016 547 1067 additum
573 1028 773 1065 pronomen

121 1067 294 1117 ἑωυτοὺς
313 1072 407 1108 conf.
429 1075 522 1107 nott.
541 1072 587 1108 ad
603 1072 648 1118 11,
667 1074 704 1112 2.
719 1094 774 1098 ——

119 1127 191 1164 Pro
218 1125 317 1165 ἰέναι
338 1141 386 1165 τε
405 1126 622 1176 Wesseling.
648 1127 775 1164 maluit

122 1181 223 1220 ἰέναι
255 1183 326 1230 65,-
365 1184 443 1220 sine
461 1195 591 1228 causa,
620 1187 658 1219 ut
674 1184 774 1220 vide·

118 1243 187 1275 tur.
244 1237 340 1275 Nam
383 1240 580 1286 iunguntur
616 1239 772 1276 crebrius

119 1291 346 1343 οὕτε-τες
381 1295 476 1332 conf.
506 1295 542 1341 1,
576 1297 652 1336 161
685 1295 770 1344 ibiq.

117 1355 209 1388 nott.
230 1351 302 1397 ΙΙΙ,
335 1349 425 1391 144.
453 1352 543 1392 146.
575 1351 648 1398 IV,
680 1351 770 1392 125.

121 1408 212 1447 180.
229 1406 442 1445 Stallbaum.
456 1408 503 1445 ad
515 1407 608 1445 Plat.
631 1407 770 1446 Phileb.

116 1475 202 1514 pag.
226 1463 292 1505 50.

177 1514 391 1571 Ζάλμοξιν]
410 1520 464 1557 Ita
480 1520 649 1558 edentem
662 1519 770 1557 Wes-

117 1575 304 1625 selingium
352 1581 502 1613 recentt.
539 1577 621 1614 edd.
659 1576 771 1613 secuti

117 1636 211 1669 sunt.
255 1633 296 1669 In
322 1632 555 1680 Florentino,
584 1632 767 1678 Mediceo‚

115 1687 194 1726 aliis
223 1692 342 1726 exstat
372 1684 595 1739 Σάλμοξιν,
625 1689 661 1725 in
691 1687 767 1724 aliis

118 1740 326 1795 Ζάμολξιν.
367 1745 469 1782 Conf.
494 1745 650 1793 Hesych.
681 1756 709 1780 S.
732 1757 766 1781 v.

117 1795 312 1851 Ζάλμοξις
341 1801 371 1848 (Ι
391 1814 426 1851 p.
449 1802 575 1850 1575)
606 1800 767 1848 Photius,

114 1857 248 1894 Suidas
277 1862 314 1895 et
343 1857 500 1906 Etymol.
529 1870 648 1906 magn.
677 1869 705 1894 S.
732 1869 765 1894 v.

113 1911 169 1951 Ac
186 1909 429 1964 Ζαλμόξιδος
447 1914 482 1951 in
491 1913 654 1951 Platonis
673 1926 765 1962 quo-

113 1983 187 2019 que
205 1970 389 2007 Charmid.
420 1984 456 2021 p.
483 1971 561 2011 158
580 1970 624 2006 B.
664 1969 765 2006 Bod-

111 2026 248 2064 leianas
262 2027 488 2064 membranas
507 2026 637 2064 afferre
654 2030 764 2063 testa—

112 2083 364 2120 turGaisford.
395 2083 670 2133 Ipsumnomen,
693 2095 764 2131 quo

105 2141 328 2190 peregrinum
373 2140 460 2189 quid
493 2139 643 2176 indicari
681 2142 765 2175 sunt

111 2195 173 2245 qui
199 2196 441 2242 contendant,
479 2199 572 2233 teste
600 2194 766 2244 Porphy-

111 2252 165 2288 rio
191 2251 265 2289 vit.
292 2252 397 2301 Pyth.
426 2250 462 2303 ἓ.
493 2250 543 2292 14
574 2252 718 2288 ductum
743 2263 764 2288 e

113 2306 292 2346 Thracica
326 2321 415 2346 voce
449 2303 625 2358 Ζαλμός,
670 2319 764 2356 quae

109 2363 213 2413 pellis
229 2366 352 2402 ursina
374 2369 451 2412 est,
481 2363 669 2410 Zalmoxi,
706 2376 763 2400 re-

114 2431 198 2456 eens
225 2425 335 2467 nato,
370 2433 464 2469 quae
492 2421 601 2458 fuerit
618 2420 762 2457 iniecta.

115 2474 213 2519 Quin
228 2475 285 2512 alii
297 2476 473 2514 Thaletem
487 2481 653 2515 vocatum
667 2475 765 2513 illum

115 2543 195 2568 esse
222 2537 386 2570 asserunt
413 2538 450 2571 et
476 2547 543 2584 pro
566 2532 724 2571 Hercule
744 2543 767 2569 a

114 2587 313 2625 Thracibus
343 2601 422 2626 esse
451 2588 598 2627 cultum.
659 2588 767 2626 conf.

115 2643 286 2682 Creuzer.
315 2644 478 2692 Symbol.
507 2645 541 2682 ΙΙ
568 2657 653 2695 pag.
684 2646 766 2686 301

113 2704 189 2738 not.
209 2702 276 2742 20.
300 2723 346 2729 —
388 2700 494 2744 Quae
512 2701 673 2751 sequitur
699 2712 769 2739 vox

832 902 1024 953 δαίμονα,
1061 915 1140 941 eam
1170 904 1206 941 in
1228 904 1387 954 antiquis
1407 905 1488 954 qui-

832 960 983 997 busdam
1030 960 1247 997 editionibus
1302 961 1485 1009 omissam,

830 1014 909 1052 libri
970 1015 1093 1065 scripti
1138 1016 1266 1052 merito
1313 1017 1484 1054 retinent.

829 1070 926 1108 Nam
957 1072 1004 1108 ab
1030 1070 1108 1108 aliis
1131 1084 1280 1120 quoque
1297 1072 1483 1122 scriptori-

830 1126 898 1163 bus
932 1126 1116 1164 Zalmoxis
1154 1127 1357 1165 celebratur
1392 1128 1483 1165 deus

828 1183 1031 1219 divinorum
1070 1182 1248 1220 honorum
1286 1184 1481 1234 particeps,

829 1251 919 1287 quos
942 1251 1004 1275 cur
1025 1242 1211 1276 assecutus
1231 1239 1299 1285 sit,
1334 1240 1482 1289 exponit

827 1295 962 1332 Strabo
975 1323 985 1341 ,
1016 1294 1078 1343 qui
1096 1294 1229 1331 multus
1250 1299 1308 1332 est
1327 1295 1374 1332 de
1395 1295 1481 1332 Zal-

827 1352 923 1389 moxi
949 1350 981 1387 V
985 1351 1016 1387 ΙΙ
1042 1363 1127 1400 pag.
1154 1352 1237 1392 297
1266 1364 1294 1387 s·
1325 1350 1406 1392 456
1438 1351 1483 1390 C·

827 1419 904 1456 seq.
925 1406 1121 1444 Maximum
1135 1407 1232 1457 apud
1244 1407 1362 1445 Getas
1374 1407 1482 1445 deum

827 1476 908 1501 esse
936 1463 1125 1500 Zalmoxin
1151 1467 1278 1500 auctor
1315 1466 1370 1500 est
1389 1463 1484 1500 Iam-

826 1518 963 1556 blichus
991 1519 1063 1556 Vit.
1096 1519 1204 1569 Pyth.
1237 1517 1274 1569 ἓ.
1297 1520 1396 1566 173,
1426 1519 1482 1556 cui

825 1576 936 1624 iunge
962 1575 1120 1624 Diogen.
1146 1574 1268 1612 Laert.
1299 1574 1406 1621 VIII,
1443 1577 1479 1614 1.

826 1631 965 1670 Platon.
990 1630 1012 1668 l.
1032 1631 1052 1667 Ι.
1075 1635 1165 1678 etc.,
1195 1631 1255 1668 ubi
1283 1626 1374 1677 θεός
1399 1630 1479 1668 lau-

823 1688 941 1725 datur.
985 1687 1179 1738 Respexit,
1213 1690 1364 1724 notante
1397 1686 1478 1735 Cr„

822 1744 1004 1782 Herodoti
1023 1743 1139 1780 locum
1158 1743 1319 1780 Eudocia
1336 1743 1374 1780 in
1387 1742 1476 1780 Vio-

821 1800 885 1837 lar.
904 1813 939 1850 p.
963 1799 1041 1840 194
1059 1799 1136 1837 coll.
1167 1798 1299 1849 Appul.
1317 1798 1474 1849 Apolog.

821 1856 867 1895 T.
888 1856 966 1906 llp.
992 1855 1070 1896 451
1091 1856 1150 1893 ed.
1170 1855 1319 1892 Bossch.

878 1910 1110 1963 Γεβελέιζιν]
1132 1912 1163 1948 Ε
1179 1911 1304 1960 lingua
1321 1910 1475 1949 Lithua-

820 1969 900 2006 nica
925 1968 1083 2006 afferunt
1113 1981 1208 2018 gyra
1237 1968 1363 2017 leysis,
1395 1967 1418 2004 i.
1440 1980 1473 2005 e.

821 2029 994 2062 auctorem
1021 2027 1053 2060 et
1083 2026 1187 2074 quasi
1205 2024 1360 2060 datorem
1378 2025 1474 2073 quie·

821 2083 878 2121 tis.
898 2103 954 2109 —
984 2074 1117 2120 αὐτῶν
1136 2093 1203 2132 pro
1225 2074 1375 2118 αὐτέων
1394 2092 1475 2117 cum

821 2138 937 2175 Gaisf.
960 2137 1057 2175 dedi.

877 2190 943 2233 διοῖ
983 2189 1279 2244 πεντετηρίδος]
1320 2189 1474 2239 singulis

820 2252 925 2288 annis
966 2246 1073 2298 (κατ’
1106 2246 1207 2299 ἔτος)
1245 2248 1315 2285 hoc
1338 2247 1474 2284 sactum

820 2320 900 2345 esse
920 2310 1042 2344 narrat
1063 2305 1233 2344 Clemens
1251 2302 1355 2341 Alex.
1370 2303 1475 2339 Stro-

819 2367 907 2400 mat.
938 2362 985 2400 lv
1021 2375 1106 2413 pag.
1134 2360 1215 2402 590
1250 2360 1297 2399 T.
1325 2360 1341 2396 Ι
1376 2359 1476 2396 Pott.

818 2420 939 2467 alium,
954 2423 994 2456 ut
1004 2419 1160 2464 videtur,
1178 2420 1361 2455 auctorem
1373 2427 1476 2452 secu-

821 2480 891 2514 tus.
922 2495 977 2504 —
1032 2474 1094 2512 Ad
1122 2474 1233 2512 verba
1258 2469 1328 2512 τὸν
1360 2465 1474 2522 πάλῳ

822 2527 990 2583 λαχόντα
1019 2532 1114 2569 conf.
1141 2533 1231 2567 nott.
1249 2529 1297 2567 ad
1318 2527 1389 2573 ΙΙΙ,
1421 2526 1476 2565 83

824 2593 860 2627 et
880 2588 950 2634 IV,
984 2587 1074 2629 153.

882 2643 923 2683 οἱ
962 2640 1033 2694 μὲν
1072 2637 1206 2682 αὐτῶν
1244 2632 1477 2689 ταχθέντες]

825 2699 1052 2750 Requirebat
1085 2694 1289 2744 Schweigh.
1330 2691 1370 2732 οἰ
1405 2688 1477 2743 μὲν

62 194 127 237 94
185 204 276 231 κων
298 186 437 238 ἐόντες
467 185 762 240 ἀνδρειότατοι
792 184 865 228 καὶ
894 182 1171 227 δικαιότατοι.
1216 183 1439 231 Ἀθανατί-
1497 192 1639 221 Getarum
1669 195 1768 230 opinio

1497 225 1533 252 de
1563 226 1766 256 immortalita-

1513 261 1559 284 te:
1589 260 1749 288 Zalmoxiu:

1496 290 1679 320 Gcbeleizis:
1705 303 1764 321 mos

1495 325 1588 350 nuntii
1631 327 1765 355 mittendi

1511 357 1548 395 ad
1579 359 1747 387 Zalmoxin:

1555 398 1567 415 Β
1600 399 1661 418 mos
1719 397 1762 420 to-

1565 431 1581 449 e
1606 432 1640 451 ne
1666 413 1763 461 fulgu-

1494 460 1580 483 rante
1597 458 1689 486 caelo.

1493 492 1574 534 324
