1863 3256
224 932 321 978 181

383 257 469 298 596
771 253 1232 296 HERODOTI

381 367 457 420 τῆς
487 366 747 420 Τριτωνίδος
775 365 926 419 λίμνης
938 379 947 388 ·

1005 363 1079 405 καί
1107 378 1181 418 μιν
1211 362 1485 418 μεμφθεῖσάν
1515 380 1555 406 τι
1583 366 1642 419 τῷ

382 435 535 490 πατρὶ,
568 437 726 478 δοῦναι
758 433 925 487 ἑωυτὴν
952 436 1013 489 τῷ
1043 436 1142 475 Διΐ·
1178 432 1254 477 τόν
1287 434 1332 477 δὲ
1362 436 1448 476 Δία
1476 433 1700 477 ἓωυτοῦ4ο

353 511 460 560 9μιν
487 505 757 560 ποιήσασθαι
784 503 1020 558 θυγατέρα.
1052 507 1189 547 ταῦτα
1216 504 1294 559 μὲν
1322 505 1508 559 λέγουσι.
1548 505 1643 546 Μί-

381 577 447 627 ξιν
477 576 522 619 δὲ
552 576 773 617 ἐπίκοινον
801 578 889 616 τῶν
906 579 1126 630 γυναικῶν
1144 575 1390 627 ποιέονται,
1423 575 1522 618 οὔτε
1541 587 1644 618 συν-

328 655 372 688 10
387 647 621 696 οικέοντες,
658 644 878 700 κτηνηδόν
912 661 955 688 τε
994 644 1260 701 μισγόμενοι.

1318 645 1448 688 ἐπεὰν
1484 646 1530 689 δὲ
1568 663 1644 701 γυ-

384 717 501 759 ναικὶ
541 715 590 758 τὸ
628 717 806 758 παιδίον
841 714 979 770 ἁδρὸν
1015 716 1214 772 γένηται,
1255 717 1572 772 συμφοιτέουσι
1602 717 1645 768 ἐς

384 783 524 829 τωύτό
573 787 618 828 οἱ
661 785 818 840 ἄνδρες
856 788 1005 840 τρίτου
1042 787 1198 843 μηνός,
1242 788 1315 831 καὶ
1354 791 1416 844 τῷ
1454 787 1508 830 ἂν
1546 789 1645 844 οἴκῃ

382 862 471 901 τῶν
502 855 677 910 ἀνδρῶν
706 856 754 900 τὸ
786 858 987 910 παιδίον,
1018 859 1180 901 τούτου
1209 864 1309 908 παῖς
1339 860 1568 912 νομίζεται.
1655 862 1700 898 45

501 921 637 970 Οὗτοι
665 927 745 983 μὲν
776 929 819 970 οἱ
847 927 1199 983 παραθαλάσσιοι
1218 932 1307 971 τῶν
1325 929 1552 984 Νομάδων
1569 931 1645 972 Λι-

328 1086 443 1136 ipsius
464 1085 661 1134 virginitati
680 1084 910 1122 insidiantem
931 1085 986 1122 id-

329 1155 449 1191 eoque
478 1142 524 1178 ab
551 1142 630 1191 ipsa
649 1141 814 1178 Minerva
840 1141 990 1178 interse-

330 1202 439 1235 ctum.
497 1198 617 1241 Quem
659 1196 845 1235 Palladem
891 1197 990 1234 haud

331 1254 441 1292 alium
462 1266 542 1291 esse
569 1259 680 1302 atque
702 1254 821 1303 ipsum
845 1253 990 1304 Neptu-

331 1323 418 1348 num
457 1311 600 1347 monuit
634 1310 816 1355 Creuzer3
866 1322 887 1346 a
916 1324 989 1359 quo

331 1366 506 1417 Neptuno
546 1379 589 1404 ex
628 1366 820 1403 Tritonide
850 1365 989 1403 Miner-

331 1435 415 1460 vam
436 1423 537 1472 quod
555 1423 713 1471 genitam
735 1422 883 1469 dicunt,
920 1423 989 1459 hoc

291 1490 294 1494 ’
330 1479 452 1530 prisca
480 1478 538 1514 illa
562 1491 605 1515 ex
630 1479 795 1515 doctrina
817 1482 990 1526 repeten-

332 1536 444 1582 dum,
483 1535 555 1583 qua
585 1534 751 1571 Oceanus
781 1547 823 1571 ac
847 1534 988 1583 Tethys

332 1592 374 1638 (i.
396 1604 427 1628 e.
449 1604 543 1640 aqua
565 1594 602 1627 et
618 1593 732 1636 terra)
753 1591 911 1628 omnium
933 1603 990 1627 re-

332 1660 413 1684 rum
432 1648 592 1684 ferantur
609 1650 792 1696 parentes.
821 1646 992 1684 Minerva

333 1708 470 1748 autem,
493 1715 587 1752 quae
603 1707 659 1739 est
674 1703 786 1752 ipsius
799 1708 929 1740 natura
942 1703 991 1740 ad

331 1760 453 1797 lunam
461 1759 817 1807 lucemquelunarem
828 1760 992 1810 proxime

334 1820 528 1866 spectans3
559 1828 637 1851 cum
656 1828 776 1864 neque
788 1817 836 1852 ad
854 1820 990 1853 terram

333 1884 455 1920 neque
485 1871 534 1908 ad
556 1884 689 1920 aquam
712 1873 910 1921 pertineat,
939 1873 990 1910 ad

332 1928 451 1973 Iovis,
477 1928 500 1964 i.
522 1941 553 1965 e.
574 1927 669 1964 Solis
690 1928 834 1976 igneam
855 1930 925 1965 vim
945 1941 988 1965 ac

332 1984 489 2022 lucidam
510 1997 548 2021 se
567 1985 729 2032 confert,
758 1988 794 2021 et
813 1986 848 2021 in
875 1998 919 2022 ea
937 1986 988 2022 ita

333 2041 554 2090 acquiescit,
592 2045 632 2077 ut
649 2041 720 2077 iam
741 2041 914 2078 coelestia
934 2041 989 2078 lu-

333 2098 452 2144 mina,
484 2102 519 2134 et
538 2096 602 2132 Sol
625 2101 662 2134 et
681 2096 810 2143 Luna,
839 2098 989 2134 coniun-

332 2158 391 2190 cta
414 2153 707 2202 quodammodo,
756 2157 796 2190 ut
825 2165 892 2203 par
918 2158 988 2199 est,

331 2211 567 2260 reperiantur.
598 2210 750 2259 Spectat
761 2210 872 2258 igitur
883 2210 989 2247 fabu-

331 2265 389 2312 la,
425 2265 703 2303 reconditiorem
733 2267 811 2302 eius
843 2279 988 2303 sensum

332 2322 363 2357 si
394 2323 564 2366 sectaris,
606 2322 652 2358 ad
676 2323 879 2360 doctrinam
908 2335 989 2359 cos-

333 2379 561 2425 mogonicam
611 2379 780 2427 adeoque
827 2379 990 2428 philoso-

332 2433 440 2482 pham
467 2434 513 2470 de
532 2432 639 2480 Sole,
676 2433 783 2471 Luna
808 2436 988 2483 astrisque

331 2501 518 2537 nunquam
536 2489 794 2526 intereuntibus
807 2503 874 2528 nec
885 2504 987 2527 suam

330 2545 402 2581 vim
444 2545 682 2594 perdentibus
720 2547 863 2594 igneam
895 2546 987 2583 luci-

331 2601 512 2649 damque,
550 2613 658 2649 quam
682 2601 855 2638 illibatam
876 2607 986 2650 atque

332 2657 514 2705 integram
561 2657 697 2693 servari
738 2657 891 2694 maxime
932 2663 988 2694 est

331 2714 562 2750 conveniens.
630 2713 730 2749 Idem
772 2712 802 2749 C
819 2726 844 2749 r.
889 2726 986 2750 nunc

330 2768 441 2815 haec,
489 2781 584 2819 quae
621 2770 876 2812 conferantur,
922 2771 988 2806 ad-

329 2826 491 2874 scripsit:
520 2823 712 2873 Millingen
725 2824 881 2863 Ancient
898 2839 987 2863 une-

328 2881 431 2918 dited
441 2881 676 2920 Monuments
685 2881 866 2920 -vases.
877 2881 913 2920 N
917 2895 942 2920 r.
957 2883 985 2920 Ι.

1045 1085 1099 1124 ΡΙ.
1122 1087 1157 1125 1.
1177 1087 1216 1125 2.
1238 1087 1261 1124 3
1281 1098 1317 1135 p.
1335 1086 1372 1125 3.
1400 1084 1597 1133 lnghirami
1618 1083 1701 1122 Μο-

1045 1144 1208 1179 numenti
1219 1141 1386 1177 Etruschi
1399 1143 1447 1177 ad
1459 1142 1531 1178 tab.
1545 1141 1702 1179 XXXIII

1046 1199 1103 1236 de'
1123 1198 1210 1235 Vasi
1229 1198 1322 1234 fittili
1342 1210 1427 1247 pag.
1451 1197 1543 1238 348.

1101 1251 1168 1294 τὸν
1188 1251 1229 1292 δὲ
1240 1254 1317 1292 Δία
1331 1252 1481 1292 ἑωυτοῦ
1498 1268 1566 1304 μιν
1583 1248 1701 1304 nonf-

1047 1315 1197 1349 σασθαι
1223 1308 1444 1361 θυγατέρα]
1487 1338 1510 1357 „
1500 1310 1703 1360 ,Adoptare

1045 1368 1115 1404 sibi
1135 1367 1256 1417 filium
1282 1382 1375 1405 υιον
1407 1382 1494 1404 τινα
1531 1362 1702 1414 ποιήσα-

1046 1427 1143 1462 σθαι
1174 1424 1348 1471 frequens
1379 1424 1479 1472 apud
1501 1423 1700 1468 Oratores3

1045 1477 1246 1530 θυγατέρα
1299 1474 1570 1528 ποιήσασθαι,
1639 1479 1702 1528 qui

1045 1540 1190 1586 praeter
1210 1535 1438 1572 Herodotum
1463 1536 1615 1581 dixerit,
1636 1548 1702 1573 ne-

1047 1593 1179 1628 minem
1198 1592 1306 1638 novi,
1336 1591 1404 1627 nisi
1427 1591 1566 1628 Isaeum
1583 1605 1620 1641 p.
1633 1590 1701 1638 84,

1050 1651 1102 1689 12
1133 1646 1185 1697 [p.
1208 1647 1290 1688 274
1317 1648 1409 1684 infra
1427 1645 1493 1697 R]
1525 1652 1563 1684 et
1586 1661 1622 1698 p.
1647 1650 1700 1688 88

1049 1703 1101 1744 15
1124 1703 1180 1753 [p.
1201 1705 1283 1744 292
1298 1702 1380 1753 Β.].
1419 1703 1593 1741 Iunonem
1614 1717 1701 1754 per-

1047 1760 1160 1796 movit
1201 1759 1343 1796 adulter
1380 1755 1702 1810 ὖιοποιήσασθαι

1047 1812 1113 1855 τὸν
1137 1814 1350 1866 Ἡρακλέα.-
1388 1816 1573 1853 ridiculum
1600 1830 1701 1854 com-

1047 1876 1226 1910 memorat
1246 1872 1398 1909 Diodor.
1419 1872 1560 1910 Siculus
1581 1874 1702 1920 ritum,

1045 1941 1118 1978 quo
1159 1928 1229 1966 hoc
1270 1929 1306 1965 in
1356 1928 1456 1966 coelo
1502 1929 1702 1976 fingeretur

1044 1988 1233 2035 peractum
1250 1984 1314 2031 IV,
1337 1986 1437 2026 39.“
1492 1985 1700 2023 Valet-en.

1045 2041 1105 2078 Ad
1133 2041 1242 2078 verba
1274 2054 1375 2090 seqq.
1409 2041 1515 2092 μίξιν
1539 2040 1581 2081 δὲ
1608 2041 1699 2080 ἐπί-

1045 2111 1183 2135 κοινον
1212 2112 1247 2136 κ.
1274 2112 1305 2135 τ.
1335 2100 1366 2135 λ.
1406 2099 1501 2135 conf.
1532 2103 1625 2135 nott.
1650 2099 1699 2136 ad

1044 2153 1109 2201 IV,
1135 2156 1215 2195 172
1246 2158 1281 2190 et
1310 2155 1358 2191 ad
1386 2154 1580 2203 particulas
1607 2152 1699 2195 οὔτε

1046 2230 1099 2238 -·
1119 2224 1158 2249 τε
1177 2214 1268 2246 nott.
1291 2211 1339 2247 ad
1361 2210 1432 2257 IV,
1462 2209 1527 2250 94.
1575 2211 1698 2249 Verba

1044 2266 1177 2317 τρίτου
1217 2263 1343 2316 μηνός
1386 2267 1520 2313 (tertio
1566 2281 1698 2316 quoque

1044 2324 1183 2371 mense)
1222 2323 1423 2371 Schweigh.
1465 2324 1592 2373 accipit
1629 2337 1697 2374 pro

1045 2376 1111 2418 διτὶ
1131 2379 1262 2430 τρίτου
1281 2375 1416 2428 μηνός.
1445 2379 1502 2415 Α(Ι
1522 2379 1611 2432 οῖ’κη
1624 2381 1697 2417 vid.

1043 2434 1204 2473 Fischei.
1225 2436 1272 2471 ad
1286 2435 1331 2471 u
1334 2434 1432 2471 eller.
1448 2434 1507 2479 ΙΙΙ,
1530 2448 1561 2472 a.
1581 2449 1617 2486 p.
1631 2436 1698 2477 85.

1194 2491 1306 2541 Cap.
1339 2490 1402 2526 CL
1407 2491 1540 2528 XXXI.

1125 2548 1247 2585 Οὑτοι
1300 2543 1371 2596 μὲν
1424 2562 1462 2585 οι
1512 2552 1697 2598 παραθα-

1043 2597 1092 2640 λά
1098 2614 1200 2641 σσιοι
1219 2622 1273 2629 —
1289 2601 1473 2652 εἰρέαται]
1518 2604 1575 2640 Ad
1599 2605 1698 2642 locu-

1043 2660 1175 2695 tionem
1197 2659 1284 2695 uos
1288 2659 1349 2697 s.el
1372 2661 1511 2697 confert
1530 2660 1591 2707 lv,
1617 2662 1696 2701 196

1046 2708 1155 2753 οὗτοι
1177 2729 1221 2764 με
1214 2713 1248 2752 ’ν
1269 2714 1343 2753 εἰσι
1362 2730 1455 2761 τους
1475 2714 1589 2766 ημεῖς
1613 2716 1697 2766 ε’χο-

1044 2785 1115 2820 μεν
1135 2766 1342 2820 Λιβύων’
1325 2786 1366 2810 οι
1371 2784 1529 2822 ομασαι
1589 2774 1696 2817 Quae

1042 2839 1128 2863 vcro
1158 2828 1203 2864 ab
1230 2827 1425 2865 Herodoto
1451 2829 1536 2866 inde
1565 2842 1586 2867 a
1615 2842 1695 2879 cap.

1044 2885 1124 2924 168
1161 2890 1398 2923 recensentur
1433 2890 1585 2934 gemm,
1633 2897 1695 2924 eas
