1863 3256
12 860 78 906 89

449 113 1125 155 MELPOMENE.1V.

159 225 205 269 έν
248 227 459 282 προεδρίῃ
503 223 767 280 κατήμενον,

158 298 458 351 διαβαίνοντα,

144 364 352 420 “Hocctov²
398 364 638 422 ἐπιγράψας
666 363 791 408 τάδε·

130 450 151 482 3

518 299 653 338 ταῦτα
689 292 964 350 γραψάμενος
976 325 986 336 ,

1332 120 1414 158 449

815 223 889 265 καὶ
925 221 1003 265 τόν
1050 220 1237 274 στρατόν
1276 221 1412 266 αὐτοῦ
1427 232 1468 263 10

1046 289 1228 348 ἀνέθηκε
1274 291 1316 342 ἐς
1363 292 1411 334 τὸ

290 453 485 499 Βόσπορον
513 454 712 499 ἰχθυόεντα
739 452 954 498 γεφυρώσας
981 450 1143 496 ἀνέθηκε

377 514 644 559 Μανδροκλέης
661 512 755 558 ’Ήρῃ
782 512 1018 556 μνημόσυνον
1047 513 1208 556 σχεδίης·

289 572 392 622 αὐτῷ
411 573 478 619 μὲν
498 574 682 618 στέφανον
701 572 885 616 περιθεὶς,
915 573 1089 616 Σαμίοισι
1109 571 1147 607 δὲ
1166 571 1289 611 κῦδος,

375 634 536 679 Δαρείου
556 633 726 679 βασιλέος
746 630 930 673 ἐκτελέσας
950 630 1045 667 κατὰ
1067 633 1171 668 νοῦν.

1433 634 1473 667 15

130 717 297 757 4ταῦτα
325 713 404 770 μέν
431 728 515 756 νυν
542 715 622 756 τοῦ
655 710 882 765 ζεύξαντος
915 711 996 768 τήν
1024 711 1227 768 γέφυραν
1255 711 1414 768 μνημό.

158 796 270 829 συνα
298 783 478 841 ἐγένετο.

270 859 457 909 Δαρεῖος
486 856 531 898 δὲ
551 855 856 912 δωρησάμενος
877 854 1193 907 Μανδροκλέα,
1225 853 1413 908 διέβαινε
1473 880 1482 906 5

159 926 202 978 ἐς
241 927 322 983 τὴν
362 924 607 982 Εὐρώπην,
646 931 758 970 τοῖσι
785 926 902 969 Ἴωσι
943 927 1230 981 παραγγείλας
1270 924 1415 968 πλέειν

1491 846 1578 873 lones
1596 846 1729 873 subvecti

1487 889 1505 907 n
1531 880 1637 908 Istrum
1665 880 1746 907 bidui

1472 915 1530 940 iter
1548 922 1566 940 a
1579 914 1653 942 mari
1666 933 1674 946 ,
1692 914 1746 941 flu-

1491 947 1577 974 minis
1621 948 1730 975 collum

1493 989 1500 1005 ι
1512 985 1562 1007 nte
1602 981 1745 1013 iungunt:

160 996 203 1048 ἐς
238 996 314 1041 τὸν
343 997 538 1048 Πόντου,
577 998 699 1054 μέχρι
724 997 897 1052 Ἴστρου
924 1000 1147 1052 ποταμοῦ·
1196 994 1327 1038 έπεᾶυ
1358 996 1402 1039 δὲ
1416 1003 1457 1036 ΞΟ
1470 989 1745 1050 Βὲπῑυειρενιᾞιει-

161 1065 402 1111 ἀπίκωνται
431 1068 472 1119 ἐς
501 1067 577 1112 τὸν
597 1068 789 1123 Ἴστρον,

841 1068 1033 1111 ἐνθαῦτα
1072 1064 1208 1110 αὐτὸν
1246 1066 1412 1122 περιμέ-

160 1154 276 1189 νειν,
320 1138 577 1194 ζευγνύντας
607 1138 685 1182 τόν
713 1137 924 1194 ποταμόν.
981 1137 1029 1182 τὸ
1070 1136 1152 1193 γάρ
1183 1136 1235 1194 δή
1272 1153 1418 1180 ναυτι-

105 1281 257 1323 mutata,
287 1278 336 1314 sic
353 1277 459 1314 scribi
478 1277 572 1315 vult:
604 1271 679 1317 ἄπ’
702 1271 759 1317 ὧν

105 1329 153 1384 δὴ
170 1332 454 1385 Μανδροκλέης
472 1328 654 1385 ἀπαρχήν
668 1335 758 1383 ζῶα,

104 1384 363 1442 γραψάμενος
383 1392 516 1429 πᾶσαν
535 1387 609 1442 τὴν
631 1391 758 1438 ζεῦξιν

104 1467 159 1475 -—
191 1441 387 1497 α’νέθηκες
425 1448 525 1496 quod
543 1448 629 1485 inde
650 1448 758 1485 etiam

104 1503 252 1554 probari
292 1504 504 1549 arbitratur,
543 1504 642 1553 quod
675 1508 761 1542 ante

105 1554 279 1609 α’νέθηκε
333 1559 540 1609 simpliciter
577 1565 763 1610 repetatur

105 1617 228 1653 ταῦτα
293 1612 571 1666 γραψάμενος,
641 1629 762 1665 neque

105 1673 229 1710 ταῦτα
256 1672 334 1718 ζῶα
359 1667 628 1725 γραψάμενος.
671 1672 761 1709 Mihi

106 1741 209 1766 secus
230 1729 390 1776 videtur,
410 1729 472 1778 qui
490 1730 527 1766 in
546 1729 685 1778 vulgari
706 1729 762 1765 di-

105 1784 294 1822 stinctione
340 1785 638 1833 acquiescendum
681 1797 761 1822 esse

105 1853 318 1892 persuasum
347 1841 477 1878 habeo.
516 1841 566 1878 Et
586 1843 679 1878 conf.
698 1854 760 1878 su-

105 1910 171 1948 pra
202 1897 250 1933 ad
269 1896 341 1945 lV,
367 1899 421 1939 87
446 1902 535 1934 nott.
558 1899 604 1935 de
629 1897 762 1948 duplici

105 1953 333 2001 accusativo,
371 1958 407 1991 et
436 1954 484 1991 ad
509 1955 547 2000 I,
582 1955 674 1996 203.
715 1953 760 2000 Π,

106 2007 133 2048 4
155 2023 191 2060 p.
211 2006 305 2050 483.
323 2011 404 2051 929
432 2010 479 2048 de
496 2010 761 2059 significatione

105 2065 294 2103 locutionis
331 2065 461 2114 allata,
500 2067 546 2104 de
584 2079 654 2116 qua
693 2065 762 2104 Cr.

106 2121 231 2159 laudat
264 2122 394 2172 zoega
430 2121 511 2160 Lib.
543 2123 764 2160 Bassirilievi

106 2182 182 2216 ant.
202 2179 239 2215 di
256 2178 377 2216 Roma
394 2178 490 2216 Part.
501 2178 527 2216 1.
558 2179 651 2217 Cum
670 2179 763 2217 enim

110 2235 211 2281 ζῶον
251 2234 409 2284 effigiem
451 2234 649 2284 quamlibet
689 2235 764 2272 sive

108 2291 260 2339 figuram
291 2291 447 2337 indicet,
489 2292 605 2330 omnis
635 2291 765 2328 locutio

110 2346 160 2383 nil
175 2347 269 2384 aliud
291 2360 419 2385 sonare
437 2348 580 2385 videtur
595 2349 663 2384 nisi
676 2347 762 2384 hoc:

110 2401 336 2440 Mandrocles
394 2404 540 2455 pictura
605 2404 764 2441 exhibuit

111 2471 236 2496 omnem
255 2463 390 2509 pontem
414 2473 595 2511 regemque
609 2460 762 2497 Darium

110 2516 150 2551 in
197 2515 281 2552 solio
315 2516 480 2554 sedente-m
511 2519 763 2566 exercitumque

113 2573 343 2608 traiicientem
371 2576 403 2609 et
425 2586 500 2611 eam
521 2573 678 2610 tabulam
698 2572 762 2610 Iu-

113 2630 198 2665 noni
223 2626 367 2664 Samiae
397 2628 471 2678 [ubi
502 2632 656 2667 fortasse
683 2629 764 2668 No-

115 2687 207 2729 ster,
246 2695 352 2732 quem
380 2684 478 2722 Sami
505 2687 636 2723 diutius
668 2699 767 2723 com-

114 2743 290 2777 moratum
331 2752 411 2778 esse
447 2742 632 2788 novimus,
676 2742 767 2778 vidit

169 2796 378 2834 HERODOT.
418 2797 463 2834 ΙΙ.

816 1278 975 1327 indeque
999 1290 1123 1315 ansam
1155 1278 1280 1314 sumsit
1304 1275 1405 1313 huius
1425 1277 1475 1313 rei

816 1333 1055 1384 enarrandae]
1115 1333 1304 1371 dedicavit.
1367 1333 1475 1370 Conf.

815 1404 961 1440 quoque
991 1390 1131 1428 Wurm.
1171 1392 1206 1427 in
1237 1389 1334 1426 Actt.
1372 1388 1474 1439 phill.

815 1447 980 1484 Monacc.
1000 1447 1071 1494 111,
1099 1447 1125 1488 4
1145 1460 1180 1497 p.
1199 1445 1278 1487 535
1299 1458 1376 1495 seq.

863 1531 905 1570 ἐν
915 1531 1103 1583 προεδρίῃ
1115 1525 1354 1581 κατήμενον]
1365 1528 1474 1572 Quod

817 1588 912 1625 idem
924 1588 1079 1625 Xerxem
1096 1587 1224 1623 fecisse
1237 1586 1364 1623 scimus
1374 1584 1474 1636 Aby-

818 1645 857 1681 di
885 1657 928 1682 ac
953 1643 1150 1680 Salamine.
1194 1642 1314 1692 Ipsum
1343 1641 1474 1687 locum,

817 1713 890 1750 quo
922 1699 1050 1737 solium
1080 1700 1149 1736 sibi
1178 1698 1373 1736 collocarat
1396 1697 1474 1734 Da-

817 1756 913 1803 rius,
938 1756 974 1792 in
1005 1769 1092 1795 saxo
1119 1755 1358 1805 promontorii
1377 1753 1474 1790 Her-

817 1813 909 1850 maei
945 1811 1186 1862 prominenti,
1232 1812 1270 1847 in
1307 1810 1476 1859 Europae

817 1870 929 1916 igitur
955 1869 1019 1905 ora
1039 1868 1171 1914 fuisse,
1200 1867 1403 1917 suspicatur
1421 1866 1476 1901 vir

817 1925 966 1971 doctus,
1004 1937 1112 1974 quem
1155 1924 1320 1973 sequitur
1355 1922 1476 1959 Kruse

815 1981 837 2018 1.
858 1981 881 2018 l.
902 1994 986 2032 pag.
1009 1981 1087 2022 114
1106 1993 1183 2029 seq.

878 2060 1053 2115 ἀνέθηκε
1077 2063 1116 2111 ἐς
1133 2059 1385 2114 το“”Ηραιον]
1414 2061 1473 2099 De

819 2122 888 2159 hoc
916 2121 1063 2159 Iunonis
1092 2119 1227 2170 templo
1256 2119 1350 2156 conf.
1380 2121 1472 2154 nott.

821 2179 869 2215 ad
895 2178 968 2225 Ill,
998 2179 1063 2219 60.
1117 2177 1184 2214 Cr.
1213 2175 1367 2213 conferri
1397 2173 1475 2210 vult

820 2234 960 2272 Iacobs.
993 2233 1209 2272 Reichthum
1237 2233 1302 2269 der
1332 2231 1397 2268 Gr.
1429 2242 1476 2266 an

821 2290 928 2342 plast.
946 2289 1181 2328 Kunstwerk.
1209 2301 1244 2338 p.
1265 2286 1317 2328 14
1339 2299 1416 2336 seq.
1440 2289 1478 2324 et

822 2348 869 2384 de
894 2347 1110 2398 scriptione,
1148 2356 1242 2394 quae
1272 2344 1308 2380 in
1334 2343 1476 2380 duobus

819 2403 918 2440 libris
941 2403 1046 2440 obvia
1069 2407 1126 2440 est
1144 2399 1320 2451 Ἡραῖον,
1346 2403 1474 2436 notatt.

819 2460 856 2496 in
877 2459 1015 2497 Melett.
1037 2459 1052 2496 I
1072 2472 1157 2510 pag.
1179 2459 1243 2498 66.
1284 2455 1341 2493 De
1361 2454 1476 2492 ,Man-

820 2515 934 2552 drocle
953 2517 1048 2553 conf.
1067 2519 1157 2553 nott.
1174 2514 1222 2550 ad
1240 2513 1300 2554 IV,
1323 2513 1375 2551 87
1397 2510 1474 2546 init.

820 2572 886 2609 Cr.
915 2573 1021 2609 addit
1053 2569 1250 2609 Friederic.
1289 2565 1472 2603 'shierscu

819 2629 945 2666 Ueber
970 2629 1030 2665 die
1056 2627 1231 2678 Epochen
1250 2624 1315 2660 der
1334 2620 1474 2658 bilden-

821 2685 894 2722 den
920 2684 1042 2722 Kunst
1067 2687 1171 2720 unter
1201 2680 1272 2716 den
1295 2676 1474 2714 Griechen

820 2753 906 2791 pag.
929 2742 1008 2780 180
1028 2751 1130 2788 seqq.
1154 2734 1330 2833 e‹l.2}iter.

1472 1048 1547 1076 ciam
1564 1049 1597 1076 it.
