1863 3256
437 249 522 291 228
834 246 1303 288 HERODOTI

438 355 524 402 ὑπὸ
555 359 636 401 τοῦ
659 355 808 413 ἡλίου,
840 356 973 408 ἀνιεὶς
998 356 1129 408 αὐτὸς
1149 357 1195 400 ἐκ
1218 359 1296 399 τοῦ
1319 354 1513 410 σώματος
1532 353 1706 410 ἰκμάδα.

411 426 751 482 5Πολυκράτεος
790 429 869 484 μὲν
907 428 959 482 δὴ
1002 430 1047 470 αἱ
1082 427 1238 470 πολλαὶ
1275 424 1467 480 εὐτυχίαι
1497 424 1540 475 ἐς
1577 428 1709 467 τοῦτο
1772 430 1850 468 261

441 498 719 555 ἐτελεύτησαν
766 502 821 554 τῇ
872 500 916 541 οἱ
947 498 1129 553 ’Ἄμασις
1176 496 1199 540 ὁ
1237 497 1465 553 Αἰγύπτου
1508 494 1765 552 βασιλεύς45

437 569 830 626 προεμαντεύσατο.

552 639 709 696 Χρόνῳ
740 639 785 682 δὲ
816 635 871 681 ου’
899 640 1049 695 πολλῷ
1078 636 1262 691 ὕστερον
1291 638 1365 681 καὶ
1389 636 1588 691 Ὀροίτεα
1619 639 1710 679 Πο-

414 708 682 763 2λυκράτεος
719 711 850 759 τίσιες
891 712 1118 764 μετῆλθον.
1177 707 1282 764 μετὰ
1311 707 1395 764 γάρ
1425 707 1503 751 τὸν
1532 705 1711 762 Καμβύ-

440 792 522 824 σεω
542 779 743 822 θάνατον
772 779 844 821 καὶ
875 782 963 820 τῶν
985 778 1158 834 Μάγων
1187 780 1264 835 τὴν
1290 782 1538 834 βασιληίην,
1569 777 1713 832 μένων

440 851 487 894 ἐν
517 855 616 907 τῇσι
648 848 834 904 Σάρδισι
859 845 1077 904 Ὀροίτης,
1121 850 1277 906 ὠφέλει
1315 849 1393 905 μὲν
1430 848 1561 892 οὐδὲν
1600 847 1712 901 Πέρ-

442 932 542 974 σας,
573 919 660 964 ὑπὸ
685 919 863 976 Μήδων
896 916 1279 976 ἀπαραιρημένους
1309 920 1387 974 τὴν
1418 918 1574 975 ἀρχήν·
1613 917 1636 962 ὁ
1668 917 1712 961 δὲ
1726 925 1770 958 50

441 990 490 1034 ἐν
519 990 655 1048 ταύτῃ
697 994 749 1046 τῇ
786 992 952 1046 ταραχῇ
994 990 1103 1033 κατά
1142 990 1219 1046 μὲν
1249 990 1406 1034 ἔκτεινε
1433 988 1715 1045 Μιτροβάτεα

440 1061 519 1104 τὸν
548 1061 594 1104 ἐκ
624 1062 902 1104 Δασκυλείου
932 1059 1156 1116 ὕπαρχον,
1208 1060 1255 1112 ὅς
1295 1063 1338 1104 οἱ
1367 1058 1560 1104 ὠνείδισε
1590 1059 1643 1102 τὰ
1673 1058 1734 1109 ἐς

445 1132 734 1186 Πολυκράτεα
763 1131 935 1187 ἔχοντα,
981 1130 1091 1174 κατά
1133 1131 1177 1175 δὲ
1207 1136 1288 1175 τοῦ
1322 1129 1607 1187 Μιτροβάτεω
1636 1128 1716 1173 τὸν

443 1206 579 1248 παῖδα
617 1201 912 1257 Κρανάσπην,
960 1201 1124 1256 ἄνδρας
1161 1202 1207 1246 ἐν
1246 1204 1439 1260 Πέρσῃσι
1484 1203 1714 1258 δοκίμους·

415 1273 558 1317 Βάλλα
587 1290 630 1317 τε
661 1272 856 1332 ἐξύβρισε
885 1278 1094 1326 παντοῖα,
1140 1276 1213 1317 καί
1242 1291 1339 1319 τινα
1370 1272 1613 1330 άγγαρήϊον
1632 1277 1770 1316 Δα-55

279 644 379 689 126

109 712 142 737 Α.
161 710 211 738 522
240 710 269 737 iu
288 710 383 736 turbis

108 748 175 778 pust
224 743 384 777 Magorum

108 776 230 804 eaedem
258 778 383 803 Ornetes

108 810 265 838 Mitrobati
279 811 383 837 eteius

108 843 171 871 mio
190 849 311 871 morti-m
338 843 381 869 of-

109 877 187 904 fri-te
210 878 343 904 nuntium
365 883 383 902 a

108 910 201 937 Dario
264 910 383 936 nussum

107 943 317 971 trucidandum
352 944 381 970 in

109 977 207 1005 reditu
229 981 326 1004 curat.

443 1461 496 1514 τῇ
514 1480 570 1487 -
589 1454 951 1512 προεμαντεύσατο]
967 1456 1049 1496 Vid.

383 1516 451 1564 111,
474 1520 528 1557 40
549 1529 653 1566 seqq.

375 1580 378 1583 “
563 1573 674 1623 Cap.
705 1572 872 1609 CXXVI.

440 1623 789 1680 ἀπαραιρημένους
810 1625 884 1678 τήν
905 1623 1049 1679 άρχήν]

387 1685 498 1722 Conf.
526 1685 598 1731 ΙΙΙ,
630 1686 683 1726 65
709 1685 785 1721 init.
838 1685 1051 1734 Respicitur

387 1742 483 1778 enim
519 1746 662 1791 tempus
677 1770 687 1787 ‚
759 1753 832 1790 quo
872 1742 1049 1786 Smerdis,

384 1795 533 1846 Magus,
554 1798 744 1847 imperium
756 1798 879 1834 tenuit.
893 1819 938 1825 —
956 1797 1052 1834 Pau-

383 1852 420 1889 lo
445 1859 532 1891 ante
566 1867 632 1904 pro
663 1852 747 1892 καὶ
777 1855 859 1892 τῶν
889 1849 1050 1904 Μάγων

383 1906 459 1960 τὴν
481 1910 695 1961 βασιληίην
727 1909 899 1947 Valcken.
929 1911 1051 1960 suspi-

386 1972 488 2003 catus
517 1972 596 2004 erat
622 1963 753 2004 κατά
782 1968 862 2004 τῶν
886 1969 948 2004 Μ.
974 1963 1049 2016 τήν

387 2023 476 2073 βασ.
490 2050 501 2068 ,
542 2028 581 2059 ut
602 2035 729 2060 sensus
749 2022 818 2059 loci
842 2023 871 2059 is
895 2023 1050 2060 existat:

386 2091 423 2115 eo
459 2082 627 2129 tempore,
667 2092 733 2128 qno
761 2078 876 2127 Magi
905 2091 1051 2127 regnum

387 2138 616 2185 occuparant.
665 2137 774 2174 Conf.
796 2135 869 2182 lli,
899 2138 962 2176 61.
985 2137 1050 2175 67.

387 2191 445 2229 De
471 2205 538 2228 usu
571 2192 854 2242 praepositionis
888 2187 986 2229 κατά
1012 2192 1048 2228 in

388 2247 617 2295 designando
628 2252 793 2298 tempore
807 2249 878 2284 dixi
892 2248 938 2284 ad
951 2249 1051 2294 1,67.

448 2302 490 2342 ἐν
507 2299 630 2356 ταύτῃ
656 2306 706 2358 τῇ
728 2303 893 2357 ταραχῇ]
940 2304 1050 2340 Conf.

388 2358 454 2404 ΙΙΙ,
484 2360 573 2400 150.
621 2361 676 2396 Ex
699 2361 767 2396 hoc
791 2360 869 2396 loco
891 2361 1049 2397 Heeren.

391 2415 444 2451 Id.
465 2415 492 2461 1,
523 2419 540 2454 1
564 2428 648 2466 pag.
669 2415 764 2462 412,
785 2416 1050 2462 concludivult,

391 2475 550 2519 quantus
578 2473 725 2508 omnino
757 2473 824 2508 iste
848 2473 952 2509 suerit
974 2485 1052 2507 mo-

392 2532 451 2564 tus
481 2539 503 2563 a
523 2527 669 2563 Smerdi
694 2527 887 2576 Magisque
915 2529 1052 2564 excita-

392 2587 472 2628 tus3
514 2584 650 2632 quippe
678 2584 726 2619 ad
757 2596 900 2620 omnem
926 2583 1050 2619 Asiam

391 2638 465 2676 late
495 2644 682 2689 patentem
719 2639 896 2688 regnique
928 2644 1051 2689 partes

392 2695 603 2744 amplissimi
632 2695 785 2732 maxime
808 2700 963 2731 remotas
994 2694 1052 2731 ille

392 2751 710 2788 valuissevidetur.
741 2751 825 2794 Quo
844 2751 939 2788 enim
961 2756 1052 2787 tem-

393 2820 485 2858 pore
505 2808 667 2845 Smerdis
687 2820 838 2856 regnum
857 2812 1054 2856 occuparat

395 2868 612 2915 septemque
641 2863 690 2900 ini
718 2864 900 2914 principes
927 2863 1053 2899 coniu-

1107 1459 1250 1504 rabant,
1272 1460 1430 1496 omnium
1448 1459 1524 1498 sere
1545 1473 1664 1497 rerum
1685 1473 1771 1511 per-

1106 1516 1264 1552 turbatio
1281 1529 1347 1565 per
1367 1529 1519 1564 regnum
1536 1516 1622 1554 illud
1643 1522 1770 1554 exorta

1108 1585 1189 1609 esse
1223 1572 1387 1618 videtur,
1431 1572 1466 1608 iu
1496 1574 1588 1622 quai,
1624 1579 1662 1610 ut
1691 1573 1770 1610 fieri

1106 1628 1222 1673 solet,
1296 1628 1432 1677 singuli
1502 1630 1768 1680 provinciarum

1106 1684 1282 1734 praefecti
1307 1698 1348 1721 se
1381 1686 1636 1723 constituerint
1661 1698 1768 1735 reges

1108 1745 1145 1777 et
1176 1753 1242 1790 pro
1274 1754 1339 1777 suo
1367 1742 1504 1790 quique
1537 1743 1681 1792 egerint
1710 1755 1771 1780 ar-

1107 1797 1226 1833 bitrio.

1163 1850 1233 1892 τόν
1251 1851 1292 1891 ἐκ
1303 1853 1550 1892 Δασκυλείου
1571 1850 1768 1906 ὕπαρχον]

1107 1910 1216 1946 Conf.
1247 1910 1319 1954 lli,
1348 1913 1426 1951 120
1450 1910 1536 1960 ibiq.
1562 1916 1655 1949 nott.
1710 1911 1769 1948 Ad

1106 1966 1218 2003 verba
1239 1963 1286 2003 τά
1309 1964 1348 2011 ἐς
1376 1963 1635 2016 Πολυκράτεα
1663 1966 1770 2018 ἔχον-

1107 2038 1154 2060 τα
1177 2023 1271 2058 conf.
1297 2022 1360 2068 lli,
1386 2024 1446 2061 16.
1483 2023 1523 2059 In
1541 2024 1660 2061 verbis
1682 2025 1770 2061 sub-

1109 2091 1213 2127 seqq.
1237 2091 1317 2114 cum
1331 2078 1448 2115 Gaisf.
1466 2079 1671 2118 Florentini
1689 2080 1772 2118 libri

1108 2135 1335 2185 potissimum
1376 2136 1592 2174 auctoritate
1627 2137 1773 2186 scripsi-

1109 2203 1208 2228 mus:
1257 2187 1357 2228 κατά
1390 2188 1432 2229 ὸὲ
1461 2194 1533 2230 τοῦ
1562 2187 1771 2243 Μιτροβά-

1108 2261 1182 2285 τεω
1220 2243 1290 2285 τὸν
1338 2248 1462 2286 παῖδα
1500 2244 1770 2298 Κρανάσπην,

1108 2304 1169 2341 ubi
1188 2303 1297 2352 vulgo
1318 2301 1416 2342 κατά
1440 2301 1482 2342 δὲ
1505 2301 1574 2342 τόν
1599 2306 1659 2342 M.
1679 2307 1769 2342 παῖ-

1109 2361 1158 2398 δα
1183 2355 1418 2410 Κρανάπην,
1450 2373 1557 2409 quam
1577 2360 1768 2398 lectionem

1108 2416 1256 2453 retinuit
1289 2415 1488 2461 Matthiae,
1560 2417 1629 2453 nisi
1667 2417 1768 2465 quod

1109 2468 1350 2522 Κρανάστην
1381 2472 1508 2508 edidit.

1165 2528 1231 2565 καί
1252 2542 1339 2565 τινα
1361 2523 1595 2578 α’γγαρήϊον]
1631 2527 1768 2565 Tabel-

1108 2584 1232 2620 larium
1261 2582 1431 2632 intelligit
1457 2597 1485 2620 s,
1506 2597 1688 2621 cursorem
1712 2596 1770 2622 re-

1108 2640 1205 2688 gium
1226 2640 1408 2687 equitemz,
1449 2641 1495 2677 de
1523 2653 1595 2689 quo
1617 2640 1769 2678 tabella-

1109 2696 1243 2731 riorum
1289 2696 1455 2732 instituto
1499 2697 1596 2746 apud
1637 2697 1768 2734 Persas

1110 2751 1301 2800 primarius
1343 2757 1463 2788 exstat
1500 2752 1630 2789 Nostri
1669 2754 1768 2790 locus

1114 2807 1193 2843 Vll!
1209 2834 1220 2852 ,
1245 2810 1321 2854 98,
1358 2821 1466 2856 quem
1495 2822 1567 2846 una
1590 2821 1671 2846 cum
1688 2808 1767 2845 aliis

1111 2862 1179 2899 hac
1205 2864 1251 2900 de
1276 2876 1314 2901 re
1343 2865 1514 2902 excitavit
1534 2865 1696 2903 Brisson.
1719 2865 1767 2902 de
