1863 3256
202 584 303 629 106

32 648 149 677 Terras
209 654 308 677 extre-

31 690 95 710 ιιιεε
162 682 275 710 divitiis

32 717 115 743 Grae
99 717 161 744 eine
167 725 193 743 ιιι
235 721 308 743 tem-

31 758 83 785 pe-
69 756 138 776 ,ιιειι
144 751 197 777 bus

30 784 160 810 “²⁸¹¹“
205 782 309 843 lugeo?
368 800 424 842 ἕω
463 799 619 855 ἐσχάτη
658 803 748 842 τῶν
784 802 1046 857 οἰκεομένων
1085 799 1111 858 ἡ
1146 800 1304 858 Ἰιδική
1333 803 1445 855 ἐστι,
1490 817 1636 858 ωσπερ

338 870 524 925 ὃόλίγον
553 868 769 924 πρότερον
798 873 960 929 εἴρηκα.
1020 872 1068 916 ἐν
1094 872 1251 930 ταύτῃ,
1292 878 1423 917 τοῦτο
1454 874 1638 930 μεν,τά

31 817 135 843 Ιιοιιιε

32 850 185 883 rumequi
205 849 309 876 λιειιεί

53 889 152 910 taenia
157 883 239 909 uites!
233 883 291 910 imi.

50 918 160 951 7‚·⁴⁰]

365 199 448 240 194

762 198 1233 238 HERODOTI

364 303 578 361 σκομὲνας
629 310 719 351 τῶν
777 307 928 351 ἔλιπον
976 308 1167 361 τέκνων,
1233 306 1455 351 ἐνδιδόναι
1500 311 1632 363 μαλα-

334 376 450 422 4κὸν
477 375 623 422 οὐδέν.

688 377 778 421 Τόν
805 377 886 432 μὲν
915 377 969 433 δὴ
997 379 1112 421 πλέω
1138 384 1220 424 τοῦ
1248 381 1415 434 χρυσοῦ
1447 377 1565 421 οὕτω
1589 379 1690 421 οἶ25

358 446 489 492 Ἰνδοὶ
517 452 728 499 κτῶνται,
759 447 818 499 ὦς
846 447 1014 501 Πέρσαι
1044 451 1174 502 φασί·
1210 449 1339 501 ἄλλος
1369 449 1417 493 ὁὲ
1444 447 1634 492 ozam&-

364 517 486 573 τερός
517 519 627 567 ἐστι,
669 519 716 562 ἐν
743 523 798 575 τῇ
826 517 945 575 χώρῃ
975 517 1282 574 ὀρυσσόμενος.

473 590 532 631 Αἰ
562 586 607 631 δ’
638 588 827 643 ἐσχατιαί
856 604 942 639 κως
971 592 1046 643 τῆς
1067 590 1325 647 οἰκουμένης
1345 590 1398 634 τὰ
1428 590 1635 634 κάλλιστα

365 659 544 714 ἔλαχον,
576 658 765 713 κατάπερ
795 658 822 715 ἡ
852 657 1001 710 Ἑλλὰς
1028 659 1105 710 τὰς·
1134 660 1252 714 ὥρας
1280 661 1446 705 πολλόν
1466 679 1507 705 τι
1536 661 1635 705 κάλ-

245 757 308 776 m...
340 735 494 773 Ξλιστα
523 732 791 784 κεκραμένας
821 730 952 786 ἔλαχε.
1010 735 1142 774 τοῦτο
1171 731 1249 787 μὲν
1277 732 1385 787 γὰρ,
1415 733 1526 788 πρὸς
1554 733 1633 790 τὴν
1646 740 1693 775 30

365 940 536 996 ἔμψυχα
565 939 810 993 τετράποδά
839 959 883 986 τε
913 944 985 987 καὶ
1015 942 1068 986 τὰ
1105 943 1267 1000 πετηνά
1295 949 1443 999 πολλῷ
1469 944 1578 1000 μέζω
1609 943 1638 1002 ἦ

365 1010 412 1054 ἐν
450 1016 565 1054 τοῖσι
603 1011 772 1057 ἄλλοισι
808 1016 1009 1070 χωρίοισί
1047 1013 1154 1065 ἐστι,
1194 1013 1328 1068 πάρεξ
1356 1019 1446 1058 τῶν
1473 1017 1635 1059 ἵππων·

306 1183 478 1221 seminam
502 1197 664 1232 cursum,
693 1187 760 1224 sed
778 1191 974 1238 utrumque

306 1240 444 1277 trahi.“

364 1293 565 1336 ἐνδιδόναι
586 1295 765 1348 μαλακόν
784 1294 919 1350 ου’δέν]
952 1301 973 1336 i.

307 1366 341 1391 e.
363 1354 457 1390 m'lail
477 1354 518 1390 de
535 1368 639 1391 cursu
659 1358 842 1402 remittere,
864 1357 973 1393 mari-

307 1410 378 1447 bus
410 1411 572 1459 quamvis
607 1414 756 1460 segnius
786 1414 973 1461 sequenti-

309 1466 389 1503 bus.
447 1466 505 1504 De
527 1467 707 1505 locutione
729 1470 824 1506 conf.
848 1468 968 1506 Schol.

276 1563 279 1569 ἱ
308 1521 498 1573 Aristoph.
522 1523 616 1561 Plut.
637 1524 719 1563 488
740 1526 826 1574 ibiq.
856 1526 974 1563 Hem-

309 1578 464 1616 sterhus.
486 1584 522 1617 et
539 1580 682 1618 Herod.
700 1581 763 1629 Ill,
774 1582 824 1623 51
852 1582 974 1632 ibique

310 1636 431 1673 citata.

529 1692 637 1743 Cap.
667 1692 762 1730 CVI

365 1746 424 1785 At
443 1742 487 1785 δ’
510 1747 686 1799 ἐσχατιαί
713 1764 793 1795 κως
821 1751 894 1798 τῆς
917 1749 972 1788 οἰ·

307 1801 509 1853 κουμὲνης
538 1820 573 1843 κ.
606 1820 638 1843 τ.
668 1808 700 1843 λ.
712 1804 726 1855 ]
767 1807 874 1843 Conf.
908 1806 973 1851 111,

312 1862 404 1901 116.
462 1860 519 1897 Ex
540 1862 724 1899 Herodoti
745 1868 866 1900 mente
890 1863 972 1899 Indi

309 1917 471 1954 omniurn
508 1919 660 1955 extremi
693 1919 741 1955 ad
780 1920 971 1965 orientem,

309 1971 452 2010 Arabes
473 1973 521 2009 ad
541 1975 742 2022 meridiem,
753 1978 885 2012 terram
906 1975 973 2012 ha-

310 2029 460 2065 bitatam
492 2031 696 2067 terminant.
757 2031 853 2068 Nam
876 2031 971 2068 ultra

308 2085 421 2121 Indos
449 2085 499 2122 nil
525 2087 593 2123 nisi
619 2087 764 2124 deserta
785 2086 968 2133 sabulosa,

308 2142 495 2178 meridiem
523 2155 646 2179 versus
673 2143 853 2180 Arabibus
883 2157 971 2181 eon-

308 2197 453 2234 termini
476 2204 562 2235 sunt
582 2198 782 2250 Aethiopes
801 2200 850 2237 ad
874 2201 970 2237 occi-

309 2253 456 2290 dentem
482 2267 596 2304 usque
615 2257 793 2305 porrecti3
824 2257 871 2293 de
890 2256 971 2293 fini-

309 2308 376 2345 bus
395 2314 515 2348 terrae
537 2312 583 2348 ad
602 2313 829 2350 occidentem
850 2326 891 2349 ac
914 2311 968 2350 vel

309 2365 426 2413 magis
467 2367 515 2403 ad
554 2370 842 2417 septentrionem
883 2368 970 2405 nihil

310 2422 400 2458 certi
410 2421 661 2472 exploratique
680 2424 815 2462 Noster
826 2425 971 2462 habuis·

311 2489 352 2513 se
379 2477 531 2514 videtur.
589 2479 700 2517 Unde
728 2481 796 2518 hoc
817 2481 875 2518 ille
900 2481 968 2517 sibi

308 2533 479 2582 colligere
496 2535 661 2582 videtur,
691 2537 883 2574 Graeciam
901 2549 968 2587 pa-

309 2589 416 2626 triam
431 2590 466 2626 in
491 2592 610 2628 media
629 2597 726 2629 terra
743 2593 903 2629 habitata
922 2594 971 2629 si-

310 2649 399 2692 tam,
415 2647 553 2697 optima
576 2647 665 2685 coeli
689 2649 754 2685 frui
778 2650 969 2699 temperie,

308 2699 393 2739 licet
406 2703 549 2751 quaein
564 2705 732 2742 extremis
753 2710 872 2743 terrae
884 2718 971 2743 con·

313 2757 408 2795 liniis
455 2760 623 2809 regiones
667 2761 741 2797 sint
812 2763 969 2812 optimos

310 2826 479 2865 quosque
510 2816 624 2854 edant
661 2817 807 2855 fructus.
857 2818 967 2855 Cous.

1030 1186 1249 1225 Dahlmann.
1271 1186 1307 1222 in
1329 1186 1508 1224 Herodot.
1527 1199 1616 1238 pag.
1637 1188 1692 1228 90

1030 1256 1108 1292 seq.
1133 1264 1189 1270 —
1218 1239 1287 1288 τιὶς
1309 1238 1415 1293 ὧρας
1439 1257 1482 1281 eo
1506 1256 1615 1280 sensu
1635 1243 1693 1280 di-

1029 1301 1092 1347 xit,
1112 1313 1186 1349 quo
1207 1298 1233 1344 l,
1253 1300 1345 1343 142,
1371 1300 1461 1341 149.
1478 1300 1601 1347 11‚77.

1072 1359 1186 1394 τοῦτο
1206 1353 1278 1405 μὲν
1301 1353 1389 1405 ·ἀ“ρ,
1409 1353 1508 1406 πρὸς
1527 1352 1601 1405 τήν
1618 1354 1686 1406 ἕω]

1027 1412 1109 1458 His,
1121 1416 1294 1450 monente
1307 1412 1526 1462 Schweigh„
1535 1425 1693 1462 respon-

1031 1469 1119 1506 dent
1149 1469 1278 1518 capitis
1312 1471 1390 1508 107
1423 1469 1560 1506 xerba:
1589 1483 1692 1521 προς

1031 1521 1072 1563 δ’
1096 1526 1155 1563 αὐ
1177 1540 1222 1575 με
1208 1524 1424 1574 σαμβοιίῑς
1444 1541 1479 1563 κ.
1505 1540 1537 1564 τ.
1562 1527 1596 1564 λ.

1089 1577 1225 1632 ὀλίγον
1245 1578 1456 1631 ποότερον]
1487 1581 1690 1622 Vid.c,98.

1086 1633 1212 1686 πιὲοεξ
1230 1640 1308 1676 τῶν
1327 1636 1478 1689 ι’τπων]
1508 1638 1613 1676 Haec
1640 1639 1692 1676 ita
1755 1676 1763 1681 ,

1029 1694 1065 1730 in
1095 1696 1298 1732 universum
1325 1695 1586 1744 pronuntiata,
1616 1707 1691 1732 non

1027 1763 1179 1800 prorsus
1213 1763 1299 1787 vera
1328 1751 1441 1789 videri
1476 1764 1585 1789 nemo
1616 1763 1691 1788 non

1030 1807 1142 1845 videt.
1180 1807 1279 1844 Nam
1298 1808 1346 1844 de
1364 1808 1470 1857 equis
1483 1808 1574 1845 solis
1591 1807 1691 1845 haud

1028 1864 1103 1899 scio
1119 1876 1166 1900 an
1185 1877 1270 1901 vere
1291 1864 1388 1901 dicta
1405 1864 1521 1902 videri
1540 1868 1689 1914 queant.

1028 1919 1191 1958 Pertinet
1212 1921 1281 1957 huc
1303 1920 1451 1958 Ctesiae
1473 1922 1633 1958 narratio
1650 1921 1690 1958 in

1029 1975 1134 2012 lndd.
1156 1975 1193 2027 ᾗ.
1215 1980 1279 2023 11,
1300 1977 1399 2027 apud
1422 1977 1690 2027 Pygmaeorum

1027 2038 1176 2081 gentem
1199 2034 1321 2071 media
1337 2034 1373 2070 in
1392 2032 1495 2070 India
1513 2033 1691 2081 oves,bo-

1027 2100 1110 2131 ves,
1149 2089 1271 2125 asinos
1306 2090 1475 2139 adeoque
1500 2102 1614 2139 equos
1644 2101 1689 2127 ac

1027 2144 1142 2181 mulos
1162 2158 1344 2194 omneque
1363 2146 1605 2184 iumentorum
1622 2157 1687 2194 ge—

1027 2213 1094 2237 nus
1114 2202 1364 2250 magnitudine
1386 2203 1519 2239 arietes
1544 2203 1601 2239 vix
1625 2213 1688 2239 ae-

1027 2269 1154 2306 quare.
1212 2257 1271 2293 Ad
1291 2270 1398 2306 quem
1418 2257 1534 2294 locum
1555 2263 1592 2294 et
1609 2256 1686 2295 Ae-

1026 2313 1163 2349 lianum
1186 2313 1374 2350 citavimus
1393 2312 1441 2350 N.
1455 2312 1499 2349 A-
1521 2314 1620 2360 XVI,
1631 2315 1686 2355 37

1027 2370 1073 2406 de
1086 2368 1227 2418 Psyllis,
1242 2369 1363 2406 ludica
1381 2370 1539 2418 quadam
1561 2376 1687 2418 gente,

1026 2426 1154 2463 eadem
1176 2426 1252 2462 fere
1272 2431 1495 2472 narrantem,
1515 2434 1552 2464 et
1564 2426 1685 2464 wahl.

1028 2481 1246 2518 Erdbeschr.
1274 2494 1309 2518 v.
1342 2482 1488 2519 Ostind.
1523 2496 1560 2534 p.
1588 2482 1685 2524 815.

1027 2537 1109 2578 824
1135 2539 1273 2587 optime
1295 2545 1518 2585 monentem,
1549 2540 1585 2576 iu
1605 2544 1685 2577 ter-

1026 2596 1073 2630 ris
1098 2593 1303 2642 Adschmyr
1331 2599 1370 2632 et
1400 2594 1685 2643 Bautica-esrum,

1026 2651 1063 2686 iu
1095 2649 1211 2686 insula
1236 2650 1377 2700 Ceylon
1401 2663 1430 2686 ³.
1460 2650 1686 2701 Taprobane

1027 2711 1065 2743 et
1085 2706 1314 2755 potissimum
1342 2708 1377 2743 in
1400 2713 1498 2744 terra
1524 2708 1685 2746 Shurate

1027 2762 1136 2799 bones
1157 2762 1338 2812 hodieque
1350 2763 1504 2801 inveniri
1514 2769 1590 2801 tam
1608 2764 1684 2802 exi-

1024 2830 1115 2868 guas
1142 2830 1186 2856 ac
1212 2823 1362 2867 tenues,
1391 2825 1432 2858 ut
1453 2821 1512 2858 vix
1534 2820 1684 2859 mnibus
