1863 3256
407 136 491 176 504

797 125 1261 170 HERODOTI

408 243 580 297 Πέρσα·
631 242 713 297 ἐγώ
753 239 910 284 οὐδένα
939 254 1001 281 κω
1031 235 1278 291 ἀνθρώπων
1308 235 1449 285 δείσας
1477 234 1657 290 ἔφυγον,

408 314 507 359 οὔτε
536 312 766 368 πρότερον,
806 311 904 352 οὔτε
933 312 1016 350 νῦν
1047 318 1092 350 σε
1122 305 1291 361 φεύγω·
1341 304 1443 349 οὐδὲ
1479 322 1520 348 τι
1557 304 1659 348 νεώ-

410 384 536 439 τερόν
575 385 658 438 εἶμι
698 380 883 434 ποιήσας
930 383 1013 421 νῦν
1061 378 1089 432 ἢ
1135 377 1208 420 καὶ
1245 377 1291 420 ἐν
1331 377 1479 433 εἰρήνῃ
1522 374 1715 419 ἐώθεα45

382 455 589 499 Ξποιὲειν.
648 452 672 494 ὅ
701 467 742 492 τι
773 450 817 493 δὲ
848 447 929 492 οὐκ
957 447 1112 492 αὐτίκα
1139 448 1329 503 μάχομαί
1358 465 1448 500 τοι,
1477 447 1559 503 ἐγώ
1590 447 1663 490 καὶ

408 530 538 569 τοῦτο
577 520 789 576 σημανέω.

848 520 951 575 ἡμῖν
982 519 1080 563 οὔτε
1111 518 1263 571 ἄστεα,
1307 519 1405 562 οὔτε
1435 523 1489 574 γῆ
1519 534 1663 573 πεφυ-

410 595 590 651 τευμένη
621 592 728 643 ἐστὶ,
759 594 848 633 τῶν
877 590 975 644 πέρι
1004 592 1216 641 δείσαντες
1240 590 1297 646 μή
1331 589 1449 646 ἁλῴη
1479 590 1505 646 ἢ
1535 593 1664 645 καρῇ,

381 664 646 720 3ταχύτερον
682 664 991 718 συμμίσγοιμεν
1031 660 1084 704 ἂν
1124 661 1166 711 ἐς
1202 661 1340 717 μάχην
1380 660 1507 717 ύμῖν·
1554 663 1589 705 εἰ
1620 662 1721 704 δὲ50

409 737 500 779 δέοι
529 732 700 783 πάντως
729 733 770 783 ἐς
799 737 927 777 τοῦτο
957 731 1064 776 κατὰ
1086 732 1212 787 τάχος
1232 730 1534 784 ἀπικνέεσθαι,
1565 749 1667 787 τυγ-

409 805 590 861 χάνουσι
618 802 723 859 ἡμῖν
752 803 893 854 ἐόντες
921 803 1055 858 τάφοι
1083 801 1320 855 πατρώϊοι,
1362 801 1533 857 φέρετε,
1568 803 1666 847 τού-

410 892 514 926 τους
551 872 829 928 ἀνευρόντες,
885 873 1080 928 συγχέειν
1118 875 1325 925 πειρᾶσθε
1363 871 1542 923 αὐτούς·
1593 876 1666 917 καὶ

410 945 634 1003 γνώσεσθε
657 945 772 996 τότε,
802 946 883 987 εἴτε
912 942 1019 999 ύμῖν
1048 941 1329 999 μαχησόμεθα
1358 943 1453 996 περὶ
1483 948 1569 986 τῶν
1598 944 1671 986 τοί-

414 1034 537 1073 φων,
567 1018 647 1060 ε’ίτε
677 1016 750 1059 καὶ
780 1014 834 1058 οὐ
858 1013 1154 1071 μαχησόμεθα.
1213 1012 1427 1067 πρότερον
1449 1013 1515 1065 δὲ,
1545 1014 1599 1070 ἢν
1615 1015 1727 1071 μὴ55

385 1086 552 1145 4ἡμέας
587 1085 715 1142 λόγος
755 1087 880 1141 αἷρῇ,
930 1083 983 1129 οὐ
1020 1083 1284 1139 συμμίξομὲν
1313 1101 1392 1127 τοι.
1453 1083 1565 1140 ἀμφὶ
1593 1086 1672 1141 μὲν

413 1158 525 1215 μάχῃ
555 1162 747 1201 τοσαῦτα
776 1156 978 1212 εἰρήσθω.
1034 1154 1258 1206 Δεσπότας
1286 1155 1331 1198 δὲ
1362 1154 1494 1210 ἐμούς
1514 1158 1600 1200 Δία
1629 1173 1674 1201 τε

417 1228 500 1285 ἐγὼ
529 1230 711 1283 νομίζω,
759 1228 836 1271 τὸν
877 1227 981 1282 ἐμὸν
1016 1226 1260 1281 πρόγονον,
1298 1226 1373 1269 καὶ
1398 1224 1554 1281 Ἱστίην
1593 1228 1674 1283 την

388 1301 639 1343 5Σκυθέων
668 1300 913 1355 βασίλειαν,
957 1296 1151 1352 μούνους
1189 1294 1309 1340 εἶναι.
1369 1297 1454 1339 Σοὶ
1495 1297 1540 1340 δὲ
1579 1297 1676 1341 ἀντὶ

417 1371 496 1428 μὲν
545 1368 701 1424 δώρων
751 1373 830 1426 γῆς
877 1385 920 1412 τε
966 1368 1039 1411 καὶ
1089 1367 1281 1420 ὕδατος,

780 1453 850 1484 σοι
902 1439 1055 1494 πρέπει
1108 1439 1278 1485 ἐλθεῖνῖ

419 1445 602 1485 τοιαῦτα
652 1438 724 1484 οἷά

340 1625 528 1668 afferunt.
562 1624 660 1663 Nam
685 1623 873 1661 Persarum
894 1635 1022 1671 regem,

361 1695 437 1719 non
476 1681 605 1719 Persas
643 1682 782 1730 Scytha
817 1680 1021 1729 ailoquitur.

361 1738 423 1775 Ad
458 1735 654 1791 νεώτερον
703 1738 799 1776 conf.
835 1741 928 1774 nott.
974 1736 1023 1774 ad

362 1795 426 1842 ΙΙΙ,
463 1797 527 1836 62.

421 1849 521 1901 ’ἡμῖν
558 1848 649 1891 οὔτε
688 1848 806 1889 ἄστεα
838 1863 873 1888 κ.
903 1863 934 1886 τ.
965 1847 1022 1898 λ.]

367 1907 509 1945 Eadem
534 1908 656 1947 Valet.
679 1907 778 1947 Max.
801 1907 846 1953 V,
878 1904 916 1951 4,
941 1905 1024 1941 Ext.

367 1965 394 2006 5
417 1964 495 2003 coll.
526 1977 620 2013 quae
640 1965 687 2001 ad
708 1964 847 2001 Herod.
869 1961 943 2009 lv,
972 1959 1026 2001 46

370 2021 433 2057 fin.
462 2021 661 2058 citavimus.
702 2042 758 2048 κ-
795 2019 913 2068 „Hoc
941 2016 1028 2054 nihil

368 2077 577 2115 audientem
590 2076 739 2114 Darium
760 2077 833 2113 iam
856 2078 940 2112 ante
954 2075 1028 2110 fra-

364 2137 421 2170 ter
440 2137 633 2170 monuerat
653 2132 879 2178 Artabanw,
911 2145 1028 2168 κατα-

365 2188 490 2240 λέγων
514 2192 595 2228 τῶν
617 2187 817 2227 Σκυθέων
840 2184 914 2238 τήν
932 2182 1028 2225 οἷπο-

366 2244 458 2294 ρίην
485 2245 555 2291 IV,
592 2248 643 2286 83
677 2245 772 2295 [coll.
809 2245 882 2291 IV,
916 2241 1029 2292 134].

370 2300 654 2339 Permanserant
704 2302 836 2339 idcirco
886 2311 1030 2349 semper

371 2358 516 2402 invicti,
546 2352 666 2396 ου’δὲν
689 2356 840 2407 ἔχοντες
858 2353 958 2407 ὑπὲρ
979 2348 1029 2393 οὗ

370 2408 654 2459 δουλεύσουσι,
686 2414 882 2450 secundum
902 2412 1029 2462 Epho-

371 2482 450 2506 rum
479 2470 577 2519 apud
606 2470 779 2506 Strabon.
804 2468 870 2505 Vll
892 2482 928 2518 p.
949 2469 1030 2508 303

373 2538 402 2562 s.
418 2524 500 2566 464
520 2524 584 2571 Α.,
619 2529 655 2562 et
677 2524 846 2574 Aegyptii
865 2525 960 2572 rogis
981 2524 1032 2560 le-

373 2582 469 2630 gatis
487 2581 620 2619 dixisse
640 2581 873 2630 perhibentur
896 2581 1032 2616 Iustino

374 2637 421 2683 ll,
446 2640 490 2676 3:
531 2641 603 2674 iam
635 2637 792 2686 opulenti
817 2637 941 2685 populi
968 2636 1034 2671 da-

377 2707 449 2730 cem
470 2693 595 2730 stolide
616 2693 782 2730 adversus
801 2695 915 2741 inopes
935 2706 1034 2727 occa-

371 2763 476 2800 passe
496 2751 634 2787 bellam.
674 2750 731 2788 Cf.
759 2750 857 2801 apud
879 2750 1033 2786 eundem

1357 1369 1478 1421 δῶρα
1521 1368 1675 1425 πέμψω

1362 1437 1460 1482 ἀντὶ
1509 1439 1555 1483 δὲ
1598 1444 1733 1484 τοῦδο

1079 1623 1144 1670 ΙΧ,
1165 1625 1192 1663 2
1224 1626 1260 1660 et
1285 1621 1455 1659 Strabon.
1479 1634 1517 1672 p.
1547 1624 1630 1664 463
1650 1623 1694 1663 A.
1708 1626 1736 1646 “

1086 1679 1302 1716 Valcken.
1351 1678 1462 1715 Unde
1491 1678 1637 1717 ductum
1672 1694 1737 1718 vo-

1080 1735 1161 1773 lunt
1187 1734 1416 1786 proverbium
1437 1737 1616 1774 Σκυθιιῖν
1646 1735 1737 1788 ἕρη-

1081 1793 1152 1844 μία
1183 1793 1229 1829 de
1261 1792 1424 1828 maximis
1461 1791 1738 1841 calamitatibus,

1082 1850 1158 1886 sive
1176 1851 1305 1897 exite'03
1346 1849 1439 1885 conf.
1461 1848 1669 1899 Interprett.
1689 1851 1739 1888 ad

1082 1905 1267 1955 Aristoph.
1295 1904 1448 1941 Acharn.
1473 1906 1566 1946 704.
1591 1905 1741 1944 Freins-

1083 1962 1178 1999 hem.
1205 1962 1254 1998 ad
1281 1962 1382 2000 Curt.
1410 1960 1498 2008 Vll,
1525 1963 1570 2008 8,
1593 1964 1658 2004 23.
1684 1985 1739 1990 --

1081 2017 1139 2055 Ad
1158 2019 1441 2068 comparativum
1460 2013 1673 2070 ταχύτερον
1695 2020 1741 2056 cf.

1081 2074 1215 2111 Matth.
1247 2072 1284 2124 ἓ.
1316 2075 1408 2114 130.
1442 2095 1497 2100 —-
1539 2073 1598 2112 De
1631 2077 1741 2124 regiis

1085 2131 1254 2180 sepulcris
1280 2131 1375 2168 conf.
1404 2134 1497 2166 nott.
1527 2131 1576 2167 ad
1600 2131 1661 2178 1V,
1686 2134 1736 2172 71

1085 2191 1122 2224 et
1138 2187 1186 2224 ad
1205 2184 1362 2237 φέρετε,
1392 2187 1490 2223 cuius
1505 2185 1585 2223 loco
1604 2187 1639 2224 in
1652 2188 1743 2224 duo-

1085 2244 1152 2281 bus
1177 2242 1277 2281 libris
1298 2247 1412 2281 exstat
1433 2240 1543 2292 φέρε,
1563 2242 1625 2291 IV,
1650 2243 1742 2284 115.

1142 2294 1196 2349 ’ἢν
1233 2296 1287 2349 μή
1321 2296 1446 2348 ἡμέας
1478 2294 1591 2349 λόγος
1622 2299 1740 2351 αἷρῇ]

1087 2355 1194 2392 cons.
1214 2356 1251 2401 1,
1274 2356 1364 2394 132.
1400 2355 1455 2401 ll,
1485 2356 1550 2394 33.
1587 2355 1659 2402 111,
1688 2356 1742 2397 45

1087 2412 1174 2460 ibiq.
1197 2415 1288 2448 nott.
1314 2415 1350 2447 et
1371 2411 1419 2447 ad
1449 2405 1555 2461 α’μφὶ
1574 2410 1645 2461 μὲν
1671 2408 1748 2463 μά-

1089 2482 1136 2520 χῃ
1166 2467 1206 2514 l,
1241 2468 1319 2507 140
1349 2466 1436 2515 ibiq.
1472 2472 1564 2504 nott.
1592 2490 1649 2496 —-
1686 2467 1745 2506 Ad

1089 2524 1223 2560 verba:
1261 2523 1340 2560 Δία
1362 2537 1400 2560 τε
1430 2521 1505 2573 ἐγώ
1535 2525 1680 2575 νομίζω
1702 2525 1746 2561 cf.

1091 2579 1154 2626 lv,
1176 2580 1228 2620 59
1249 2584 1285 2616 et
1305 2579 1352 2615 ad
1364 2581 1474 2616 verba
1494 2575 1581 2618 α’ντὶ
1602 2579 1643 2619 δὲ
1662 2582 1748 2627 τοῦ,

1093 2636 1152 2672 ubi
1177 2635 1270 2672 male
1300 2636 1473 2672 articulus
1500 2639 1572 2675 τοῦ
1596 2639 1632 2674 in
1653 2638 1748 2673 San-

1090 2691 1193 2728 crosti
1215 2691 1306 2728 libro
1325 2692 1574 2742 desideratur,
1613 2693 1744 2732 Matth.

1091 2761 1174 2800 P'dg·
1195 2748 1287 2789 569.
