1863 3256
175 282 259 321 660
640 276 1108 316 EXCURSUS
1166 273 1216 312 V1

177 392 273 441 vulg.
294 391 375 429 lect.
401 384 492 429 ἀντὶ
513 393 586 430 τοῦ
606 396 704 429 recte
725 404 768 429 ex
790 389 899 426 Basil.
921 387 1221 435 Wyttenbachius
1245 393 1282 424 et
1296 385 1492 424 Huttenins
1513 398 1687 436 reposue-

179 463 275 497 runt.
333 458 410 496 Sed
430 459 593 508 quamvis
611 459 760 508 egregie
786 456 903 492 norim
925 453 1086 503 Anytum
1110 458 1288 491 oratorem
1307 453 1566 492 Atheniensem
1580 483 1590 501 ,
1622 467 1685 491 cu-

179 529 234 564 ius
256 527 368 577 operit
387 526 486 564 domi
506 525 728 573 militiaeque
749 524 845 560 cives
865 522 978 572 ipsius
998 522 1097 559 haud
1115 535 1197 558 raro
1215 534 1300 559 usos
1327 534 1409 560 esse
1434 525 1511 558 tum
1537 521 1688 558 historia

178 595 391 646 comprobat
418 598 494 631 tum
514 592 617 630 Plato
639 591 789 629 Menon.
812 603 849 640 p.
870 591 924 630 90
942 588 1007 637 Α.,
1050 591 1107 627 vix
1136 594 1261 627 tamen
1282 589 1458 635 arbitror,
1497 602 1606 639 quem
1628 589 1686 627 Ol.

179 661 255 710 94,
289 664 313 702 3
331 679 389 696 ,τ-
407 660 487 702 403
510 673 541 696 a.
557 659 643 696 Chr.
663 659 759 695 iuter
776 657 958 708 principes
979 657 1141 695 exsulum
1155 687 1165 705 ‚
1207 658 1267 706 qui
1287 669 1309 693 a
1328 657 1480 695 Piraeeo
1501 657 1688 704 redierint,

178 731 289 767 fuisse
309 733 348 766 et
369 729 524 765 triennio
544 730 628 776 post
655 726 818 763 Socratis
845 730 1094 762 accusatorem
1118 725 1302 762 exstitisse
1331 728 1474 762 constet
1503 723 1577 774 (cf.
1596 736 1689 773 quos

179 796 323 834 laudavi
336 797 371 832 in
382 792 664 844 Comp.Antiqu.
676 793 826 830 Graece.
840 790 962 843 §.169
971 805 1006 830 n.
1019 792 1075 842 1),
1086 793 1242 830 eundem
1252 793 1331 842 plus
1345 804 1453 842 quam
1466 793 1690 842 quadragin-

180 870 217 903 ta
234 865 337 903 annis
348 867 432 900 ante
441 861 524 899 talis
539 861 615 899 sive
629 860 943 898 Senatusconsulti
962 861 1038 897 sive
1051 860 1246 910 plebissciti
1259 873 1444 897 suasorem
1458 873 1539 898 esse
1547 860 1690 910 potuis-

182 946 232 970 se.
266 933 439 969 Restaret
455 932 496 966 ut
512 929 568 966 bis
590 930 764 966 recitasse
773 926 923 965 Athenis
934 927 1168 965 Herodotum
1186 933 1450 974 statueremus3
1471 928 1538 964 sed
1550 927 1632 965 vide
1643 939 1690 965 ne

182 998 363 1036 Eusebius
389 997 513 1048 potius
546 1009 613 1047 per
638 1008 787 1046 pravam
825 996 1142 1034 ratiocinationem
1176 996 1212 1033 in
1238 997 1405 1035 fraudem
1435 996 1603 1033 inductus
1633 992 1691 1032 sit.

181 1065 279 1104 Nam
309 1078 421 1115 quum
443 1063 552 1114 vulgo
579 1066 706 1100 notum
740 1066 838 1100 esset
863 1063 1093 1101 Herodotum
1113 1063 1260 1101 Thuriis
1288 1064 1455 1101 colonum
1484 1063 1693 1111 accessisse,

181 1133 276 1171 adeo
299 1136 339 1169 ut
358 1130 496 1170 Plin’ius
515 1131 612 1169 Hist.
633 1130 722 1168 Nat.
744 1130 834 1176 XII,
865 1130 891 1172 4
921 1144 964 1169 eo
994 1132 1074 1181 ipso
1103 1144 1224 1178 anno,
1263 1144 1336 1181 quo
1367 1131 1427 1168 illa
1453 1130 1595 1168 colonia
1627 1131 1693 1168 de-

182 1201 289 1238 ducta
308 1204 386 1249 est,
415 1200 465 1237 U.
486 1199 529 1236 C.
553 1201 635 1240 310
652 1216 710 1233 =
727 1197 787 1236 Ol.
810 1196 885 1245 84,
919 1201 942 1239 1
961 1214 1015 1232 =
1035 1196 1117 1239 444
1137 1211 1171 1236 a.
1191 1199 1277 1237 Chr.
1298 1199 1484 1236 historiam
1511 1211 1594 1236 eum
1625 1198 1694 1235 illic
1762 1191 1765 1195 ¹

181 1269 389 1306 condidisse
408 1268 551 1314 tradat,
583 1265 688 1304 facile
711 1278 755 1303 eo
775 1267 968 1316 pervenire
992 1266 1289 1317 chronographus
1320 1267 1460 1318 potuit,
1490 1270 1552 1314 ut,
1584 1278 1694 1316 quam

182 1335 334 1373 Athenis
354 1335 514 1373 habitam
530 1335 780 1373 recitationem
799 1338 947 1381 nosset,
986 1348 1068 1388 eam
1096 1335 1163 1373 etsi
1194 1348 1267 1372 non
1290 1335 1404 1372 multo
1435 1337 1544 1381 ante,
1576 1334 1695 1371 neuti-

182 1415 291 1452 quam
312 1406 436 1441 tamen
459 1406 546 1453 post
574 1401 674 1439 illum
705 1414 841 1439 annum
869 1401 1034 1439 collocari
1062 1403 1197 1440 debere
1226 1403 1472 1440 arbitraretur.
1529 1400 1580 1439 At
1608 1414 1695 1439 vero

181 1470 411 1507 Herodotum
437 1483 512 1508 non
541 1469 634 1507 illico
654 1468 814 1506 Thurios
834 1470 1065 1517 discessisse,
1106 1471 1172 1507 sed
1190 1484 1258 1521 per
1275 1469 1499 1520 aliquantum
1520 1470 1694 1520 temporis

185 1537 295 1575 etiam
318 1540 448 1587 postea
464 1537 503 1574 in
524 1536 682 1574 Graecia
700 1541 883 1574 versatum
904 1550 986 1575 esse
1007 1537 1140 1585 videri,
1171 1543 1276 1576 acute
1295 1550 1412 1588 nuper
1427 1537 1599 1586 Iaegerus
1617 1550 1695 1575 mo-

183 1605 264 1642 nuit
285 1605 336 1653 (l.
355 1605 377 1642 l.
398 1618 435 1655 p.
459 1603 512 1645 25
533 1606 658 1653 seq.),
699 1603 864 1641 adhibito
885 1605 1048 1655 inprimis
1067 1604 1148 1642 loco
1170 1604 1223 1650 V,
1251 1607 1328 1645 77:
1381 1601 1426 1643 τὸ
1459 1601 1503 1643 δὲ
1540 1599 1694 1656 ἄριστε-

185 1673 259 1722 ρῆς
280 1668 389 1723 χερὸς
407 1669 543 1721 ἕστηκε
562 1672 723 1722 πρῶτον
745 1666 894 1710 ἐσιόντι
917 1670 956 1718 ἒς
977 1668 1024 1710 τὰ
1038 1667 1270 1723 προπύλαια
1287 1668 1334 1711 τοὶ
1358 1670 1402 1712 ἐν
1419 1674 1471 1726 τῇ
1489 1666 1695 1723 ἀκροπόλι,

185 1741 248 1789 qui
275 1740 394 1790 ipsum
418 1738 528 1776 oculis
549 1751 749 1789 usurpasse
768 1738 972 1789 Propylaea
1000 1741 1202 1778 certissime
1227 1739 1462 1790 comprobat3
1501 1752 1545 1778 ea
1571 1745 1696 1779 autem

185 1820 296 1857 quum
317 1807 547 1855 Euthymene
576 1807 720 1844 demum
744 1806 948 1855 Archonte,
978 1807 1037 1845 Ol.
1056 1808 1132 1856 85,
1165 1808 1191 1848 4
1211 1825 1270 1843 =
1287 1807 1371 1849 437
1397 1821 1431 1846 a.
1452 1807 1539 1845 Chr.
1568 1808 1697 1846 aedifi-

184 1875 259 1912 cari
288 1879 421 1925 coepta
453 1874 526 1911 sint
561 1874 811 1926 (Harpocrat.
837 1887 865 1911 s.
905 1874 991 1922 v.)‚
1035 1881 1192 1926 apparet
1225 1875 1436 1913 historicum
1472 1878 1559 1925 post
1595 1875 1695 1912 illum

185 1956 323 1980 annum
348 1947 412 1980 aut
443 1943 563 1980 adhuc
588 1947 768 1980 moratum
793 1954 875 1980 esse
902 1942 939 1979 in
967 1943 1123 1982 Graecia
1148 1948 1211 1981 aut
1240 1944 1370 1981 itinere
1391 1944 1489 1980 sacto
1518 1943 1600 1981 illuc
1630 1957 1698 1995 pro

187 2014 354 2062 tempore
377 2011 542 2048 rediisse.
597 2009 732 2060 Neque
760 2011 855 2048 enim
888 2009 978 2047 illud
1004 2012 1174 2060 equidem
1203 2012 1355 2049 dixerim
1383 2014 1510 2048 contra
1536 2016 1699 2050 veterum

186 2078 417 2126 testimonia,
455 2090 528 2115 non
552 2079 675 2116 statim
697 2091 809 2128 quum
831 2077 972 2116 colonia
994 2079 1266 2128 deduceretur,
1308 2080 1424 2117 civem
1453 2078 1504 2116 illi
1526 2078 1700 2116 Herodo-

185 2149 264 2182 tum
285 2146 532 2197 adscriptum·‚
561 2146 628 2183 sed
647 2145 880 2195 intelligimus
905 2158 949 2183 ex
969 2145 1188 2197 Thucydide
1213 2147 1250 2194 Ι,
1280 2149 1335 2189 27
1361 2147 1460 2184 haud
1488 2146 1698 2184 inusitatum

187 2212 318 2260 fuisse,
356 2217 396 2250 ut
417 2214 479 2263 qui
501 2214 650 2251 nomina
678 2226 744 2252 sua
771 2215 819 2252 ad
848 2213 1028 2252 coloniam
1054 2215 1213 2265 aliquam
1242 2213 1397 2265 professi
1422 2218 1566 2262 essent,
1601 2214 1700 2252 certa

187 2280 342 2330 pecunia
361 2281 534 2331 deposita
558 2282 596 2319 in
613 2283 734 2333 patria
758 2286 948 2320 manerent
966 2295 1086 2333 neque
1107 2296 1151 2321 eo
1171 2283 1285 2321 secius
1306 2282 1399 2319 illius
1421 2282 1617 2333 participes
1634 2282 1700 2319 ha-

188 2346 362 2384 berentur
391 2348 453 2394 (εἰ
477 2348 520 2388 δέ
543 2365 601 2396 τις
622 2347 666 2390 τὸ
687 2350 912 2403 παραυτίκα
938 2347 1011 2401 μὲν
1039 2347 1092 2401 μὴ
1118 2348 1249 2390 ἐθέλει
1279 2352 1490 2402 συμπλεῖν,
1529 2347 1700 2400 μετέχειν

190 2411 233 2452 δὲ
262 2409 446 2464 βούλεται
469 2418 540 2467 τῆς
570 2412 778 2465 ἀποικίας,
817 2414 1067 2469 πεντήκοντα
1100 2415 1276 2468 δραχμάς
1300 2416 1524 2457 καταθέντα
1549 2419 1700 2468 Κοριν-

189 2480 289 2527 θίας
307 2478 487 2532 μένειν);
527 2496 594 2522 nec
620 2486 727 2523 video
760 2486 849 2535 quid
880 2486 1023 2533 obstet,
1063 2498 1136 2535 quo
1156 2486 1273 2522 minus
1293 2485 1390 2522 illum
1411 2484 1612 2522 identidem
1634 2497 1702 2535 op-

191 2548 414 2600 portunitate
442 2550 566 2587 oblata
590 2548 754 2588 Athenas
784 2554 935 2591 rediisse
963 2566 1197 2599 censeamus3
1235 2553 1341 2590 sicuti
1366 2551 1514 2600 Lysiam
1540 2564 1702 2602 quoque,

191 2617 253 2666 qui
271 2619 309 2654 et
328 2616 409 2667 ipse
433 2617 595 2656 Thurios
615 2620 938 2667 commigraverat,
969 2621 1061 2658 circa
1085 2632 1219 2657 annum
1237 2618 1319 2660 430
1338 2620 1386 2656 ad
1402 2618 1572 2656 visendas
1589 2618 1704 2656 Athe-

190 2697 257 2721 nas
277 2684 423 2723 venisse
450 2686 565 2723 videri
592 2686 711 2732 haud,
747 2690 786 2723 ut
810 2688 961 2737 opinor,
1002 2686 1290 2738 improbabiliter
1314 2699 1430 2737 nuper
1457 2687 1702 2724 demonstravi

192 2754 228 2788 in
246 2751 440 2801 Ephemer.
461 2752 640 2791 Scholast.
659 2753 728 2792 Nr.
746 2756 801 2795 82
819 2768 856 2804 p.
879 2753 971 2794 652.
1029 2755 1105 2792 Sed
1127 2767 1173 2792 ne
1195 2755 1230 2791 in
1251 2754 1304 2791 his
1330 2755 1478 2804 quidem
1500 2754 1702 2792 subsisten-

192 2819 278 2856 dum
313 2824 413 2870 puto.
472 2821 594 2871 Ipsum
623 2821 757 2872 Lysiae
787 2821 988 2872 exemplum
1014 2823 1209 2867 admonet,
1252 2827 1291 2858 ut
1329 2833 1569 2870 quaeramus,
1612 2821 1702 2870 quid

195 2886 312 2934 egerit
330 2886 544 2925 Herodotus
557 2917 568 2936 ,
604 2902 714 2939 quum
737 2895 824 2941 post
850 2889 989 2928 cladem
1011 2889 1236 2928 Siciliensem
1256 2889 1384 2927 Thurii
1404 2888 1451 2926 ab
1469 2887 1702 2926 Atheniensi-
