1863 3256
159 509 269 564 ὑπὲρ
317 510 537 567 Κυρήνης.

450 184 1140 226 MELPOMENE.1V.

1351 192 1434 231 579

158 297 300 354 χώρης
331 298 525 341 οἰκέουσι
557 296 775 351 Κάβαλες,
807 293 957 351 ὀλίγον
987 294 1133 344 ἔθνος,
1165 294 1423 351 κατήκοντες
1435 304 1573 359 3033ζὲ
1589 300 1649 359 3⁵³⁰

160 369 228 412 ἐπὶ
258 368 491 412 θάλασσαν
525 367 634 411 κατα
669 366 886 423 Ταύχειρα
916 365 1047 410 πόλιν
1078 368 1154 421 τῆς
1185 368 1431 421 Βαρκαίης·

158 440 335 496 νόμοισι
383 440 429 483 δὲ
476 444 590 482 τοῖσι
636 438 808 483 αὐτοῖσι
853 438 1065 495 χρέωνται
1112 440 1226 480 τοῖσι
1272 437 1346 480 καὶ
1378 439 1437 480 ὀἱ

610 507 861 565 Αὐσχισέων
907 510 953 553 δὲ
1003 506 1174 551 τούτων
1221 506 1270 551 τό
1320 508 1432 562 πρὸς

1653 300 1765 326 aTaw

1612 334 1742 368 ppidum.

158 581 335 636 ἑσπέρης
364 581 535 636 ἔχονται
564 584 864 636 Νασαμῶνες,
896 581 1026 630 ἔθνος
1056 578 1131 622 ἐὸν
1160 578 1344 623 πολλόν·
1389 582 1432 622 οἳ
1489 583 1534 601 ·““
1583 585 1621 602 ¹¹¹¹

156 652 204 695 τό
255 651 389 706 θέρος
427 653 759 702 καταλείποντες
797 651 865 694 ἐπὶ
903 655 956 709 τῇ
993 651 1195 709 θαλάσσῃ
1233 650 1286 694 τά
1326 649 1428 706 πρό-
1444 657 1489 691 35

103 853 284 901 sterilem,
323 854 372 891 ad
393 865 502 902 quem
530 857 691 891 veterum
718 854 766 890 de

101 910 215 948 hortis
240 910 310 947 illis
333 911 369 947 in
386 910 588 958 Cyrenaico
608 923 697 959 agro
718 911 767 947 si-

101 968 147 1004 tis
176 967 441 1018 descriptiones
472 967 598 1004 referri
628 980 767 1016 neque-

101 1028 188 1071 ant,
233 1024 483 1075 Hesperidum
504 1023 628 1060 hortos
654 1024 767 1061 collo-

102 1081 174 1117 cari
203 1093 314 1130 posse
345 1084 479 1129 negat,
523 1093 615 1129 quos
646 1083 766 1130 potius

101 1137 214 1174 multo
254 1138 406 1187 propius
448 1137 565 1186 ipsam
600 1138 765 1185 Cyrenes

102 1194 228 1231 urbem
253 1194 300 1231 ad
329 1194 522 1242 l'hycuntis
551 1198 766 1243 promonto-

102 1251 219 1298 rium,
272 1251 333 1287 ubi
364 1251 586 1288 Phoenicum
625 1255 764 1299 portus,

101 1307 333 1356 quaerendos
363 1320 446 1344 esse
469 1307 669 1352 existimat3
717 1308 762 1344 cf.

100 1377 135 1414 p.
160 1366 238 1404 173
261 1376 338 1412 seq.

161 1416 361 1470 Κάβαλες]
404 1418 490 1456 Duo
519 1419 600 1456 libri
632 1415 769 1470 Βαβα-

101 1479 178 1523 aeg,
207 1490 273 1514 nec
293 1477 397 1514 aliter
414 1477 451 1512 in
474 1475 597 1513 Noun.
612 1476 767 1525 Dionys.

102 1533 212 1579 Xlll,
243 1533 349 1581 375,
388 1538 427 1570 ut
461 1533 591 1570 dubius
620 1533 768 1571 haereat

107 1589 348 1637 wesseling„
398 1593 479 1626 utra
508 1590 543 1625 in
571 1590 765 1627 Herodoto

102 1650 267 1697 praestet
293 1646 406 1684 lectio,
452 1646 523 1683 Pro
558 1641 767 1697 Ταύχειρα,

101 1703 162 1740 alii
202 1697 413 1754 Τεύχειρα,
450 1703 497 1740 de
524 1715 597 1752 quo
627 1704 768 1741 monuit

103 1760 138 1797 T
141 1760 244 1809 hrige
266 1759 289 1797 l.
307 1760 328 1797 l.
355 1773 390 1810 p.
409 1761 504 1801 237.
534 1759 767 1798 Ptolemaeo-

103 1830 180 1854 rum
202 1829 294 1854 aevo
321 1820 451 1854 vocata
475 1820 531 1853 est
551 1817 638 1854 urbs
661 1818 765 1854 Arsi-

101 1886 185 1922 noe,
240 1877 278 1911 et
310 1878 441 1923 postea
477 1873 514 1910 in
545 1873 766 1924 Cleopatrae

101 1930 256 1979 gratiam
273 1929 492 1980 Cleopatrz's;
522 1942 622 1968 nunc
637 1930 765 1981 appel-

105 1987 172 2024 lari
203 1987 328 2024 dicunt
367 1986 542 2034 Terkera,
600 1987 765 2035 Trocare,

107 2042 307 2092 Troehera,
337 2043 511 2093 ipsasque
534 2044 703 2094 reliquias
725 2058 766 2083 se

103 2100 286 2138 invenisse
318 2103 474 2137 testatur
507 2100 614 2139 Della
653 2101 766 2138 Cella.

103 2157 213 2194 Conf.
243 2155 386 2205 Thrige
418 2158 441 2194 l.
483 2156 504 2193 l.
543 2170 628 2207 pag.
674 2160 766 2198 138.

103 2212 381 2251 Schlichthorst.
401 2227 435 2264 p.
459 2213 538 2255 135
561 2226 615 2262 sq.
645 2214 767 2252 Pacho

105 2270 203 2308 urbis
223 2271 354 2308 veteris
373 2271 507 2308 rudera
526 2270 665 2308 invenit
681 2285 768 2322 pro-

104 2339 151 2376 pe
176 2326 321 2374 locum,
362 2339 472 2376 quem
499 2326 663 2378 appellat
695 2328 766 2364 Το-

105 2383 218 2428 Ι.’τα1ι,
268 2384 395 2422 decem
430 2384 600 2421 horarum
635 2384 767 2422 itinere

104 2443 285 2477 remotum
327 2453 350 2477 a
376 2440 616 2479 Ptolemaide.
682 2442 766 2478 vid.

104 2496 258 2544 Voyage
279 2499 345 2534 etc.
370 2510 407 2547 p.
430 2499 508 2539 183
526 2510 603 2546 seq.
621 2520 676 2524 —
708 2497 767 2535 Ad

105 2552 219 2589 verba
239 2555 378 2591 τοῖσι
405 2553 491 2593 καὶ
522 2555 567 2591 cf.
592 2554 655 2600 lv,
686 2557 767 2596 172

105 2608 368 2662 παραπλησίῳ
391 2613 454 2664 τῷ
483 2609 568 2649 καὶ
592 2613 768 2650 Μασσα-

106 2663 224 2716 γέται.
254 2664 366 2702 Plura
383 2666 516 2705 Struve
539 2667 560 2704 l.
576 2667 598 2704 l.
619 2668 686 2719 lp.
699 2667 766 2710 24.

276 2721 388 2771 Cap.
419 2723 601 2760 CLXXII.

166 2776 433 2828 Νασαμῶνες]
477 2780 687 2818 Monuimus
719 2782 768 2819 de

106 2834 174 2871 hac
196 2838 308 2883 gente
318 2834 461 2883 Syrtios
482 2836 627 2872 maioris
644 2839 768 2874 accola

826 857 864 890 et
882 855 1061 890 introrsus
1082 855 1231 890 multum
1254 856 1423 903 porrecta
1441 854 1489 891 ad

826 910 872 956 ll,
897 912 963 950 32.
1010 910 1107 947 Add.
1131 909 1222 947 Plin.
1244 910 1292 946 H.
1317 910 1363 946 N.
1386 910 1431 956 V,
1452 910 1489 949 5.

824 966 997 1015 Namque
1021 967 1161 1015 Augila
1188 967 1304 1014 (conf.
1324 970 1417 1003 nott.
1443 968 1490 1004 ad

825 1023 886 1069 IV,
909 1025 1009 1069 182)
1028 1037 1176 1073 quoque
1200 1024 1248 1060 ad
1272 1036 1353 1061 eam
1377 1025 1491 1073 perti-

824 1080 947 1117 nuisse
990 1081 1138 1118 credam
1172 1084 1346 1129 gentem,
1395 1093 1490 1129 quae

823 1141 899 1174 tum
921 1139 1138 1186 praedando
1159 1150 1271 1174 naves
1286 1141 1491 1186 tempesta-

823 1197 900 1230 tum
926 1194 961 1230 vi
997 1195 1044 1230 ad
1076 1195 1169 1231 hanc
1206 1206 1308 1230 oram
1347 1193 1490 1231 delatas

823 1254 898 1286 tum
914 1251 1119 1287 mercatura
1135 1250 1304 1287 instituta
1323 1263 1413 1300 opes
1432 1263 1489 1288 sa-

821 1307 869 1343 tis
902 1306 1042 1357 amplas
1083 1307 1151 1343 sibi
1187 1311 1357 1356 pararat,
1404 1320 1489 1344 mox

824 1375 911 1400 vero
967 1363 1324 1412 Carthaginiensium
1378 1364 1490 1400 rebus

825 1419 962 1467 auctis,
996 1420 1176 1457 diminuta
1195 1420 1241 1457 ab
1263 1418 1434 1468 Augusto
1454 1425 1492 1457 et

824 1480 954 1526 postea
986 1490 1135 1526 quoque
1166 1489 1188 1514 a
1211 1476 1444 1515 Diocletiano
1469 1490 1490 1514 e

825 1534 916 1570 mari
938 1533 1081 1583 repulsa
1100 1537 1156 1570 est
1177 1534 1213 1569 in
1236 1535 1318 1572 loca
1339 1533 1490 1570 interio-

824 1602 865 1626 ra
884 1589 1027 1638 Libyae
1058 1604 1100 1626 ac
1131 1591 1288 1627 deserta.
1338 1589 1490 1628 Praeter

824 1646 994 1683 Eustath.
1013 1647 1061 1683 ad
1078 1646 1230 1695 Dionys.
1246 1647 1390 1695 Perieg.
1404 1648 1488 1687 209

824 1704 920 1739 conf.
964 1702 1240 1740 Schlichthorst.
1272 1717 1359 1754 pag.
1396 1704 1488 1742 131.

823 1760 1009 1797 Mannert.
1040 1760 1094 1807 X,
1124 1762 1150 1800 2
1180 1773 1266 1810 pag.
1302 1762 1381 1800 179
1409 1772 1488 1808 seq.

824 1815 966 1865 Thrige
1003 1815 1025 1853 l.
1058 1817 1079 1853 l.
1114 1828 1201 1866 pag.
1236 1816 1326 1858 150.
1379 1815 1489 1853 Paeh.

823 1873 978 1922 Voyage
999 1877 1067 1911 etc.
1098 1885 1185 1923 pag.
1208 1874 1303 1914 271.
1329 1894 1386 1902 -—
1416 1873 1489 1910 Pro

823 1930 994 1969 τουτέων
1015 1943 1094 1968 cum
1116 1934 1270 1968 recentt.
1290 1929 1377 1968 dedi
1397 1924 1491 1968 τού-

822 2001 914 2026 των.

882 2043 921 2083 οἳ
945 2038 992 2082 τό
1019 2040 1142 2094 θέρος
1163 2039 1485 2093 καταλείποντες]

824 2099 961 2138 Tradit
987 2100 1120 2149 Scylax
1146 2100 1183 2136 in
1217 2099 1350 2149 Peripl.
1376 2113 1412 2149 p.
1434 2101 1489 2141 47

824 2157 945 2194 Huds.
968 2170 1006 2207 p.
1027 2159 1105 2197 311
1130 2155 1225 2193 Gail.
1257 2156 1489 2193 Nasamones

825 2214 971 2263 Syrtios
1008 2225 1143 2261 magna
1178 2212 1288 2250 litora
1326 2213 1490 2250 accolere

824 2283 942 2319 usque
959 2270 1009 2306 ad
1021 2270 1186 2306 intimum
1199 2282 1395 2316 recessum,
1415 2269 1490 2306 his-

809 2340 897 2376 rque
924 2326 1108 2377 proximos
1139 2339 1221 2364 esse
1257 2325 1392 2364 Macas
1423 2324 1489 2376 (cf.

823 2384 966 2420 Herod.
988 2382 1057 2430 IV,
1086 2384 1209 2431 175),
1251 2384 1313 2432 qui
1332 2383 1379 2420 ad
1401 2383 1492 2431 Syr-

824 2440 887 2477 tim
904 2440 1072 2489 hyemem
1090 2444 1324 2490 peragentes,
1354 2452 1489 2488 greges

824 2498 873 2534 ad
912 2509 1013 2534 mare
1055 2496 1296 2543 contineant,
1348 2499 1490 2533 aestate

824 2567 933 2601 vem,
981 2553 1234 2591 deficientibus
1272 2554 1377 2601 aquis
1410 2551 1488 2588 illas

824 2624 946 2648 secum
978 2611 1015 2647 in
1038 2610 1233 2647 interiores
1256 2613 1394 2646 tractus
1423 2607 1489 2643 ab·

823 2669 942 2716 igant.
1001 2666 1033 2703 E
1071 2666 1201 2716 quibus
1231 2665 1487 2708 Herodoteum

822 2724 942 2762 locum
969 2724 1019 2760 ita
1047 2722 1178 2769 corrigi
1195 2721 1272 2757 vult
1300 2720 1344 2756 ls.
1366 2720 1485 2764 voss„

825 2785 864 2818 ut
881 2785 968 2817 ante
999 2775 1042 2816 τὸ
1069 2776 1193 2826 θέρος
1212 2779 1394 2813 inseratur
1414 2789 1484 2825 με-

825 2833 894 2882 τὰ,
942 2836 1042 2872 unde
1082 2845 1210 2871 sensus
1247 2832 1378 2870 existat
1410 2832 1484 2870 hic:

1122 2886 1208 2928 37*
