1863 3256
177 511 232 537 1⁰⁸
237 512 284 544 ].

167 548 193 570 t:
220 545 249 571 in

105 577 201 604 dinem
243 554 288 612 [e⁸
318 578 377 613 21.]

433 160 516 200 498

847 154 1318 197 HERODOTI

434 265 512 311 τὸν
536 265 701 311 Τάναϊν
731 265 948 321 ποταμὸν,
980 267 1025 307 οἷ
1055 265 1220 319 Πέρσαι
1249 262 1545 317 ἐπιδιαβάντες
1573 263 1693 307 ἐδίω-

432 351 538 381 κον·
581 338 622 389 ἐς
649 337 675 380 ὃ
701 341 789 380 τῶν
818 334 1142 389 Σαυροματέων
1171 334 1249 390 τὴν
1277 333 1424 388 χώρην
1453 334 1693 385 διεξελθόν-

274 412 373 456 123
430 425 521 460 τες,
553 409 760 451 ἀπίκοντο
791 406 834 456 ἐς
863 405 943 460 τὴν
971 408 1059 447 τῶν
1086 405 1329 448 Βουδίνων.

105 476 127 502 Ι“
135 477 185 502 reb
188 484 215 502 m
249 477 330 517 ligne
333 485 379 504 ain

104 510 162 569 iti-'n

1377 402 1515 446 ΓὈσον
1540 404 1619 459 μὲν
1639 403 1693 458 δή

327 519 378 537 0„-
435 479 597 534 χρόνον
628 479 671 519 οἱ
702 477 869 531 Πέρσαι
897 474 1026 532 ἤϊσαν
1055 475 1126 519 δια
1157 478 1235 531 τῆς
1264 476 1491 528 Σκυθικῆς
1521 474 1594 516 καὶ
1622 477 1696 529 τῆς
1709 479 1753 513 80

276 520 380 571 silui-11

438 546 773 602 Σαυρομάτιδος
801 547 961 603 χώρης,
1004 547 1047 588 οἱ
1076 546 1121 589 ὁὲ
1150 543 1266 600 εἶχον
1296 542 1425 586 οὐδὲν
1463 544 1694 595 σινέεσθαι,

381 713 517 748 tionem
551 709 734 758 sequitur,
778 709 874 747 conf.
903 707 1036 744 Matth.

382 767 418 817 ἓ.
443 768 519 806 591
545 778 576 801 a.
596 779 630 815 p.
656 767 776 805 1180.
830 764 927 801 Add.
948 768 1037 800 nott.

381 823 430 861 ad
449 822 587 858 Herod.
612 821 666 866 11,
701 823 776 861 121
812 826 848 858 et
874 821 1037 857 Passow.

382 880 420 915 in
452 878 552 914 lahn.
580 875 723 914 Annall.
759 876 892 926 philoll.
931 877 1039 916 1827

384 935 413 970 Il
437 948 473 984 p.
495 933 547 973 65
569 946 644 982 seq.
659 961 670 979 ‚
710 933 770 968 ubi
791 934 898 970 etiam
921 932 967 968 de
989 931 1042 967 lo-

383 991 529 1027 cutione
547 987 644 1040 πρὸς
665 984 751 1038 η’ῶ,
787 988 982 1026 Homerica
1001 986 1043 1024 il-

385 1046 420 1083 121
443 1046 610 1095 quidem,
642 1046 840 1082 admonuit.
891 1044 950 1082 De
971 1055 1043 1093 qua

386 1102 447 1140 Tu
468 1102 562 1139 conf.
596 1106 689 1138 nott.
720 1101 766 1139 ad
792 1101 863 1147 1V,
890 1099 956 1140 44.
1005 1099 1044 1135 ln

388 1171 491 1207 seqq·
529 1152 805 1208 ἐπιδιαβάντες
842 1160 914 1194 est:
967 1159 1044 1206 post

386 1215 468 1252 illos
495 1216 648 1251 traiecti.
708 1214 768 1250 Cf.
795 1213 923 1250 similia
952 1225 1045 1261 quae

387 1271 490 1309 attuli
523 1272 571 1308 ad
606 1269 786 1306 Plutarch.
819 1269 1045 1319 Philopoem.

387 1341 424 1378 p.
447 1329 484 1367 6.
515 1326 686 1363 Exoritur
705 1339 790 1363 vero
808 1325 879 1363 h.l.
900 1325 1046 1374 gravior

387 1383 577 1432 quaestio,
618 1383 681 1431 qui
711 1381 848 1419 scilicet
874 1382 951 1418 fieri
979 1393 1047 1431 po-

388 1439 517 1484 tuerit,
568 1441 607 1475 ut
634 1444 709 1475 tam
749 1437 850 1475 brevi
881 1442 1047 1486 tempore

388 1495 584 1532 Persarum
613 1494 741 1544 copiae
760 1493 905 1531 Tanain
935 1492 1047 1529 traie-

391 1551 507 1588 cerint
519 1579 529 1598 ‚
570 1563 650 1586 cum
677 1550 722 1586 ab
740 1549 832 1585 Istro
852 1550 900 1585 ad
920 1548 1050 1586 Maeo-

390 1607 505 1644 tidem
537 1619 652 1655 usque
679 1605 808 1654 viginti
838 1605 977 1642 dierum
1003 1604 1050 1641 sit

391 1664 461 1700 iter
484 1663 562 1698 viro
591 1662 678 1699 satis
716 1662 905 1711 expedito,
953 1665 1049 1698 teste

391 1719 586 1756 Herodoto
614 1718 685 1764 IV,
721 1720 824 1765 101,
861 1716 1049 1765 multoque

392 1775 503 1823 igitur
520 1774 663 1823 longius
684 1775 753 1811 iter
771 1774 931 1822 agmini,
958 1772 1051 1810 mul-

392 1832 439 1868 tis
489 1831 768 1881 impedimentis
807 1843 882 1867 non
934 1831 1050 1867 minus

393 1900 505 1937 quam
529 1892 709 1937 perpetuo
731 1888 807 1924 sere
828 1887 956 1924 timore
983 1886 1051 1923 ho-

395 1945 503 1981 stium
531 1943 803 1981 advenientium
827 1947 970 1980 retento
995 1943 1051 1978 in-

394 2001 516 2049 deque
539 2001 655 2037 minus
680 1999 872 2045 velociter,
915 2003 952 2036 ut
975 2011 1053 2036 cre-

393 2056 505 2093 dibile
527 2060 605 2104 est,
633 2056 894 2106 progredienti.
923 2057 1052 2104 Itaque

391 2112 594 2149 Palmerius
634 2113 806 2151 Exercitt.
839 2113 887 2149 ad
918 2112 1052 2149 Graec.

392 2167 498 2206 Auct.
522 2182 557 2218 p.
579 2171 653 2210 21:
702 2198 727 2217 „
738 2169 892 2216 Darius,
921 2168 1051 2217 inquit,

394 2225 571 2274 Hypanin
593 2230 658 2263 aut
677 2226 771 2263 forte
789 2219 1050 2276 Borystleeneriz,

398 2281 551 2317 Tanaim
575 2294 653 2319 esse
676 2282 854 2328 credidit,
891 2281 947 2319 vel
976 2294 1054 2318 cre-

394 2338 484 2374 dere
508 2350 547 2374 se
567 2337 771 2383 simulavit,
810 2342 850 2375 ut
868 2351 955 2375 suae
975 2337 1054 2386 glo-

394 2393 471 2429 riae
491 2394 619 2429 audaci
642 2394 831 2431 mendacio
851 2395 1053 2431 velificare-

397 2453 467 2485 tur.
479 2451 503 2468 “
553 2449 633 2486 Nec
652 2450 767 2498 magis
787 2450 977 2499 probabile
1002 2450 1054 2486 vi—

397 2505 505 2542 detur
537 2479 1055 2555 Re11ne150⁰1.1.1›ag.424

398 2573 476 2610 seq.
517 2565 552 2598 et
591 2561 820 2598 Daldmanno
855 2564 1050 2611 pag-161

398 2617 476 2654 fieri
506 2622 689 2667 potuisse,
735 2622 775 2654 ut
795 2617 927 2654 Darius
948 2630 1052 2654 sexa-

396 2674 502 2721 ginta
539 2674 676 2711 dierum
710 2673 842 2711 itinere
878 2675 1054 2710 immensi

400 2730 487 2766 haec
509 2731 627 2779 spatia
648 2730 693 2767 ab
715 2730 797 2767 lstri
816 2730 916 2766 ostiis
939 2742 1054 2779 usque

397 2786 447 2822 ad
479 2786 631 2835 volgam
655 2799 772 2838 prope
801 2786 966 2824 Saratow
1000 2787 1053 2823 bis

1094 708 1290 758 permearit
1314 707 1585 759 progrediendo
1619 719 1662 744 ac
1693 719 1753 744 re-

1096 764 1318 811 grediendo,
1349 764 1459 812 idque
1480 776 1552 800 non
1573 770 1672 800 recta
1684 763 1754 809 via,

1097 820 1163 857 sed
1185 821 1377 867 ambagum
1399 819 1506 868 plena
1522 831 1564 856 ac
1576 825 1753 856 tortuosa.

1095 874 1251 912 Addunt
1283 888 1393 925 porro
1427 875 1541 911 victus
1581 876 1755 924 inopiam,

1098 931 1270 979 vitaeque
1305 931 1565 967 sustentandae
1601 931 1757 966 difficul-

1098 990 1212 1024 tatem
1230 987 1265 1023 in
1286 989 1360 1023 tam
1386 988 1561 1023 immenso
1589 987 1756 1033 exercitu,

1100 1043 1191 1090 alia,
1230 1054 1325 1091 quae
1353 1043 1498 1091 singula
1525 1043 1659 1079 referre
1685 1054 1759 1078 non

1101 1103 1218 1136 vacat.
1248 1099 1431 1147 Equidem
1449 1099 1483 1134 in
1502 1099 1646 1144 talibus,
1663 1110 1758 1146 quae

1101 1156 1159 1192 vix
1178 1168 1339 1204 unquam
1357 1156 1405 1192 ad
1423 1154 1596 1204 liquidum
1609 1154 1758 1204 perduci

1101 1224 1211 1262 posse
1233 1216 1382 1262 putem,
1422 1212 1617 1248 decernere
1647 1210 1758 1247 nolim

1102 1280 1221 1317 eaque
1240 1267 1360 1304 malim
1379 1267 1415 1303 in
1434 1267 1554 1304 medio
1575 1266 1759 1315 relinque-

1101 1337 1163 1371 re,
1210 1336 1321 1373 quam
1363 1324 1507 1360 incertis
1544 1323 1758 1360 coniecturis

1102 1381 1298 1418 incertiora
1332 1380 1426 1416 adeo
1464 1379 1619 1416 reddere
1649 1383 1760 1428 atque

1104 1437 1326 1473 obscuriora.
1374 1435 1457 1472 Hoc
1482 1448 1592 1472 unum
1611 1436 1760 1481 addam,

1102 1492 1218 1529 videri
1234 1491 1336 1529 Darii
1355 1492 1550 1528 exercitum
1570 1491 1675 1528 solito
1698 1503 1761 1528 ve-

1103 1548 1216 1585 locius
1236 1560 1492 1598 progressum,
1529 1548 1559 1583 si
1579 1547 1724 1596 quidem
1740 1559 1761 1584 e

1104 1604 1290 1641 locutione
1310 1600 1566 1653 παυσάμενος
1585 1605 1657 1642 τοῦ
1671 1598 1762 1654 δρό-

1106 1675 1183 1710 μου
1203 1660 1266 1707 IV,
1289 1660 1379 1700 124.
1398 1662 1475 1700 126
1497 1660 1571 1697 tale
1587 1659 1674 1709 quid
1691 1658 1763 1696 col-

1105 1718 1221 1766 ligere
1258 1716 1391 1754 licebit.
1422 1736 1479 1744 —
1530 1717 1603 1753 Pro
1634 1714 1673 1761 ἐς
1705 1711 1763 1762 τό,

1107 1774 1208 1822 quod
1226 1773 1429 1821 Schweigh.
1449 1777 1484 1810 et
1497 1773 1614 1809 Gaisf.
1635 1785 1656 1809 e
1675 1771 1764 1808 Flo-

1106 1830 1249 1866 rentino
1268 1830 1470 1875 dederant,
1515 1828 1642 1866 reduxi
1665 1826 1705 1874 ἐς
1730 1823 1764 1867 δ’.

1107 1886 1165 1924 Tu
1188 1886 1261 1922 vid.
1282 1890 1375 1922 nott.
1394 1886 1442 1922 ad
1457 1885 1517 1932 lv,
1542 1887 1606 1925 12.

1276 1943 1388 1992 Cap.
1419 1941 1590 1978 CXXllI.

1164 1994 1263 2037 οἶδὲ
1284 1994 1389 2047 εἶχον
1408 1993 1527 2036 ου’δὲν
1544 1994 1763 2047 σινὲεσθαι]

1106 2054 1166 2093 De
1183 2055 1358 2105 particula
1374 2051 1436 2102 δὲ,
1468 2067 1562 2103 quae
1581 2055 1636 2092 hic
1655 2054 1692 2090 in
1712 2053 1766 2090 lo-

1108 2124 1188 2148 cum
1202 2111 1381 2161 repetitae
1395 2111 1588 2161 particulae
1605 2108 1676 2160 μὲν
1687 2123 1765 2146 suc-

1110 2168 1231 2213 cessit,
1250 2168 1293 2204 cf.
1315 2167 1470 2204 Werser.
1490 2168 1527 2203 in
1548 2166 1644 2203 Actt.
1667 2165 1765 2216 phill.

1109 2223 1276 2260 Monacc.
1296 2223 1310 2259 l
1331 2237 1366 2274 p.
1381 2224 1433 2264 95
1457 2223 1579 2271 ibique
1598 2222 1706 2259 allata
1722 2235 1766 2259 ex

1109 2281 1316 2317 Herodoto,
1351 2300 1407 2307 —
1451 2277 1654 2317 σινέεσθαι
1685 2291 1765 2315 cum

1110 2335 1277 2384 Schwgh.
1295 2340 1331 2372 et
1344 2336 1459 2372 Gaisf.
1474 2335 1559 2371 dedi
1577 2348 1643 2384 pro
1665 2335 1767 2373 σίνε-

1113 2397 1223 2439 σθαι,
1247 2392 1347 2440 quod
1368 2392 1514 2428 retinuit
1535 2391 1667 2428 Matth.
1706 2391 1767 2427 ln-

1111 2450 1167 2485 sra
1188 2449 1234 2494 V,
1258 2451 1334 2489 81:
1365 2446 1575 2486 ἐσινὲουτο.
1606 2447 1670 2493 IX,
1696 2447 1766 2487 13:

1112 2502 1290 2543 ἐσινὲετο.
1327 2526 1382 2530 —-
1424 2504 1463 2540 ln
1491 2516 1594 2552 seqq.
1617 2503 1766 2554 χέρσος,

1112 2561 1311 2610 interprete
1329 2560 1514 2608 Hesychio
1536 2560 1567 2596 ll
1585 2573 1621 2610 p.
1647 2561 1766 2605 1550,

1109 2617 1239 2653 dicitur
1267 2614 1296 2666 ’ἡ
1331 2615 1479 2668 ἑρῆμος
1499 2618 1550 2668 γῆ
1579 2614 1647 2654 καὶ
1677 2630 1766 2666 τρα-

1109 2676 1214 2723 χεῖα,
1253 2670 1320 2710 καὶ
1352 2675 1460 2711 πᾶσα
1496 2675 1549 2724 γῆ
1589 2686 1768 2723 ακαρπος

1109 2728 1177 2767 καὶ
1206 2724 1453 2781 α’νέργαστος.
1512 2730 1603 2766 Item
1632 2729 1668 2765 in
1695 2727 1765 2764 Μ5.

1109 2785 1202 2824 Bibl.
1224 2785 1334 2824 Coisl.
1361 2800 1398 2838 p.
1434 2785 1516 2828 454
1544 2780 1765 2839 mma-102

1759 546 1841 590 335
