1863 3256
569 173 1025 215 THALlA.1u.
1351 182 1434 221 259

161 289 205 333 δ’
240 286 438 343 ἀποδρὰς
475 287 522 329 ἐκ
560 288 636 340 τῆς
664 284 851 341 Σάμου,
891 284 1059 329 ἐκπλέει
1095 284 1139 336 ἐς
1170 287 1437 341 Λακεδαίμο-
1495 288 1769 360 ςῐζζῖᾒζῗξᾱῖξτιῃπω-

160 379 238 406 να·
272 358 539 414 α’πικόμενος
569 354 615 399 δ’
653 356 696 407 ἐς
726 354 877 412 αὐτὴν,
911 358 985 400 καὶ
1016 356 1346 412 ἀνενεικάμενος
1376 358 1428 400 τὰ
1441 362 1582 398 55ss'·¹¹¹·
1601 358 1770 386 ⁰¹00¹¹¹⁹¹¹i⁸

1514 391 1592 421 rogis·
1619 394 1752 426 consilio,

1494 426 1655 460 nii-tuentii·
1677 427 1713 452 ab
1734 436 1770 453 eo

1495 456 1601 482 cuium
1615 466 1767 494 corrupte-

1493 487 1562 521 lam,
1582 490 1693 525 Ephori
1709 495 1769 521 cxi-

1493 527 1577 555 gunt.

133 433 274 489 Ξὲχων
311 431 566 485 ἐξεχώρησε,
607 427 745 471 ἐποίεε
777 427 942 471 τοιάδε.
1002 427 1116 480 ὅκως
1145 427 1334 484 ποτήρια
1362 426 1437 482 ἁρ-

160 502 298 561 γύρεά
334 517 378 545 τε
421 500 492 543 καὶ
529 498 688 555 χρύσεα
732 505 967 554 προθεῖτο,
1019 503 1064 544 οἱ
1100 501 1179 556 μὲν
1217 498 1435 553 θεράπον-

160 591 228 626 τες
259 570 401 616 αὐτοῦ
432 571 620 627 ἐξέσμων
651 570 784 613 αύτά’
817 571 840 614 ὁ
873 571 920 615 δὲ
949 571 1006 615 ἄν
1035 572 1114 616 τόν
1142 571 1309 627 χρόνον
1338 575 1435 614 τοῦ·

158 661 235 689 τον
266 646 328 700 τῷ
356 642 595 697 Κλεομένεϊ
621 646 683 697 τῷ
701 641 1040 697 Ἀναξανδρίδεω
1073 643 1118 687 έν
1138 643 1311 698 λόγοισι
1341 641 1496 694 έών,6ο

130 714 440 773 3βασιλεύοντι
465 713 685 769 Σπάρτης,
699 717 863 771 προῆγέ
894 732 969 771 μιν
998 714 1040 766 ἐς
1070 714 1123 758 τὰ
1153 716 1280 759 οἰκία.
1323 712 1437 765 ὅκως

157 788 203 832 δὲ
244 789 385 831 ἴδοιτο
420 785 668 842 Κλεομένης
710 786 762 830 τὰ
800 786 1014 843 ποτήρια,
1060 784 1351 843 ἄπεθωύμαζέ
1391 801 1436 828 τε

157 859 232 903 καὶ
263 856 568 914 ἐξεπλήσσετο·
617 856 640 900 ὁ
682 858 728 901 δὲ
768 857 826 901 ἂν
855 858 1022 903 ἐκέλευε
1054 858 1192 903 αὐτὸν
1224 857 1441 915 ἀποφέρε-
1499 863 1582 904 273

129 935 268 974 4σθαι
301 929 451 973 αὐτῶν
483 929 564 973 ὅσα
596 928 818 985 βούλοιτο.
876 935 1008 974 τοῦτο
1039 932 1113 975 καὶ
1145 931 1210 982 δὶς
1240 931 1314 974 καὶ
1343 930 1436 983 τρὶς

159 1005 363 1053 εἴπαντος
392 1002 691 1056 Μαιανδρίου,
725 1000 747 1045 ὁ
779 1002 1024 1060 Κλεομένης
1055 1002 1332 1052 δικαιότατος
1362 1000 1433 1044 ἄν·
1449 1006 1493 1039 65

159 1077 280 1129 δρῶν
319 1075 511 1129 γίνεται·
538 1072 611 1124 -ὃς
662 1077 811 1130 λαβεῖν
856 1075 936 1130 μὲν
975 1075 1187 1130 διδόμενα
1225 1073 1309 1117 οὐκ
1348 1075 1435 1117 ἐδι-

102 1194 140 1246 §.
165 1193 258 1235 472.
280 1216 325 1220 —
354 1191 522 1230 κτείνειν
544 1204 624 1228 cum
645 1190 764 1228 Gaisf.

102 1256 139 1289 et
162 1251 296 1288 Matth.
315 1250 413 1287 edidi
433 1261 501 1299 pro
524 1246 708 1286 κτενέειν.

266 1353 374 1403 Cap.
404 1351 602 1391 chvlu.

159 1419 311 1462 ἐκπλέει
332 1420 370 1468 ἐς
383 1417 685 1470 Λακεδαίμονα]
708 1419 765 1456 Ex

99 1481 155 1527 iis,
185 1492 281 1529 quae
301 1491 411 1529 supra
430 1478 501 1525 111,
531 1477 595 1517 54.
619 1478 685 1518 56.
710 1475 766 1516 47

101 1541 186 1574 sunt
209 1542 389 1583 enarrata,
408 1535 496 1572 satis
517 1533 635 1583 colligi
655 1545 766 1584 posse

99 1594 255 1639 videtur,
286 1593 380 1631 inter
411 1592 555 1629 Samios
585 1596 622 1628 et
647 1590 765 1628 Lace-

101 1649 315 1687 daemonios
347 1649 431 1686 olim
460 1648 763 1686 necessitudinem

101 1707 284 1756 quandam
305 1711 341 1743 et
352 1704 662 1751 amicitiam‚bello
679 1704 765 1741 dein

103 1768 251 1813 ruptam
292 1763 565 1808 intercessisse3
612 1774 654 1799 ex
691 1774 764 1810 quo

103 1821 184 1871 ipso
206 1820 305 1856 haud
333 1820 406 1856 scio
429 1832 475 1856 an
497 1831 606 1855 causa
632 1819 678 1854 sit
708 1831 765 1855 re-

103 1877 280 1928 petenda,
311 1889 373 1912 cur
392 1889 435 1913 eo
454 1876 681 1926 potissimum
700 1888 767 1912 nec

104 1934 212 1971 aliam
257 1933 293 1969 in
329 1937 462 1970 terram
504 1945 543 1970 se
590 1932 768 1982 receperit

103 1990 364 2034 Maeandrius3
394 1994 433 2026 ut
445 1989 540 2027 enim
560 1988 643 2025 olim
655 1989 767 2039 Spar-

104 2052 180 2084 tam
202 2050 379 2083 venerant
400 2046 514 2082 Samii
536 2045 676 2083 exsules
698 2059 766 2082 au-

102 2103 188 2141 xilia
219 2103 377 2153 petitum
410 2103 499 2149 (ΙΙΙ,
523 2104 619 2150 46),
650 2103 701 2139 sic
731 2107 768 2139 et

103 2160 342 2198 Maeandrius
365 2159 434 2196 illic
460 2173 556 2196 nova
587 2173 627 2196 se
650 2159 768 2196 moliri

103 2217 444 2267 Spartanorumque
463 2230 534 2267 ope
556 2217 705 2253 Samum
727 2230 768 2254 se

103 2278 399 2324 recuperaturum
432 2278 654 2323 speraverat.
694 2274 768 2310 Ae-

104 2329 187 2367 lian.
215 2329 261 2367 V.
288 2331 386 2367 Hist.
405 2330 489 2377 XH,
509 2332 562 2370 53
595 2343 638 2367 ex
663 2330 767 2367 huius

105 2386 310 2424 Maeandrii
333 2388 447 2423 Samii
466 2400 546 2424 cum
566 2386 769 2425 Athenien-

107 2443 205 2479 sibus
237 2444 390 2480 dissidio
431 2449 546 2481 ortum
584 2444 769 2481 Persicum

108 2510 188 2535 esse
234 2499 369 2537 bellum
407 2502 587 2549 quosdam
625 2503 771 2539 tradere

109 2555 243 2601 scribit,
255 2555 518 2605 Aristagoram,
531 2558 672 2607 opinor,
684 2570 770 2595 con·

107 2611 264 2648 fundens
282 2626 362 2650 cum
383 2613 621 2661 Maeandrio,
645 2627 771 2664 quam-

110 2679 220 2715 quam
241 2668 343 2706 aliter
355 2669 468 2707 visum
482 2672 687 2718 perizoma,
709 2672 771 2720 qui

110 2723 378 2771 Maeandrium,
391 2740 469 2764 cum
483 2727 770 2765 Lacedaemonii

110 2792 185 2816 non
195 2780 454 2828 auscultarent,
465 2788 582 2832 putat,
597 2786 645 2821 ad
655 2784 770 2823 Athe-

111 2837 256 2875 nienses
278 2849 318 2875 se
339 2841 572 2887 convertisse,
596 2855 618 2878 a
637 2842 767 2890 quibus

823 1191 912 1241 ipsis
921 1205 1000 1229 cum
1011 1191 1098 1228 nihil
1110 1191 1406 1241 impetrasset,ad
1416 1191 1492 1229 Da·

823 1249 914 1285 rium
939 1249 1150 1294 accessisse,
1164 1261 1321 1298 eumque
1343 1249 1391 1285 ad
1415 1248 1492 1286 bel-

822 1304 896 1342 lum
935 1305 1087 1344 Graecis
1121 1306 1353 1344 inserendum
1388 1306 1492 1342 insti-

822 1363 953 1411 gasse!

881 1415 986 1466 ὅκως
1006 1439 1055 1446 -
1071 1418 1279 1470 προθεῖτο]
1310 1419 1370 1458 De
1393 1423 1491 1458 stru-

823 1479 924 1513 ctura
955 1477 1051 1513 conf.
1077 1481 1170 1513 nott.
1196 1477 1244 1514 ad
1272 1477 1302 1525 I,
1330 1479 1394 1518 11.
1425 1478 1487 1515 Sic

821 1546 908 1570 mox
928 1531 1030 1579 ὅκως
1050 1555 1102 1561 -
1127 1533 1265 1582 ἴδοιτο,
1285 1547 1328 1572 ex
1350 1534 1487 1572 Lexico

821 1591 987 1639 Seguier.
1011 1604 1046 1640 p.
1070 1593 1163 1637 100,
1183 1593 1220 1632 8.
1242 1615 1292 1620 —
1313 1589 1488 1641 ἐξέσμων

822 1647 944 1684 valet:
991 1651 1182 1695 smegmate
1224 1649 1486 1696 abstergebant,

818 1705 1030 1754 purgabant
1048 1734 1059 1749 ,
1129 1705 1342 1751 abluebant,
1414 1707 1489 1745 sive

825 1759 1016 1811 ἕσμηχον,
1048 1766 1088 1798 ut
1120 1762 1384 1812 interpretatur
1411 1764 1491 1801 He-

826 1818 951 1867 sych.,
996 1822 1143 1868 praeter
1171 1832 1280 1867 quem
1315 1819 1490 1858 Valcken.

826 1876 961 1912 excitat
992 1875 1134 1912 Herod.
1168 1876 1216 1922 ll,
1247 1877 1302 1916 37
1336 1880 1372 1914 et
1405 1877 1491 1915 Cle-

825 1937 938 1969 ment.
966 1931 1067 1968 Alex.
1087 1931 1251 1981 Paedag.
1274 1933 1337 1980 ΙΙΙ,
1357 1931 1382 1972 4
1403 1947 1490 1984 pag.

826 1990 908 2029 268
932 1988 1008 2026 Τ.Ι
1028 1989 1085 2026 ed.
1101 1989 1199 2026 Pott.
1219 1988 1301 2038 (ubi
1323 1994 1378 2027 est
1391 1988 1492 2040 σμή-

825 2045 927 2095 χειν)
965 2046 1098 2083 Athen.
1132 2046 1184 2082 ΙΧ
1213 2059 1301 2096 pag.
1329 2048 1411 2087 409
1444 2048 1489 2085 C.

825 2102 984 2139 Plurima
996 2103 1043 2140 de
1062 2102 1131 2139 hoc
1148 2104 1404 2142 vocabulorum
1426 2118 1491 2154 ge-

826 2172 914 2196 nere
944 2172 1040 2196 nunc
1076 2159 1241 2197 Lobeck.
1274 2161 1322 2197 ad
1353 2161 1489 2211 Phryn.

825 2229 859 2265 p.
883 2218 966 2257 253
987 2229 1041 2265 sq.
1104 2217 1142 2253 ln
1166 2230 1270 2266 seqq.
1301 2218 1489 2256 Gaisford.

823 2273 968 2323 scripsit
1010 2268 1250 2323 α’πεθῶμαζε
1285 2288 1352 2324 pro
1391 2275 1491 2324 vulg.

827 2325 1110 2380 ἅπεθωΰμαζε,
1144 2332 1245 2380 quod
1267 2333 1412 2382 punctis
1433 2333 1491 2369 di-

828 2387 986 2424 aeresios
1010 2387 1161 2424 sublatis
1182 2388 1332 2425 retinuit
1357 2388 1492 2426 Matth.

828 2443 877 2480 Et
898 2448 1010 2482 recte.
1068 2444 1243 2482 Probavit
1275 2446 1371 2482 enim
1400 2446 1493 2483 hanc

829 2501 1046 2551 scripturam
1063 2506 1102 2538 ut
1115 2502 1221 2539 unice
1242 2515 1365 2540 veram
1388 2503 1491 2539 Stru-

828 2569 872 2594 ve
894 2559 929 2594 iu
951 2558 1061 2608 Spec.
1084 2558 1134 2595 ΙΙΙ
1157 2558 1311 2601 Quaest.
1332 2560 1379 2596 de
1403 2559 1489 2596 dial.

828 2614 970 2651 Herod.
992 2628 1028 2664 p.
1050 2619 1076 2656 2
1095 2627 1149 2664 sq.
1175 2617 1198 2654 6
1221 2628 1277 2664 sq.
1299 2618 1350 2656 10
1363 2629 1417 2664 sq.
1452 2616 1492 2652 In

827 2672 891 2715 iis,
932 2684 1025 2720 quae
1054 2676 1276 2720 sequuntur,
1316 2672 1491 2708 constitu-

828 2728 933 2764 endis
957 2728 1207 2765 Gaisfordium
1234 2733 1376 2765 secutus
1400 2740 1489 2764 sum.

826 2785 971 2834 Vulgo:
1004 2783 1081 2826 ὅδὲ
1101 2779 1153 2822 αὖ
1176 2783 1325 2822 ἐκέλευε
1338 2778 1489 2822 αὐτέων

828 2836 1109 2892 α’ποφὲρεσθαι
1129 2836 1252 2879 αὐτόν
1270 2855 1305 2878 κ.
1333 2856 1363 2878 τ.
1383 2842 1415 2877 λ.

1182 2893 1267 2936 17*
