1863 3256
521 81 1207 123 MELPOMENE.1V.

1378 88 1461 127 325

190 194 328 251 πολλή
362 193 624 249 περιφάνεια
654 195 729 246 τῆς
757 189 901 247 χώρης
931 191 1042 243 ἐστὶ,
1084 191 1156 234 καὶ
1183 193 1271 233 τῶν
1302 191 1456 246 ἔμπρο-

159 273 180 306 2
194 271 302 310 σθεν
328 265 507 308 ἐθνέων.

567 262 638 305 καὶ
667 262 752 318 γὰρ
782 261 1002 305 Σκυθέων
1031 261 1144 312 τινὲς
1174 260 1457 305 ἀπικνέονται

187 336 230 388 ἐς
269 333 448 387 αὐτούς,
497 336 585 377 τῶν
626 330 680 377 οὐ
718 331 907 389 χαλεπόν
953 333 1043 377 ἐστι
1079 334 1324 385 πυθέσθαι,
1375 333 1503 376 καὶΊΟ

316 524 427 574 Cap.
463 523 597 560 XXW.

186 577 313 631 πολλή
343 575 585 632 περιφάνεια
615 579 686 628 τῆς
716 575 792 630 χιό-

128 653 202 692 ρης
222 636 318 687 ἐστὶ]
359 639 382 678 i.
405 650 436 675 e.
466 637 578 673 multa
600 639 715 673 terrae
737 650 791 672 co-

124 697 242 744 gnitz'o
263 698 334 741 est,
367 707 395 731 s.
420 695 509 730 satis
532 695 678 742 cognita
703 693 790 730 haec

124 755 175 789 est
192 753 301 799 regio.
351 751 452 787 Citat
469 749 625 787 Wessel.
646 750 788 788 Isaeum

122 807 182 846 De
203 807 374 858 Apollod.
402 806 526 843 hered.
559 820 594 856 p.
617 809 683 854 66,
715 809 787 852 173

125 863 176 915 [p.
206 867 285 906 178
306 861 452 913 Reisk]
485 876 558 912 quo
587 876 630 900 ex
656 864 786 900 eodem

125 921 302 971 scriptore
323 920 496 957 Larcher.
516 919 622 956 affert
641 919 699 957 De
723 920 787 956 Ci-

124 991 203 1015 ron.
228 977 352 1015 hered.
370 990 405 1027 p.
426 979 501 1023 71,
530 978 578 1021 8,
611 974 663 1026 [p-
690 978 787 1023 209,

125 1038 149 1074 6
169 1034 314 1084 Reisk.]
333 1034 495 1081 itemque
513 1032 783 1070 eDemosthen.

125 1091 140 1127 Ι
161 1095 273 1127 contr.
292 1089 470 1139 Stephan.
495 1102 532 1139 p.
557 1090 652 1136 622,
670 1091 708 1128 2.
733 1087 783 1139 [p.

126 1148 248 1193 1102,
274 1150 301 1187 2
322 1143 467 1195 Reisk.]

180 1201 246 1241 καὶ
264 1199 338 1255 γάρ
353 1198 548 1240 Σκυθέων
568 1196 672 1245 τινὲς
696 1194 785 1238 oim-

122 1257 304 1298 κνέονται
346 1257 385 1305 ἐς
422 1252 590 1307 αὐτούς]
642 1256 783 1301 Quibus

122 1316 240 1354 verbis
268 1320 306 1354 et
336 1315 574 1364 sequentibus
605 1313 785 1351 contineri

121 1374 293 1411 observat
311 1372 473 1409 Heeren.
503 1371 615 1408 ldeen
637 1370 667 1417 Ι,
690 1372 715 1410 2
745 1383 783 1421 p.

120 1431 215 1470 299.
229 1431 310 1471 303
329 1429 505 1478 (quocum
533 1429 627 1465 conf.
647 1426 782 1464 Malte-

120 1486 225 1523 brun.
243 1485 386 1523 Annail.
411 1486 447 1522 d.
470 1484 612 1534 Voyag.
634 1483 666 1520 11
693 1496 781 1535 pag.

121 1540 228 1592 374)
274 1542 558 1592 descriptionem
601 1545 783 1578 mercatu-

120 1612 182 1636 rae
195 1628 204 1646 ‚
236 1612 330 1648 quae
353 1599 438 1635 inde
459 1611 480 1635 a
500 1598 651 1635 Graecis
669 1596 777 1634 Ponti

120 1655 248 1693 accolis
278 1661 379 1692 trans
408 1659 569 1692 montem
599 1653 690 1690 Ural
723 1666 781 1691 re-

119 1712 323 1762 gionesque
361 1724 384 1749 a
411 1711 538 1762 Caspii
578 1711 687 1747 maris
722 1723 781 1747 se-

118 1770 329 1820 ptentrione
368 1769 455 1805 sitas
494 1770 531 1804 in
571 1768 779 1804 interiorem

118 1838 236 1875 usque
256 1824 484 1874 Mongoliam
506 1824 677 1860 instituta
700 1825 780 1861 fue-

118 1883 166 1919 rit
185 1882 272 1931 (nos
291 1895 459 1920 vocamus
474 1880 778 1918 Caravanenhan-

119 1939 194 1988 del)
214 1939 393 1989 simulque
413 1940 492 1976 viae
509 1939 778 1985 indicationem,

117 2008 226 2045 quam
248 2000 469 2034 mercatores
488 1995 671 2032 aGraecis
692 1995 778 2032 inde

117 2053 226 2090 Ponti
249 2053 397 2091 coloniis
425 2053 474 2089 ad
504 2052 569 2088 has
596 2051 776 2088 interioris

114 2108 225 2147 Asiae
253 2109 382 2161 plagas
415 2110 534 2147 facere
577 2121 773 2146 consueve-

116 2166 211 2212 rint3
250 2167 306 2204 cui
326 2170 554 2204 mercaturae
582 2166 775 2203 faciundae

117 2223 295 2273 Scythas,
333 2224 471 2274 quippe
496 2223 673 2259 nomadas
710 2235 775 2259 ne-

117 2281 349 2330 cessarioque
363 2280 559 2317 instructos
578 2292 710 2331 pecore
727 2279 776 2315 ad

118 2349 254 2375 merces
273 2350 338 2388 per
359 2337 505 2374 deserta
520 2341 776 2387 transportan-

119 2393 199 2441 das,
221 2394 428 2445 aptissimos
448 2394 562 2430 fuisse
580 2395 676 2430 idem
691 2393 777 2429 sub-

119 2448 203 2485 iicit.
242 2451 274 2487 A
293 2450 532 2500 Borysthenis
556 2451 648 2487 ostio
668 2450 776 2487 urbe-

121 2517 192 2554 que
211 2505 321 2543 Olbia
337 2509 511 2557 profecti,
542 2511 643 2544 trans
672 2520 776 2544 mon-

120 2565 197 2598 tem
224 2562 311 2600 Ural
336 2564 385 2600 ad
415 2564 627 2602 Calmuccos
658 2577 776 2613 usque

118 2621 378 2669 penetrarunt,
415 2620 544 2659 itinere
562 2622 616 2658 ita
631 2622 776 2658 institu-

117 2679 178 2722 to,
217 2679 259 2711 ut
281 2676 435 2725 primum
453 2677 632 2726 Hylaeam
654 2678 776 2727 regio-

118 2744 201 2770 nem
234 2733 453 2782 transgressi
488 2733 631 2772 Asovici
668 2736 776 2772 maris

1514 268 1608 295 Ponto
1639 269 1675 295 ad

1538 201 1726 229 Commeatum
1752 211 1769 229 e

1530 236 1653 270 Scythia
1685 241 1714 262 et
1741 245 1774 263 ex

1704 270 1788 296 ilios:

1515 310 1532 327 a
1552 302 1670 334 Sennis
1698 311 1789 336 nego-

1515 335 1557 361 tia
1577 336 1613 362 ibi
1641 342 1790 368 geruntur

1516 368 1571 394 xl!
1616 369 1790 403 interpreti-

1512 402 1581 429 bus.

849 538 877 562 s.
899 524 1098 562 Maeotidis
1126 537 1227 562 oram
1263 523 1429 574 legerent
1454 538 1512 562 us-

848 595 920 631 que
942 582 989 618 ad
1009 580 1176 629 Tanain,
1206 582 1291 619 dein
1310 582 1512 618 Astracana

848 639 993 676 deserta
1012 638 1215 683 intrarent,
1246 639 1343 676 unde
1362 643 1512 689 septen-

847 696 1001 732 trionem
1022 707 1147 732 versus
1172 707 1239 744 per
1261 696 1509 732 Sarmatarum

848 755 985 789 terram
1014 751 1061 788 ad
1078 751 1243 787 Budinos
1270 751 1510 801 Gelonosque

845 809 1102 859 pervenirent,
1161 821 1244 844 mox
1291 821 1400 855 vero,
1461 809 1509 845 ad

845 866 1024 902 orientem
1040 864 1157 913 magis
1179 865 1343 902 conversi
1365 877 1430 915 per
1451 877 1510 902 se-

843 926 944 972 ptem
968 922 1107 959 dierum
1134 921 1281 958 deserta
1309 921 1357 958 ad
1383 921 1509 971 Thys-

844 983 1055 1026 sagetarum
1075 981 1111 1014 et
1126 977 1309 1025 lyrcarum
1323 978 1509 1026 regiones,

845 1035 905 1071 ubi
924 1034 1093 1071 Siberiae
1114 1037 1197 1070 sunt
1220 1034 1325 1079 fines,
1355 1035 1508 1071 accede-

841 1094 946 1137 rent3
977 1104 997 1128 e
1015 1090 1161 1139 quibus,
1182 1089 1386 1127 Nerossum
1403 1103 1507 1126 mon-

841 1150 914 1184 tem
938 1160 982 1184 eo
1004 1147 1081 1183 fere
1097 1146 1175 1183 loco
1190 1174 1200 1193 ,
1243 1159 1316 1195 quo
1335 1159 1431 1183 nune
1454 1147 1508 1183 ia-

842 1206 900 1241 cet
922 1203 1155 1252 Oremburg,
1195 1203 1437 1251 transgressi,
1468 1203 1506 1239 in

840 1260 1072 1309 Kirgisorum
1093 1264 1128 1297 et
1145 1258 1421 1296 Calmuccorum
1441 1259 1507 1296 de-

842 1320 961 1364 serta,
1000 1317 1063 1366 qui
1088 1316 1259 1353 itinerum
1289 1316 1370 1352 finis
1394 1316 1506 1354 fuisse

840 1373 1004 1421 videtur,
1034 1385 1248 1424 pervenere.
1289 1371 1387 1409 Nam
1407 1372 1506 1409 ultra

840 1430 1072 1481 Argippaeos
1083 1429 1195 1479 (quos
1209 1429 1412 1466 Calmuccos
1424 1441 1505 1467 esse

840 1500 951 1537 supra
969 1487 1147 1535 diximus)
1168 1487 1235 1524 iter
1252 1487 1399 1523 minime
1418 1499 1506 1523 con-

837 1545 1001 1581 tinuasse
1036 1543 1207 1580 videntur
1237 1542 1288 1579 illi
1323 1547 1504 1580 mercato-

838 1613 918 1646 res,
956 1600 1055 1637 unde
1085 1613 1150 1636 sua
1172 1599 1312 1649 accepit
1329 1598 1504 1636 Herodo-

837 1661 917 1694 tus:
955 1669 1177 1706 quamquam
1216 1656 1329 1706 ipsius
1362 1669 1503 1693 merca-

837 1718 940 1751 turae
967 1713 1058 1750 fines
1086 1713 1234 1750 minime
1262 1712 1331 1748 illic
1361 1725 1502 1762 ponen-

837 1771 904 1807 dos
930 1782 1011 1807 esse
1034 1770 1129 1807 bene
1146 1769 1377 1806 concedimus
1397 1769 1501 1806 Hee-

835 1827 937 1865 renio
954 1826 976 1863 1.
998 1826 1020 1862 l.
1052 1840 1087 1876 p.
1111 1828 1190 1867 309
1206 1855 1216 1873 ,
1257 1826 1394 1876 quippe
1417 1838 1500 1862 cum

836 1883 906 1920 illic
935 1887 1075 1920 tantum
1106 1883 1319 1920 convenisse
1348 1882 1500 1919 videan-

835 1945 896 1977 tur
915 1940 1076 1989 undique
1093 1940 1246 1990 profecti
1263 1943 1498 1985 mercatores,

834 2010 972 2035 merces
992 2009 1074 2034 suas
1092 1997 1227 2046 quique
1246 1996 1497 2046 permutaturi.

834 2053 969 2103 Neque
996 2066 1082 2090 vero
1112 2053 1225 2104 pelles
1255 2057 1395 2088 tantum
1429 2052 1498 2088 ad-

831 2116 954 2148 vectas
993 2123 1095 2156 esse,
1136 2121 1359 2159 quamquam
1390 2109 1426 2144 in
1454 2109 1497 2145 iis

831 2167 1029 2218 praecipua
1055 2171 1282 2204 mercaturae
1303 2178 1401 2216 pars,
1422 2177 1497 2214 quo

832 2225 949 2273 magis
984 2224 1094 2260 Ponti
1129 2224 1274 2260 accolae
1305 2223 1351 2259 ob
1380 2223 1497 2259 acrius

831 2282 945 2330 frigus
970 2281 1136 2330 coelique
1155 2280 1411 2329 intemperiem
1432 2276 1497 2328 (cf.

833 2338 896 2385 IV,
922 2339 975 2378 28
999 2337 1086 2387 ibiq.
1111 2337 1222 2385 nott.)
1253 2336 1407 2387 pellibus
1439 2336 1496 2371 in-

833 2395 1041 2443 diguerint3
1072 2395 1161 2443 quin
1180 2393 1298 2444 ipsum
1327 2405 1453 2430 aurum
1476 2404 1497 2429 e

832 2451 978 2488 mediae
990 2449 1099 2489 Asiae
1119 2451 1273 2488 desertis
1294 2449 1498 2497 indiaeque

832 2508 1019 2546 montibus
1048 2507 1216 2545 auriferis
1253 2506 1404 2544 allatum
1442 2505 1494 2539 vi-

833 2565 911 2603 deri
945 2569 1068 2603 monet
1103 2565 1200 2602 idem
1230 2564 1390 2600 Heeren.
1420 2563 1441 2597 l.
1469 2560 1493 2596 l.

832 2621 886 2659 Ac
912 2625 1115 2660 memoratu
1144 2620 1321 2669 dignum,
1362 2617 1494 2654 hodie-

833 2691 906 2728 que
925 2679 1053 2716 eadem
1070 2678 1148 2714 sere
1164 2677 1222 2713 via
1238 2675 1386 2726 pellium
1400 2685 1496 2710 mer-

833 2739 994 2772 caturam
1017 2733 1168 2780 institui,
1198 2732 1271 2781 qua
1292 2729 1496 2779 antiquitus
