<?xml version="1.0" encoding="UTF-8"?>
<!DOCTYPE html PUBLIC "-//W3C//DTD XHTML 1.0 Transitional//EN"
    "http://www.w3.org/TR/xhtml1/DTD/xhtml1-transitional.dtd">
<html xmlns="http://www.w3.org/1999/xhtml" xml:lang="en" lang="en">
 <head>
  <title>
</title>
<meta http-equiv="Content-Type" content="text/html;charset=utf-8" />
  <meta name='ocr-system' content='tesseract 3.04.00' />
  <meta name='ocr-capabilities' content='ocr_page ocr_carea ocr_par ocr_line ocrx_word'/>
</head>
<body>
  <div class='ocr_page' id='page_1' title='image "./musaeher02hero/musaeher02hero_0283.png"; bbox 0 0 1863 3256; ppageno 0'>
   <div class='ocr_carea' id='block_1_1' title="bbox 0 275 4 503">
    <p class='ocr_par' dir='ltr' id='par_1_1' title="bbox 0 275 4 503">
     <span class='ocr_line' id='line_1_1' title="bbox 0 275 4 413; baseline 0 -93"><span class='ocrx_word' id='word_1_1' title='bbox 0 275 4 413; x_wconf 28' lang='lat' dir='ltr'><strong><em>[t</em></strong></span> 
     </span>
     <span class='ocr_line' id='line_1_2' title="bbox 0 456 3 503; baseline 0 0"><span class='ocrx_word' id='word_1_2' title='bbox 0 456 3 503; x_wconf 61' lang='lat' dir='ltr'>f</span> 
     </span>
    </p>
   </div>
   <div class='ocr_carea' id='block_1_2' title="bbox 0 682 34 752">
    <p class='ocr_par' dir='ltr' id='par_1_2' title="bbox 0 682 34 752">
     <span class='ocr_line' id='line_1_3' title="bbox 0 682 34 752; baseline 0 -26"><span class='ocrx_word' id='word_1_3' title='bbox 0 682 34 752; x_wconf 53' lang='grc'><strong><em>11</em></strong></span> 
     </span>
    </p>
   </div>
   <div class='ocr_carea' id='block_1_3' title="bbox 76 683 1429 748">
    <p class='ocr_par' dir='ltr' id='par_1_3' title="bbox 76 683 1429 748">
     <span class='ocr_line' id='line_1_4' title="bbox 76 683 1429 748; baseline 0.002 -15"><span class='ocrx_word' id='word_1_4' title='bbox 76 683 107 727; x_wconf 84' lang='grc'>9</span> <span class='ocrx_word' id='word_1_5' title='bbox 270 691 485 746; x_wconf 81' lang='grc' dir='ltr'><strong><em>Βαβυλών</em></strong></span> <span class='ocrx_word' id='word_1_6' title='bbox 525 691 605 746; x_wconf 88' lang='grc' dir='ltr'><strong><em>μέν</em></strong></span> <span class='ocrx_word' id='word_1_7' title='bbox 639 708 726 734; x_wconf 88' lang='grc' dir='ltr'><strong><em>νυν</em></strong></span> <span class='ocrx_word' id='word_1_8' title='bbox 766 689 884 735; x_wconf 85' lang='grc' dir='ltr'><strong><em>οὕτω</em></strong></span> <span class='ocrx_word' id='word_1_9' title='bbox 923 689 973 734; x_wconf 86' lang='grc' dir='ltr'><strong><em>τὸ</em></strong></span> <span class='ocrx_word' id='word_1_10' title='bbox 1009 690 1219 745; x_wconf 83' lang='grc' dir='ltr'><strong><em>δεύτερον</em></strong></span> <span class='ocrx_word' id='word_1_11' title='bbox 1259 693 1429 748; x_wconf 84' lang='grc' dir='ltr'><strong><em>αἱρέθη.</em></strong></span> 
     </span>
    </p>
   </div>
   <div class='ocr_carea' id='block_1_4' title="bbox 567 150 1427 198">
    <p class='ocr_par' dir='ltr' id='par_1_4' title="bbox 567 150 1427 198">
     <span class='ocr_line' id='line_1_5' title="bbox 567 150 1427 198; baseline 0.006 -5"><span class='ocrx_word' id='word_1_12' title='bbox 567 155 603 193; x_wconf 93' lang='grc' dir='ltr'>Τ</span> <span class='ocrx_word' id='word_1_13' title='bbox 632 154 671 191; x_wconf 90' lang='grc' dir='ltr'><strong>Η</strong></span> <span class='ocrx_word' id='word_1_14' title='bbox 700 152 734 190; x_wconf 91' lang='grc' dir='ltr'><strong>Α</strong></span> <span class='ocrx_word' id='word_1_15' title='bbox 762 152 795 192; x_wconf 91' lang='lat' dir='ltr'>L</span> <span class='ocrx_word' id='word_1_16' title='bbox 824 152 840 190; x_wconf 95' lang='lat' dir='ltr'>I</span> <span class='ocrx_word' id='word_1_17' title='bbox 871 150 915 190; x_wconf 87' lang='lat' dir='ltr'><strong><em>A.</em></strong></span> <span class='ocrx_word' id='word_1_18' title='bbox 976 152 1036 190; x_wconf 87' lang='grc' dir='ltr'><strong><em>ΙΙΙ.</em></strong></span> <span class='ocrx_word' id='word_1_19' title='bbox 1347 158 1427 198; x_wconf 73' lang='grc'><strong><em>271</em></strong></span> 
     </span>
    </p>
   </div>
   <div class='ocr_carea' id='block_1_5' title="bbox 126 260 1488 676">
    <p class='ocr_par' dir='ltr' id='par_1_5' title="bbox 126 260 1488 676">
     <span class='ocr_line' id='line_1_6' title="bbox 154 260 1431 323; baseline -0.004 -11"><span class='ocrx_word' id='word_1_20' title='bbox 154 269 227 311; x_wconf 84' lang='grc' dir='ltr'><strong><em>καὶ</em></strong></span> <span class='ocrx_word' id='word_1_21' title='bbox 270 267 457 323; x_wconf 79' lang='grc' dir='ltr'><strong><em>Βηλίδας</em></strong></span> <span class='ocrx_word' id='word_1_22' title='bbox 495 263 762 318; x_wconf 81' lang='grc' dir='ltr'><strong><em>καλεομένας</em></strong></span> <span class='ocrx_word' id='word_1_23' title='bbox 800 262 941 313; x_wconf 81' lang='grc' dir='ltr'><strong><em>πύλας</em></strong></span> <span class='ocrx_word' id='word_1_24' title='bbox 978 260 1276 313; x_wconf 76' lang='grc' dir='ltr'><strong><em>ἀναπετάσας,</em></strong></span> <span class='ocrx_word' id='word_1_25' title='bbox 1308 263 1431 320; x_wconf 77' lang='grc' dir='ltr'><strong><em>ἐσῆκε</em></strong></span> 
     </span>
     <span class='ocr_line' id='line_1_7' title="bbox 126 333 1433 390; baseline -0.002 -10"><span class='ocrx_word' id='word_1_26' title='bbox 126 339 264 390; x_wconf 82' lang='grc' dir='ltr'><strong><em>3τούς</em></strong></span> <span class='ocrx_word' id='word_1_27' title='bbox 296 337 466 390; x_wconf 79' lang='grc' dir='ltr'><strong><em>Πέρσας</em></strong></span> <span class='ocrx_word' id='word_1_28' title='bbox 503 335 546 385; x_wconf 82' lang='grc' dir='ltr'><strong><em>ές</em></strong></span> <span class='ocrx_word' id='word_1_29' title='bbox 575 333 624 377; x_wconf 79' lang='grc' dir='ltr'><strong><em>τό</em></strong></span> <span class='ocrx_word' id='word_1_30' title='bbox 656 339 804 390; x_wconf 84' lang='grc' dir='ltr'><strong><em>τεῖχος.</em></strong></span> <span class='ocrx_word' id='word_1_31' title='bbox 863 337 953 377; x_wconf 77' lang='grc' dir='ltr'><strong><em>τῶν</em></strong></span> <span class='ocrx_word' id='word_1_32' title='bbox 983 334 1029 376; x_wconf 78' lang='grc' dir='ltr'><strong><em>δὲ</em></strong></span> <span class='ocrx_word' id='word_1_33' title='bbox 1061 334 1360 390; x_wconf 81' lang='grc' dir='ltr'><strong><em>Βαβυλωνίων</em></strong></span> <span class='ocrx_word' id='word_1_34' title='bbox 1391 339 1433 378; x_wconf 77' lang='grc' dir='ltr'><strong><em>οἳ</em></strong></span> 
     </span>
     <span class='ocr_line' id='line_1_8' title="bbox 155 400 1434 465; baseline -0.003 -12"><span class='ocrx_word' id='word_1_35' title='bbox 155 410 235 465; x_wconf 75' lang='grc' dir='ltr'><strong><em>μὲν</em></strong></span> <span class='ocrx_word' id='word_1_36' title='bbox 276 407 395 452; x_wconf 83' lang='grc' dir='ltr'><strong><em>εἶδον</em></strong></span> <span class='ocrx_word' id='word_1_37' title='bbox 424 405 474 450; x_wconf 86' lang='grc' dir='ltr'><strong><em>τὸ</em></strong></span> <span class='ocrx_word' id='word_1_38' title='bbox 505 406 718 462; x_wconf 78' lang='grc' dir='ltr'><strong><em>ποιηθὲν,</em></strong></span> <span class='ocrx_word' id='word_1_39' title='bbox 751 400 876 449; x_wconf 78' lang='grc' dir='ltr'><strong><em>οὗτοι</em></strong></span> <span class='ocrx_word' id='word_1_40' title='bbox 913 405 1104 460; x_wconf 75' lang='grc' dir='ltr'><strong><em>ἔφευγον</em></strong></span> <span class='ocrx_word' id='word_1_41' title='bbox 1142 405 1184 456; x_wconf 81' lang='grc' dir='ltr'><strong><em>ἐς</em></strong></span> <span class='ocrx_word' id='word_1_42' title='bbox 1213 408 1293 447; x_wconf 86' lang='grc' dir='ltr'><strong><em>τοῦ</em></strong></span> <span class='ocrx_word' id='word_1_43' title='bbox 1323 405 1434 457; x_wconf 80' lang='grc' dir='ltr'><strong><em>Διὸς</em></strong></span> 
     </span>
     <span class='ocr_line' id='line_1_9' title="bbox 155 474 1434 533; baseline -0.003 -10"><span class='ocrx_word' id='word_1_44' title='bbox 155 484 238 523; x_wconf 82' lang='grc' dir='ltr'><strong><em>τοῦ</em></strong></span> <span class='ocrx_word' id='word_1_45' title='bbox 277 477 426 533; x_wconf 75' lang='grc' dir='ltr'><strong><em>Βήλου</em></strong></span> <span class='ocrx_word' id='word_1_46' title='bbox 469 474 517 519; x_wconf 77' lang='grc' dir='ltr'><strong><em>τό</em></strong></span> <span class='ocrx_word' id='word_1_47' title='bbox 551 476 674 529; x_wconf 80' lang='grc' dir='ltr'><strong><em>ἱρόν·</em></strong></span> <span class='ocrx_word' id='word_1_48' title='bbox 720 480 763 520; x_wconf 82' lang='grc' dir='ltr'><strong><em>οἳ</em></strong></span> <span class='ocrx_word' id='word_1_49' title='bbox 801 477 847 520; x_wconf 80' lang='grc' dir='ltr'><strong><em>δὲ</em></strong></span> <span class='ocrx_word' id='word_1_50' title='bbox 892 475 976 520; x_wconf 82' lang='grc' dir='ltr'><strong><em>οὐκ</em></strong></span> <span class='ocrx_word' id='word_1_51' title='bbox 1011 475 1156 528; x_wconf 80' lang='grc' dir='ltr'><strong><em>εἶδον,</em></strong></span> <span class='ocrx_word' id='word_1_52' title='bbox 1195 476 1353 531; x_wconf 75' lang='grc' dir='ltr'><strong><em>ἔμενον</em></strong></span> <span class='ocrx_word' id='word_1_53' title='bbox 1385 476 1434 519; x_wconf 77' lang='grc' dir='ltr'><strong><em>ἐν</em></strong></span> 
     </span>
     <span class='ocr_line' id='line_1_10' title="bbox 154 543 1488 606; baseline -0.003 -12"><span class='ocrx_word' id='word_1_54' title='bbox 154 556 206 606; x_wconf 80' lang='grc' dir='ltr'><strong><em>τῇ</em></strong></span> <span class='ocrx_word' id='word_1_55' title='bbox 237 550 404 593; x_wconf 76' lang='grc' dir='ltr'><strong><em>ἑωυτοῦ</em></strong></span> <span class='ocrx_word' id='word_1_56' title='bbox 429 547 523 599; x_wconf 80' lang='grc' dir='ltr'><strong><em>τάξι</em></strong></span> <span class='ocrx_word' id='word_1_57' title='bbox 553 547 757 601; x_wconf 78' lang='grc' dir='ltr'><strong><em>ἕκαστος,</em></strong></span> <span class='ocrx_word' id='word_1_58' title='bbox 788 548 830 599; x_wconf 79' lang='grc' dir='ltr'><strong><em>ἐς</em></strong></span> <span class='ocrx_word' id='word_1_59' title='bbox 866 547 893 592; x_wconf 81' lang='grc' dir='ltr'>ὃ</span> <span class='ocrx_word' id='word_1_60' title='bbox 921 549 975 606; x_wconf 82' lang='grc' dir='ltr'><strong><em>ὀὴ</em></strong></span> <span class='ocrx_word' id='word_1_61' title='bbox 1005 548 1077 592; x_wconf 84' lang='grc' dir='ltr'><strong><em>καὶ</em></strong></span> <span class='ocrx_word' id='word_1_62' title='bbox 1110 543 1234 592; x_wconf 81' lang='grc' dir='ltr'><strong><em>οὗτοι</em></strong></span> <span class='ocrx_word' id='word_1_63' title='bbox 1264 547 1488 604; x_wconf 66' lang='grc' dir='ltr'><strong><em>ἔμαθονὲο</em></strong></span> 
     </span>
     <span class='ocr_line' id='line_1_11' title="bbox 152 618 477 676; baseline -0.012 -11"><span class='ocrx_word' id='word_1_64' title='bbox 152 618 477 676; x_wconf 76' lang='grc' dir='ltr'><em>προδεδομένοι.</em></span> 
     </span>
    </p>
   </div>
   <div class='ocr_carea' id='block_1_6' title="bbox 1489 730 1769 872">
    <p class='ocr_par' dir='ltr' id='par_1_6' title="bbox 1489 730 1769 864">
     <span class='ocr_line' id='line_1_12' title="bbox 1506 730 1753 767; baseline 0.02 -15"><span class='ocrx_word' id='word_1_65' title='bbox 1506 732 1625 767; x_wconf 74' lang='lat' dir='ltr'>captain</span> <span class='ocrx_word' id='word_1_66' title='bbox 1659 730 1753 757; x_wconf 51' lang='lat' dir='ltr'>nudat</span> 
     </span>
     <span class='ocr_line' id='line_1_13' title="bbox 1490 762 1767 793; baseline 0.016 -7"><span class='ocrx_word' id='word_1_67' title='bbox 1490 762 1584 787; x_wconf 72' lang='lat' dir='ltr'>muris</span> <span class='ocrx_word' id='word_1_68' title='bbox 1604 766 1632 788; x_wconf 69' lang='lat' dir='ltr'><strong><em>«t</em></strong></span> <span class='ocrx_word' id='word_1_69' title='bbox 1652 764 1767 793; x_wconf 72' lang='lat' dir='ltr'><strong><em>nui-tie·</em></strong></span> 
     </span>
     <span class='ocr_line' id='line_1_14' title="bbox 1489 796 1769 856; baseline 0.014 -36"><span class='ocrx_word' id='word_1_70' title='bbox 1489 803 1543 856; x_wconf 60' lang='lat' dir='ltr'><strong><em>&#39;vro</em></strong></span> <span class='ocrx_word' id='word_1_71' title='bbox 1536 796 1690 823; x_wconf 79' lang='lat' dir='ltr'>›ceruinlli</span> <span class='ocrx_word' id='word_1_72' title='bbox 1704 798 1769 824; x_wconf 85' lang='grc' dir='ltr'><strong>ιιιίΙ-</strong></span> 
     </span>
     <span class='ocr_line' id='line_1_15' title="bbox 1502 831 1767 872; baseline 0.012 -17"><span class='ocrx_word' id='word_1_73' title='bbox 1502 837 1529 856; x_wconf 81' lang='lat' dir='ltr'><strong><em>ia</em></strong></span> <span class='ocrx_word' id='word_1_74' title='bbox 1547 831 1628 857; x_wconf 84' lang='lat' dir='ltr'>cruci</span> <span class='ocrx_word' id='word_1_75' title='bbox 1647 831 1767 872; x_wconf 71' lang='lat' dir='ltr'>affigit·</span> 
     </span>
    </p>
   </div>
   <div class='ocr_carea' id='block_1_7' title="bbox 121 761 1591 1464">
    <p class='ocr_par' dir='ltr' id='par_1_7' title="bbox 121 761 1580 1322">
     <span class='ocr_line' id='line_1_16' title="bbox 150 761 1432 820; baseline 0 -12"><span class='ocrx_word' id='word_1_76' title='bbox 150 767 341 819; x_wconf 88' lang='grc' dir='ltr'><strong><em>Δαρεῖος</em></strong></span> <span class='ocrx_word' id='word_1_77' title='bbox 371 761 416 806; x_wconf 75' lang='grc' dir='ltr'><strong><em>δὲ</em></strong></span> <span class='ocrx_word' id='word_1_78' title='bbox 447 763 539 807; x_wconf 80' lang='grc' dir='ltr'><strong><em>ἐπεί</em></strong></span> <span class='ocrx_word' id='word_1_79' title='bbox 567 778 611 806; x_wconf 90' lang='grc' dir='ltr'><strong><em>τε</em></strong></span> <span class='ocrx_word' id='word_1_80' title='bbox 639 762 844 819; x_wconf 80' lang='grc' dir='ltr'><strong><em>ἐκράτησε</em></strong></span> <span class='ocrx_word' id='word_1_81' title='bbox 874 766 964 805; x_wconf 77' lang='grc' dir='ltr'><strong><em>τῶν</em></strong></span> <span class='ocrx_word' id='word_1_82' title='bbox 996 765 1309 820; x_wconf 81' lang='grc' dir='ltr'><strong><em>Βαβυλωνίων,</em></strong></span> <span class='ocrx_word' id='word_1_83' title='bbox 1334 769 1432 808; x_wconf 88' lang='grc' dir='ltr'><strong><em>τοῦ-</em></strong></span> 
     </span>
     <span class='ocr_line' id='line_1_17' title="bbox 150 833 1431 890; baseline 0.001 -12"><span class='ocrx_word' id='word_1_84' title='bbox 150 851 200 878; x_wconf 89' lang='grc' dir='ltr'><strong><em>το</em></strong></span> <span class='ocrx_word' id='word_1_85' title='bbox 241 833 320 890; x_wconf 90' lang='grc' dir='ltr'><strong><em>μέν</em></strong></span> <span class='ocrx_word' id='word_1_86' title='bbox 358 846 506 889; x_wconf 85' lang='grc' dir='ltr'><strong><em>σφεων</em></strong></span> <span class='ocrx_word' id='word_1_87' title='bbox 546 833 594 877; x_wconf 85' lang='grc' dir='ltr'><strong><em>τὸ</em></strong></span> <span class='ocrx_word' id='word_1_88' title='bbox 633 839 771 890; x_wconf 88' lang='grc' dir='ltr'><strong><em>τεῖχος</em></strong></span> <span class='ocrx_word' id='word_1_89' title='bbox 809 839 1015 887; x_wconf 80' lang='grc' dir='ltr'><strong><em>περιεῖλε,</em></strong></span> <span class='ocrx_word' id='word_1_90' title='bbox 1060 836 1134 879; x_wconf 79' lang='grc' dir='ltr'><strong><em>καὶ</em></strong></span> <span class='ocrx_word' id='word_1_91' title='bbox 1168 835 1244 886; x_wconf 74' lang='grc' dir='ltr'><strong><em>τὰς</em></strong></span> <span class='ocrx_word' id='word_1_92' title='bbox 1289 836 1431 888; x_wconf 80' lang='grc' dir='ltr'><strong><em>πύλας</em></strong></span> 
     </span>
     <span class='ocr_line' id='line_1_18' title="bbox 151 904 1433 964; baseline 0.001 -14"><span class='ocrx_word' id='word_1_93' title='bbox 151 906 293 958; x_wconf 88' lang='grc' dir='ltr'><strong><em>πάσας</em></strong></span> <span class='ocrx_word' id='word_1_94' title='bbox 323 906 563 950; x_wconf 75' lang='grc' dir='ltr'><strong><em>ἀπέσπασε·</em></strong></span> <span class='ocrx_word' id='word_1_95' title='bbox 594 905 643 949; x_wconf 82' lang='grc' dir='ltr'><strong><em>τὸ</em></strong></span> <span class='ocrx_word' id='word_1_96' title='bbox 672 905 757 962; x_wconf 77' lang='grc' dir='ltr'><strong><em>γὰρ</em></strong></span> <span class='ocrx_word' id='word_1_97' title='bbox 788 904 1006 960; x_wconf 87' lang='grc' dir='ltr'><strong><em>πρότερον</em></strong></span> <span class='ocrx_word' id='word_1_98' title='bbox 1033 906 1145 950; x_wconf 77' lang='grc' dir='ltr'><strong><em>ἑλών</em></strong></span> <span class='ocrx_word' id='word_1_99' title='bbox 1174 911 1325 961; x_wconf 85' lang='grc' dir='ltr'><strong><em>Κῦρος</em></strong></span> <span class='ocrx_word' id='word_1_100' title='bbox 1354 911 1433 964; x_wconf 83' lang='grc' dir='ltr'><strong><em>τὴν</em></strong></span> 
     </span>
     <span class='ocr_line' id='line_1_19' title="bbox 154 976 1591 1036; baseline 0.003 -14"><span class='ocrx_word' id='word_1_101' title='bbox 154 982 422 1036; x_wconf 81' lang='grc' dir='ltr'><strong><em>Βαβυλῶνα,</em></strong></span> <span class='ocrx_word' id='word_1_102' title='bbox 453 977 627 1034; x_wconf 76' lang='grc' dir='ltr'><strong><em>ἐποίησε</em></strong></span> <span class='ocrx_word' id='word_1_103' title='bbox 657 976 828 1020; x_wconf 80' lang='grc' dir='ltr'><strong><em>τούτων</em></strong></span> <span class='ocrx_word' id='word_1_104' title='bbox 858 976 1116 1032; x_wconf 79' lang='grc' dir='ltr'><strong><em>οὐδέτερον·</em></strong></span> <span class='ocrx_word' id='word_1_105' title='bbox 1148 983 1282 1022; x_wconf 78' lang='grc' dir='ltr'><strong><em>τοῦτο</em></strong></span> <span class='ocrx_word' id='word_1_106' title='bbox 1315 981 1373 1031; x_wconf 80' lang='grc' dir='ltr'><strong><em>δὲ,</em></strong></span> <span class='ocrx_word' id='word_1_107' title='bbox 1408 998 1432 1024; x_wconf 90' lang='grc' dir='ltr'><strong><em>ο</em></strong></span> <span class='ocrx_word' id='word_1_108' title='bbox 1492 1000 1591 1028; x_wconf 66' lang='lat' dir='ltr'>ioum.</span> 
     </span>
     <span class='ocr_line' id='line_1_20' title="bbox 153 1048 1488 1104; baseline -0.001 -11"><span class='ocrx_word' id='word_1_109' title='bbox 153 1055 341 1104; x_wconf 81' lang='grc' dir='ltr'><strong><em>Δαρεῖος</em></strong></span> <span class='ocrx_word' id='word_1_110' title='bbox 378 1054 466 1093; x_wconf 78' lang='grc' dir='ltr'><strong><em>τῶν</em></strong></span> <span class='ocrx_word' id='word_1_111' title='bbox 506 1049 686 1103; x_wconf 74' lang='grc' dir='ltr'><strong><em>ἀνδρῶν</em></strong></span> <span class='ocrx_word' id='word_1_112' title='bbox 724 1048 829 1100; x_wconf 76' lang='grc' dir='ltr'><strong><em>τούς</em></strong></span> <span class='ocrx_word' id='word_1_113' title='bbox 868 1051 1143 1104; x_wconf 80' lang='grc' dir='ltr'><strong><em>κορυφαίους</em></strong></span> <span class='ocrx_word' id='word_1_114' title='bbox 1172 1049 1359 1104; x_wconf 83' lang='grc' dir='ltr'><strong><em>μάλιστα</em></strong></span> <span class='ocrx_word' id='word_1_115' title='bbox 1389 1051 1488 1103; x_wconf 62' lang='grc' dir='ltr'><strong><em>έςῖὅ</em></strong></span> 
     </span>
     <span class='ocr_line' id='line_1_21' title="bbox 150 1119 1430 1178; baseline 0.001 -13"><span class='ocrx_word' id='word_1_116' title='bbox 150 1122 417 1177; x_wconf 86' lang='grc' dir='ltr'><strong><em>τρισχιλίους</em></strong></span> <span class='ocrx_word' id='word_1_117' title='bbox 454 1119 788 1168; x_wconf 82' lang='grc' dir='ltr'><strong><em>α’νεσκολόπισε,</em></strong></span> <span class='ocrx_word' id='word_1_118' title='bbox 828 1125 943 1164; x_wconf 85' lang='grc' dir='ltr'><strong><em>τοῖσι</em></strong></span> <span class='ocrx_word' id='word_1_119' title='bbox 979 1121 1024 1164; x_wconf 74' lang='grc' dir='ltr'><strong><em>δὲ</em></strong></span> <span class='ocrx_word' id='word_1_120' title='bbox 1063 1125 1254 1165; x_wconf 87' lang='grc' dir='ltr'><strong><em>λοιποῖσι</em></strong></span> <span class='ocrx_word' id='word_1_121' title='bbox 1286 1125 1430 1178; x_wconf 79' lang='grc' dir='ltr'><strong><em>Βαβυ-</em></strong></span> 
     </span>
     <span class='ocr_line' id='line_1_22' title="bbox 121 1190 1431 1247; baseline 0.003 -13"><span class='ocrx_word' id='word_1_122' title='bbox 121 1195 354 1237; x_wconf 62' lang='grc' dir='ltr'><strong><em>Ελωνίοισι</em></strong></span> <span class='ocrx_word' id='word_1_123' title='bbox 384 1190 580 1236; x_wconf 80' lang='grc' dir='ltr'><strong><em>ἀπέδωκε</em></strong></span> <span class='ocrx_word' id='word_1_124' title='bbox 618 1192 699 1247; x_wconf 83' lang='grc' dir='ltr'><strong><em>τὴν</em></strong></span> <span class='ocrx_word' id='word_1_125' title='bbox 728 1191 858 1236; x_wconf 86' lang='grc' dir='ltr'><strong><em>πόλιν</em></strong></span> <span class='ocrx_word' id='word_1_126' title='bbox 891 1193 1060 1236; x_wconf 82' lang='grc' dir='ltr'><strong><em>οἰκέειν.</em></strong></span> <span class='ocrx_word' id='word_1_127' title='bbox 1122 1191 1181 1244; x_wconf 68' lang='grc' dir='ltr'><strong><em>(ὃς</em></strong></span> <span class='ocrx_word' id='word_1_128' title='bbox 1211 1191 1251 1236; x_wconf 72' lang='grc' dir='ltr'><strong><em>δ’</em></strong></span> <span class='ocrx_word' id='word_1_129' title='bbox 1284 1193 1431 1245; x_wconf 79' lang='grc' dir='ltr'><strong><em>ἕξουσι</em></strong></span> 
     </span>
     <span class='ocr_line' id='line_1_23' title="bbox 148 1262 1432 1322; baseline 0 -14"><span class='ocrx_word' id='word_1_130' title='bbox 148 1269 361 1321; x_wconf 76' lang='grc' dir='ltr'><strong><em>γυναῖκας</em></strong></span> <span class='ocrx_word' id='word_1_131' title='bbox 397 1265 441 1307; x_wconf 88' lang='grc' dir='ltr'><strong><em>οἷ</em></strong></span> <span class='ocrx_word' id='word_1_132' title='bbox 472 1263 779 1321; x_wconf 78' lang='grc' dir='ltr'><strong><em>Βαβυλώνιοι,</em></strong></span> <span class='ocrx_word' id='word_1_133' title='bbox 820 1265 894 1308; x_wconf 83' lang='grc' dir='ltr'><strong><em>ἴνα</em></strong></span> <span class='ocrx_word' id='word_1_134' title='bbox 936 1276 1015 1320; x_wconf 86' lang='grc' dir='ltr'><strong><em>σφι</em></strong></span> <span class='ocrx_word' id='word_1_135' title='bbox 1055 1264 1183 1319; x_wconf 81' lang='grc' dir='ltr'><strong><em>γένεα</em></strong></span> <span class='ocrx_word' id='word_1_136' title='bbox 1219 1262 1432 1322; x_wconf 74' lang='grc' dir='ltr'><strong><em>ὑπογίνη-</em></strong></span> 
     </span>
    </p>

    <p class='ocr_par' dir='ltr' id='par_1_8' title="bbox 147 1335 1488 1464">
     <span class='ocr_line' id='line_1_24' title="bbox 148 1335 1488 1392; baseline -0.001 -13"><span class='ocrx_word' id='word_1_137' title='bbox 148 1353 241 1388; x_wconf 87' lang='grc' dir='ltr'><strong><em>ται,</em></strong></span> <span class='ocrx_word' id='word_1_138' title='bbox 282 1335 384 1379; x_wconf 84' lang='grc' dir='ltr'><strong><em>τάδε</em></strong></span> <span class='ocrx_word' id='word_1_139' title='bbox 414 1340 603 1391; x_wconf 87' lang='grc' dir='ltr'><strong><em>Δαρεῖος</em></strong></span> <span class='ocrx_word' id='word_1_140' title='bbox 640 1336 840 1390; x_wconf 78' lang='grc' dir='ltr'><strong><em>προϊδών</em></strong></span> <span class='ocrx_word' id='word_1_141' title='bbox 867 1337 1064 1391; x_wconf 78' lang='grc' dir='ltr'><strong><em>ἐποίησε·</em></strong></span> <span class='ocrx_word' id='word_1_142' title='bbox 1103 1335 1181 1387; x_wconf 79' lang='grc' dir='ltr'><strong><em>τοὶς</em></strong></span> <span class='ocrx_word' id='word_1_143' title='bbox 1210 1337 1293 1392; x_wconf 75' lang='grc' dir='ltr'><strong><em>γὰρ</em></strong></span> <span class='ocrx_word' id='word_1_144' title='bbox 1324 1336 1488 1381; x_wconf 62' lang='lat' dir='ltr'><em>{mv-30</em></span> 
     </span>
     <span class='ocr_line' id='line_1_25' title="bbox 147 1405 1432 1464; baseline 0.002 -14"><span class='ocrx_word' id='word_1_145' title='bbox 147 1411 264 1459; x_wconf 76' lang='grc' dir='ltr'><strong><em>τῶν,</em></strong></span> <span class='ocrx_word' id='word_1_146' title='bbox 306 1407 365 1458; x_wconf 82' lang='grc' dir='ltr'><strong><em>ὠς</em></strong></span> <span class='ocrx_word' id='word_1_147' title='bbox 394 1408 465 1450; x_wconf 86' lang='grc' dir='ltr'><strong><em>καὶ</em></strong></span> <span class='ocrx_word' id='word_1_148' title='bbox 497 1405 597 1451; x_wconf 83' lang='grc' dir='ltr'><strong><em>κατ’</em></strong></span> <span class='ocrx_word' id='word_1_149' title='bbox 640 1407 778 1464; x_wconf 68' lang='grc' dir='ltr'><strong><em>ἀρχάς</em></strong></span> <span class='ocrx_word' id='word_1_150' title='bbox 809 1407 1070 1464; x_wconf 82' lang='grc' dir='ltr'><strong><em>δεδήλωται,</em></strong></span> <span class='ocrx_word' id='word_1_151' title='bbox 1111 1405 1356 1461; x_wconf 71' lang='grc' dir='ltr'><strong><em>ἀπέπνιξαν</em></strong></span> <span class='ocrx_word' id='word_1_152' title='bbox 1387 1411 1432 1453; x_wconf 80' lang='grc' dir='ltr'><strong><em>οἱ</em></strong></span> 
     </span>
    </p>
   </div>
   <div class='ocr_carea' id='block_1_8' title="bbox 1515 932 1743 966">
    <p class='ocr_par' dir='ltr' id='par_1_9' title="bbox 1515 932 1743 966">
     <span class='ocr_line' id='line_1_26' title="bbox 1515 932 1743 966; baseline 0 -8"><span class='ocrx_word' id='word_1_153' title='bbox 1515 933 1554 959; x_wconf 83' lang='lat' dir='ltr'><strong><em>lia</em></strong></span> <span class='ocrx_word' id='word_1_154' title='bbox 1574 932 1743 966; x_wconf 75' lang='lat' dir='ltr'>mulierum</span> 
     </span>
    </p>
   </div>
   <div class='ocr_carea' id='block_1_9' title="bbox 148 1477 1431 1682">
    <p class='ocr_par' dir='ltr' id='par_1_10' title="bbox 148 1477 1431 1682">
     <span class='ocr_line' id='line_1_27' title="bbox 149 1477 1431 1534; baseline 0.004 -14"><span class='ocrx_word' id='word_1_155' title='bbox 149 1477 448 1534; x_wconf 81' lang='grc' dir='ltr'><strong><em>Βαβυλώνιοι,</em></strong></span> <span class='ocrx_word' id='word_1_156' title='bbox 488 1483 571 1521; x_wconf 80' lang='grc' dir='ltr'><strong><em>τοῦ</em></strong></span> <span class='ocrx_word' id='word_1_157' title='bbox 601 1481 724 1522; x_wconf 82' lang='grc' dir='ltr'><strong><em>σίτου</em></strong></span> <span class='ocrx_word' id='word_1_158' title='bbox 756 1481 1075 1534; x_wconf 86' lang='grc' dir='ltr'><strong><em>προορέωντες·</em></strong></span> <span class='ocrx_word' id='word_1_159' title='bbox 1116 1479 1286 1533; x_wconf 78' lang='grc' dir='ltr'><strong><em>ἐπέταξε</em></strong></span> <span class='ocrx_word' id='word_1_160' title='bbox 1317 1486 1431 1525; x_wconf 85' lang='grc' dir='ltr'><strong><em>τοῖσι</em></strong></span> 
     </span>
     <span class='ocr_line' id='line_1_28' title="bbox 149 1550 1430 1607; baseline 0.003 -14"><span class='ocrx_word' id='word_1_161' title='bbox 149 1551 411 1604; x_wconf 84' lang='grc' dir='ltr'><strong><em>περιοίκοισι</em></strong></span> <span class='ocrx_word' id='word_1_162' title='bbox 451 1550 595 1593; x_wconf 72' lang='grc' dir='ltr'><strong><em>ἔθνεσι</em></strong></span> <span class='ocrx_word' id='word_1_163' title='bbox 631 1557 844 1606; x_wconf 81' lang='grc' dir='ltr'><strong><em>γυναῖκας</em></strong></span> <span class='ocrx_word' id='word_1_164' title='bbox 883 1552 926 1603; x_wconf 78' lang='grc' dir='ltr'><strong><em>ἐς</em></strong></span> <span class='ocrx_word' id='word_1_165' title='bbox 956 1553 1202 1607; x_wconf 75' lang='grc' dir='ltr'><strong><em>Βαβυλῶνα</em></strong></span> <span class='ocrx_word' id='word_1_166' title='bbox 1232 1552 1430 1596; x_wconf 80' lang='grc' dir='ltr'><strong><em>κατιστά-</em></strong></span> 
     </span>
     <span class='ocr_line' id='line_1_29' title="bbox 148 1621 1429 1682; baseline 0.005 -19"><span class='ocrx_word' id='word_1_167' title='bbox 148 1638 247 1672; x_wconf 84' lang='grc' dir='ltr'><strong><em>ναι,</em></strong></span> <span class='ocrx_word' id='word_1_168' title='bbox 281 1621 386 1673; x_wconf 83' lang='grc' dir='ltr'><strong><em>ὅσας</em></strong></span> <span class='ocrx_word' id='word_1_169' title='bbox 417 1621 469 1679; x_wconf 78' lang='grc' dir='ltr'><strong><em>δὴ</em></strong></span> <span class='ocrx_word' id='word_1_170' title='bbox 501 1621 721 1666; x_wconf 79' lang='grc' dir='ltr'><strong><em>ἑκάστοισι</em></strong></span> <span class='ocrx_word' id='word_1_171' title='bbox 755 1621 1022 1675; x_wconf 74' lang='grc' dir='ltr'><strong><em>ἐπιτάσσων,</em></strong></span> <span class='ocrx_word' id='word_1_172' title='bbox 1055 1622 1162 1667; x_wconf 75' lang='grc' dir='ltr'><strong><em>ὥστε</em></strong></span> <span class='ocrx_word' id='word_1_173' title='bbox 1194 1623 1319 1669; x_wconf 88' lang='grc' dir='ltr'><strong><em>πέντε</em></strong></span> <span class='ocrx_word' id='word_1_174' title='bbox 1349 1642 1429 1682; x_wconf 85' lang='grc' dir='ltr'><strong><em>μυ-</em></strong></span> 
     </span>
    </p>
   </div>
   <div class='ocr_carea' id='block_1_10' title="bbox 1526 693 1768 725">
    <p class='ocr_par' dir='ltr' id='par_1_11' title="bbox 1526 693 1768 725">
     <span class='ocr_line' id='line_1_30' title="bbox 1526 693 1768 725; baseline 0.021 -5"><span class='ocrx_word' id='word_1_175' title='bbox 1526 693 1637 721; x_wconf 75' lang='lat' dir='ltr'><strong><em>narius</em></strong></span> <span class='ocrx_word' id='word_1_176' title='bbox 1664 696 1768 725; x_wconf 86' lang='lat' dir='ltr'>urbem</span> 
     </span>
    </p>
   </div>
   <div class='ocr_carea' id='block_1_11' title="bbox 1488 863 1769 932">
    <p class='ocr_par' dir='ltr' id='par_1_12' title="bbox 1488 863 1769 932">
     <span class='ocr_line' id='line_1_31' title="bbox 1488 863 1769 896; baseline 0.007 -6"><span class='ocrx_word' id='word_1_177' title='bbox 1488 863 1618 896; x_wconf 78' lang='lat' dir='ltr'>imperat</span> <span class='ocrx_word' id='word_1_178' title='bbox 1660 866 1769 892; x_wconf 78' lang='lat' dir='ltr'>vicinis</span> 
     </span>
     <span class='ocr_line' id='line_1_32' title="bbox 1491 898 1769 932; baseline 0.007 -8"><span class='ocrx_word' id='word_1_179' title='bbox 1491 898 1630 932; x_wconf 55' lang='lat' dir='ltr'><strong><em>genuisti-²</em></strong></span> <span class='ocrx_word' id='word_1_180' title='bbox 1651 898 1769 926; x_wconf 79' lang='lat' dir='ltr'>L.1nil-</span> 
     </span>
    </p>
   </div>
   <div class='ocr_carea' id='block_1_12' title="bbox 1420 954 1769 1006">
    <p class='ocr_par' dir='ltr' id='par_1_13' title="bbox 1420 954 1769 1006">
     <span class='ocr_line' id='line_1_33' title="bbox 1420 954 1769 1006; baseline 0.003 -13"><span class='ocrx_word' id='word_1_181' title='bbox 1420 979 1432 993; x_wconf 73' lang='lat'><strong><em>&lt;-</em></strong></span> <span class='ocrx_word' id='word_1_182' title='bbox 1493 970 1564 1006; x_wconf 77' lang='lat' dir='ltr'>nupt</span> <span class='ocrx_word' id='word_1_183' title='bbox 1570 975 1639 994; x_wconf 77' lang='lat' dir='ltr'>uras</span> <span class='ocrx_word' id='word_1_184' title='bbox 1667 954 1769 1002; x_wconf 80' lang='lat' dir='ltr'>Baby-</span> 
     </span>
    </p>
   </div>
   <div class='ocr_carea' id='block_1_13' title="bbox 92 1774 761 2108">
    <p class='ocr_par' dir='ltr' id='par_1_14' title="bbox 92 1774 761 2108">
     <span class='ocr_line' id='line_1_34' title="bbox 95 1774 761 1814; baseline 0.002 -3"><span class='ocrx_word' id='word_1_185' title='bbox 95 1788 134 1812; x_wconf 83' lang='lat' dir='ltr'><strong><em>se</em></strong></span> <span class='ocrx_word' id='word_1_186' title='bbox 157 1776 301 1812; x_wconf 78' lang='lat' dir='ltr'>moenia</span> <span class='ocrx_word' id='word_1_187' title='bbox 320 1775 417 1812; x_wconf 76' lang='lat' dir='ltr'>idem</span> <span class='ocrx_word' id='word_1_188' title='bbox 440 1776 640 1814; x_wconf 72' lang='lat' dir='ltr'><strong>contendit.</strong></span> <span class='ocrx_word' id='word_1_189' title='bbox 680 1774 761 1813; x_wconf 86' lang='lat' dir='ltr'><strong><em>Nos</em></strong></span> 
     </span>
     <span class='ocr_line' id='line_1_35' title="bbox 98 1831 760 1882; baseline 0.005 -15"><span class='ocrx_word' id='word_1_190' title='bbox 98 1831 355 1868; x_wconf 74' lang='lat' dir='ltr'><em>Chaldaeorum</em></span> <span class='ocrx_word' id='word_1_191' title='bbox 377 1835 517 1882; x_wconf 76' lang='lat' dir='ltr'><em>portam</em></span> <span class='ocrx_word' id='word_1_192' title='bbox 543 1833 760 1870; x_wconf 84' lang='lat' dir='ltr'>collocamus</span> 
     </span>
     <span class='ocr_line' id='line_1_36' title="bbox 93 1889 760 1940; baseline 0.006 -16"><span class='ocrx_word' id='word_1_193' title='bbox 93 1889 130 1924; x_wconf 87' lang='lat' dir='ltr'><strong><em>in</em></strong></span> <span class='ocrx_word' id='word_1_194' title='bbox 155 1889 324 1926; x_wconf 68' lang='lat' dir='ltr'>orientali</span> <span class='ocrx_word' id='word_1_195' title='bbox 351 1890 450 1926; x_wconf 81' lang='lat' dir='ltr'>urbis</span> <span class='ocrx_word' id='word_1_196' title='bbox 473 1894 591 1939; x_wconf 70' lang='lat' dir='ltr'>parte,</span> <span class='ocrx_word' id='word_1_197' title='bbox 623 1891 760 1940; x_wconf 85' lang='lat' dir='ltr'>quippe</span> 
     </span>
     <span class='ocr_line' id='line_1_37' title="bbox 94 1945 758 1995; baseline 0.003 -14"><span class='ocrx_word' id='word_1_198' title='bbox 94 1945 130 1981; x_wconf 89' lang='lat' dir='ltr'><strong><em>in</em></strong></span> <span class='ocrx_word' id='word_1_199' title='bbox 159 1946 231 1994; x_wconf 59' lang='lat' dir='ltr'><strong><em>quii</em></strong></span> <span class='ocrx_word' id='word_1_200' title='bbox 254 1945 483 1995; x_wconf 80' lang='lat' dir='ltr'>potissimum</span> <span class='ocrx_word' id='word_1_201' title='bbox 507 1947 611 1983; x_wconf 80' lang='lat' dir='ltr'>huius</span> <span class='ocrx_word' id='word_1_202' title='bbox 638 1949 758 1995; x_wconf 77' lang='lat' dir='ltr'>gentis</span> 
     </span>
     <span class='ocr_line' id='line_1_38' title="bbox 94 2002 760 2051; baseline 0.003 -13"><span class='ocrx_word' id='word_1_203' title='bbox 94 2006 174 2039; x_wconf 83' lang='lat' dir='ltr'><strong>erat</strong></span> <span class='ocrx_word' id='word_1_204' title='bbox 205 2002 337 2048; x_wconf 78' lang='lat' dir='ltr'><strong>sedes,</strong></span> <span class='ocrx_word' id='word_1_205' title='bbox 378 2016 506 2051; x_wconf 86' lang='lat' dir='ltr'>regum</span> <span class='ocrx_word' id='word_1_206' title='bbox 539 2003 760 2040; x_wconf 71' lang='lat' dir='ltr'>Chaldaico-</span> 
     </span>
     <span class='ocr_line' id='line_1_39' title="bbox 92 2059 759 2108; baseline 0.006 -14"><span class='ocrx_word' id='word_1_207' title='bbox 92 2071 170 2095; x_wconf 82' lang='lat' dir='ltr'><strong><em>rum</em></strong></span> <span class='ocrx_word' id='word_1_208' title='bbox 190 2059 326 2108; x_wconf 73' lang='lat' dir='ltr'>palatio</span> <span class='ocrx_word' id='word_1_209' title='bbox 346 2066 485 2097; x_wconf 85' lang='lat' dir='ltr'><strong>ornata.</strong></span> <span class='ocrx_word' id='word_1_210' title='bbox 515 2061 573 2098; x_wconf 89' lang='lat' dir='ltr'><strong><em>Cf.</em></strong></span> <span class='ocrx_word' id='word_1_211' title='bbox 596 2061 759 2098; x_wconf 84' lang='lat' dir='ltr'><strong>Heeren.</strong></span> 
     </span>
    </p>
   </div>
   <div class='ocr_carea' id='block_1_14' title="bbox 93 2115 759 2848">
    <p class='ocr_par' dir='ltr' id='par_1_15' title="bbox 93 2115 563 2224">
     <span class='ocr_line' id='line_1_40' title="bbox 93 2115 482 2166; baseline 0.005 -14"><span class='ocrx_word' id='word_1_212' title='bbox 93 2115 206 2153; x_wconf 76' lang='lat' dir='ltr'>ldeen</span> <span class='ocrx_word' id='word_1_213' title='bbox 227 2115 255 2161; x_wconf 87' lang='grc' dir='ltr'><strong><em>Ι,</em></strong></span> <span class='ocrx_word' id='word_1_214' title='bbox 278 2120 305 2157; x_wconf 80' lang='lat'><strong>2</strong></span> <span class='ocrx_word' id='word_1_215' title='bbox 332 2129 368 2166; x_wconf 83' lang='lat' dir='ltr'><strong><em>p.</em></strong></span> <span class='ocrx_word' id='word_1_216' title='bbox 392 2118 482 2157; x_wconf 83' lang='lat'>181.</span> 
     </span>
     <span class='ocr_line' id='line_1_41' title="bbox 293 2173 563 2224; baseline 0.007 -16"><span class='ocrx_word' id='word_1_217' title='bbox 293 2173 400 2224; x_wconf 85' lang='lat' dir='ltr'><strong>Cap.</strong></span> <span class='ocrx_word' id='word_1_218' title='bbox 433 2173 563 2210; x_wconf 84' lang='lat' dir='ltr'>CL1X.</span> 
     </span>
    </p>

    <p class='ocr_par' dir='ltr' id='par_1_16' title="bbox 94 2225 759 2848">
     <span class='ocr_line' id='line_1_42' title="bbox 149 2225 759 2281; baseline 0.007 -15"><span class='ocrx_word' id='word_1_219' title='bbox 149 2225 194 2267; x_wconf 76' lang='grc' dir='ltr'><strong><em>τὸ</em></strong></span> <span class='ocrx_word' id='word_1_220' title='bbox 231 2232 357 2278; x_wconf 75' lang='grc' dir='ltr'><strong><em>τεῖχος</em></strong></span> <span class='ocrx_word' id='word_1_221' title='bbox 386 2233 570 2281; x_wconf 79' lang='grc' dir='ltr'><strong><em>περιεῖλε,</em></strong></span> <span class='ocrx_word' id='word_1_222' title='bbox 592 2229 660 2269; x_wconf 79' lang='grc' dir='ltr'><strong><em>καὶ</em></strong></span> <span class='ocrx_word' id='word_1_223' title='bbox 688 2228 759 2278; x_wconf 70' lang='grc' dir='ltr'><strong><em>τάς</em></strong></span> 
     </span>
     <span class='ocr_line' id='line_1_43' title="bbox 94 2281 756 2338; baseline 0.005 -15"><span class='ocrx_word' id='word_1_224' title='bbox 94 2281 222 2330; x_wconf 78' lang='grc' dir='ltr'><strong><em>πύλας</em></strong></span> <span class='ocrx_word' id='word_1_225' title='bbox 241 2282 372 2332; x_wconf 74' lang='grc' dir='ltr'><strong><em>πάσας</em></strong></span> <span class='ocrx_word' id='word_1_226' title='bbox 394 2282 668 2338; x_wconf 80' lang='grc' dir='ltr'><strong><em>α’πέσπασε]</em></strong></span> <span class='ocrx_word' id='word_1_227' title='bbox 690 2289 756 2326; x_wconf 83' lang='lat' dir='ltr'>i.e.</span> 
     </span>
     <span class='ocr_line' id='line_1_44' title="bbox 94 2343 759 2395; baseline 0.008 -18"><span class='ocrx_word' id='word_1_228' title='bbox 94 2344 229 2379; x_wconf 73' lang='lat' dir='ltr'><em>moenia</em></span> <span class='ocrx_word' id='word_1_229' title='bbox 260 2343 429 2389; x_wconf 66' lang='lat' dir='ltr'><strong><em>sustulit,</em></strong></span> <span class='ocrx_word' id='word_1_230' title='bbox 469 2344 581 2380; x_wconf 66' lang='lat' dir='ltr'><strong><em>diruit</em></strong></span> <span class='ocrx_word' id='word_1_231' title='bbox 614 2349 759 2395; x_wconf 73' lang='lat' dir='ltr'><em>portas-</em></span> 
     </span>
     <span class='ocr_line' id='line_1_45' title="bbox 97 2396 756 2447; baseline 0.009 -14"><span class='ocrx_word' id='word_1_232' title='bbox 97 2411 160 2447; x_wconf 78' lang='lat' dir='ltr'><strong><em>que</em></strong></span> <span class='ocrx_word' id='word_1_233' title='bbox 185 2400 331 2436; x_wconf 76' lang='lat' dir='ltr'><strong><em>avulsit.</em></strong></span> <span class='ocrx_word' id='word_1_234' title='bbox 393 2400 451 2437; x_wconf 83' lang='lat' dir='ltr'><strong><em>Ad</em></strong></span> <span class='ocrx_word' id='word_1_235' title='bbox 476 2396 680 2441; x_wconf 70' lang='grc' dir='ltr'><strong><em>ἀπέσπασε</em></strong></span> <span class='ocrx_word' id='word_1_236' title='bbox 708 2404 756 2440; x_wconf 86' lang='lat' dir='ltr'><strong><em>cf.</em></strong></span> 
     </span>
     <span class='ocr_line' id='line_1_46' title="bbox 97 2455 759 2507; baseline 0.009 -17"><span class='ocrx_word' id='word_1_237' title='bbox 97 2455 134 2501; x_wconf 91' lang='grc' dir='ltr'><strong><em>Ι,</em></strong></span> <span class='ocrx_word' id='word_1_238' title='bbox 164 2458 224 2495; x_wconf 89' lang='lat'><strong><em>17.</em></strong></span> <span class='ocrx_word' id='word_1_239' title='bbox 284 2457 396 2501; x_wconf 83' lang='lat' dir='ltr'><strong><em>Quod</em></strong></span> <span class='ocrx_word' id='word_1_240' title='bbox 425 2471 511 2494; x_wconf 84' lang='lat' dir='ltr'>vero</span> <span class='ocrx_word' id='word_1_241' title='bbox 548 2459 667 2507; x_wconf 82' lang='lat' dir='ltr'>Cyrus</span> <span class='ocrx_word' id='word_1_242' title='bbox 701 2459 759 2496; x_wconf 88' lang='lat' dir='ltr'><strong><em>hie</em></strong></span> 
     </span>
     <span class='ocr_line' id='line_1_47' title="bbox 96 2512 758 2564; baseline 0.011 -18"><span class='ocrx_word' id='word_1_243' title='bbox 96 2512 240 2548; x_wconf 76' lang='lat' dir='ltr'>moenia</span> <span class='ocrx_word' id='word_1_244' title='bbox 271 2512 408 2550; x_wconf 77' lang='lat' dir='ltr'>intacta</span> <span class='ocrx_word' id='word_1_245' title='bbox 443 2515 634 2564; x_wconf 82' lang='lat' dir='ltr'>reliquisse</span> <span class='ocrx_word' id='word_1_246' title='bbox 668 2516 758 2553; x_wconf 90' lang='lat' dir='ltr'>dici-</span> 
     </span>
     <span class='ocr_line' id='line_1_48' title="bbox 95 2568 757 2611; baseline 0.011 -8"><span class='ocrx_word' id='word_1_247' title='bbox 95 2572 179 2611; x_wconf 83' lang='lat' dir='ltr'>tur,</span> <span class='ocrx_word' id='word_1_248' title='bbox 209 2568 329 2606; x_wconf 85' lang='lat' dir='ltr'>obstat</span> <span class='ocrx_word' id='word_1_249' title='bbox 349 2570 524 2608; x_wconf 80' lang='lat' dir='ltr'><strong><em>disertum</em></strong></span> <span class='ocrx_word' id='word_1_250' title='bbox 548 2572 678 2609; x_wconf 80' lang='lat' dir='ltr'>Berosi</span> <span class='ocrx_word' id='word_1_251' title='bbox 700 2577 757 2611; x_wconf 81' lang='lat' dir='ltr'><strong><em>te—</em></strong></span> 
     </span>
     <span class='ocr_line' id='line_1_49' title="bbox 96 2624 757 2679; baseline 0.012 -21"><span class='ocrx_word' id='word_1_252' title='bbox 96 2624 303 2662; x_wconf 80' lang='lat' dir='ltr'>stimonium</span> <span class='ocrx_word' id='word_1_253' title='bbox 321 2638 380 2676; x_wconf 85' lang='lat' dir='ltr'><strong><em>ap.</em></strong></span> <span class='ocrx_word' id='word_1_254' title='bbox 404 2626 548 2678; x_wconf 85' lang='lat' dir='ltr'><strong>loseph.</strong></span> <span class='ocrx_word' id='word_1_255' title='bbox 570 2642 600 2666; x_wconf 94' lang='lat' dir='ltr'><strong><em>c.</em></strong></span> <span class='ocrx_word' id='word_1_256' title='bbox 623 2628 757 2679; x_wconf 88' lang='lat' dir='ltr'>Apion.</span> 
     </span>
     <span class='ocr_line' id='line_1_50' title="bbox 96 2680 759 2735; baseline 0.012 -20"><span class='ocrx_word' id='word_1_257' title='bbox 96 2680 126 2725; x_wconf 84' lang='lat'><strong><em>1,</em></strong></span> <span class='ocrx_word' id='word_1_258' title='bbox 149 2683 215 2725; x_wconf 77' lang='lat'><strong><em>20,</em></strong></span> <span class='ocrx_word' id='word_1_259' title='bbox 238 2681 267 2716; x_wconf 81' lang='lat' dir='ltr'><strong><em>si</em></strong></span> <span class='ocrx_word' id='word_1_260' title='bbox 288 2683 434 2729; x_wconf 85' lang='lat' dir='ltr'>quidem</span> <span class='ocrx_word' id='word_1_261' title='bbox 455 2685 560 2735; x_wconf 82' lang='grc' dir='ltr'><strong><em>τείχη</em></strong></span> <span class='ocrx_word' id='word_1_262' title='bbox 584 2685 653 2723; x_wconf 78' lang='lat' dir='ltr'>illic</span> <span class='ocrx_word' id='word_1_263' title='bbox 669 2698 759 2723; x_wconf 86' lang='lat' dir='ltr'><em>moe-</em></span> 
     </span>
     <span class='ocr_line' id='line_1_51' title="bbox 95 2736 756 2790; baseline 0.014 -19"><span class='ocrx_word' id='word_1_264' title='bbox 95 2738 160 2772; x_wconf 80' lang='lat' dir='ltr'><strong><em>m&#39;a</em></strong></span> <span class='ocrx_word' id='word_1_265' title='bbox 182 2736 297 2773; x_wconf 76' lang='lat' dir='ltr'>urbem</span> <span class='ocrx_word' id='word_1_266' title='bbox 313 2739 496 2786; x_wconf 71' lang='lat' dir='ltr'><em>cingentia</em></span> <span class='ocrx_word' id='word_1_267' title='bbox 513 2754 636 2790; x_wconf 77' lang='lat' dir='ltr'>neque</span> <span class='ocrx_word' id='word_1_268' title='bbox 656 2754 756 2780; x_wconf 81' lang='lat' dir='ltr'><strong>arces</strong></span> 
     </span>
     <span class='ocr_line' id='line_1_52' title="bbox 96 2794 758 2848; baseline 0.012 -19"><span class='ocrx_word' id='word_1_269' title='bbox 96 2796 198 2830; x_wconf 75' lang='lat' dir='ltr'>extra</span> <span class='ocrx_word' id='word_1_270' title='bbox 228 2794 354 2831; x_wconf 80' lang='lat' dir='ltr'>urbem</span> <span class='ocrx_word' id='word_1_271' title='bbox 379 2797 590 2836; x_wconf 80' lang='lat' dir='ltr'>munitiores</span> <span class='ocrx_word' id='word_1_272' title='bbox 615 2799 758 2848; x_wconf 85' lang='lat' dir='ltr'>signifi-</span> 
     </span>
    </p>
   </div>
   <div class='ocr_carea' id='block_1_15' title="bbox 815 1777 1488 2737">
    <p class='ocr_par' dir='ltr' id='par_1_17' title="bbox 816 1777 1488 2111">
     <span class='ocr_line' id='line_1_53' title="bbox 819 1777 1486 1826; baseline 0.006 -13"><span class='ocrx_word' id='word_1_273' title='bbox 819 1780 915 1813; x_wconf 81' lang='lat' dir='ltr'><strong>cant.</strong></span> <span class='ocrx_word' id='word_1_274' title='bbox 966 1780 1014 1814; x_wconf 80' lang='lat' dir='ltr'><strong><em>At</em></strong></span> <span class='ocrx_word' id='word_1_275' title='bbox 1038 1777 1123 1814; x_wconf 64' lang='lat' dir='ltr'><strong><em>mihi</em></strong></span> <span class='ocrx_word' id='word_1_276' title='bbox 1153 1790 1249 1826; x_wconf 80' lang='lat' dir='ltr'>quae</span> <span class='ocrx_word' id='word_1_277' title='bbox 1272 1779 1486 1817; x_wconf 76' lang='lat' dir='ltr'>Herodotus</span> 
     </span>
     <span class='ocr_line' id='line_1_54' title="bbox 819 1833 1488 1884; baseline 0.004 -14"><span class='ocrx_word' id='word_1_278' title='bbox 819 1833 965 1880; x_wconf 81' lang='lat' dir='ltr'>scribit,</span> <span class='ocrx_word' id='word_1_279' title='bbox 1006 1835 1258 1871; x_wconf 74' lang='lat' dir='ltr'>verisimiliora</span> <span class='ocrx_word' id='word_1_280' title='bbox 1303 1837 1488 1884; x_wconf 78' lang='lat' dir='ltr'><strong><em>videmur,</em></strong></span> 
     </span>
     <span class='ocr_line' id='line_1_55' title="bbox 817 1891 1485 1940; baseline 0.006 -14"><span class='ocrx_word' id='word_1_281' title='bbox 817 1891 1032 1940; x_wconf 79' lang='lat' dir='ltr'>praesertim</span> <span class='ocrx_word' id='word_1_282' title='bbox 1066 1892 1095 1928; x_wconf 87' lang='lat' dir='ltr'><strong><em>si</em></strong></span> <span class='ocrx_word' id='word_1_283' title='bbox 1123 1892 1210 1940; x_wconf 69' lang='lat' dir='ltr'>Cyri</span> <span class='ocrx_word' id='word_1_284' title='bbox 1240 1891 1336 1929; x_wconf 84' lang='lat' dir='ltr'>iliam</span> <span class='ocrx_word' id='word_1_285' title='bbox 1368 1893 1485 1930; x_wconf 81' lang='lat' dir='ltr'><strong><em>ubivis</em></strong></span> 
     </span>
     <span class='ocr_line' id='line_1_56' title="bbox 817 1948 1485 1987; baseline 0.004 -4"><span class='ocrx_word' id='word_1_286' title='bbox 817 1948 854 1983; x_wconf 90' lang='lat' dir='ltr'><strong><em>in</em></strong></span> <span class='ocrx_word' id='word_1_287' title='bbox 865 1948 979 1984; x_wconf 80' lang='lat' dir='ltr'>victos</span> <span class='ocrx_word' id='word_1_288' title='bbox 999 1952 1238 1986; x_wconf 77' lang='lat' dir='ltr'><strong>monstratam</strong></span> <span class='ocrx_word' id='word_1_289' title='bbox 1257 1949 1485 1987; x_wconf 76' lang='lat' dir='ltr'>clementiam</span> 
     </span>
     <span class='ocr_line' id='line_1_57' title="bbox 816 2005 1486 2054; baseline 0.004 -14"><span class='ocrx_word' id='word_1_290' title='bbox 816 2005 1041 2054; x_wconf 81' lang='lat' dir='ltr'>respicimuS,</span> <span class='ocrx_word' id='word_1_291' title='bbox 1073 2005 1117 2041; x_wconf 90' lang='lat' dir='ltr'><strong><em>cf.</em></strong></span> <span class='ocrx_word' id='word_1_292' title='bbox 1142 2005 1280 2045; x_wconf 85' lang='lat' dir='ltr'>Gesen.</span> <span class='ocrx_word' id='word_1_293' title='bbox 1305 2007 1354 2043; x_wconf 84' lang='lat' dir='ltr'><strong><em>ad</em></strong></span> <span class='ocrx_word' id='word_1_294' title='bbox 1377 2007 1486 2044; x_wconf 82' lang='lat' dir='ltr'>lesai.</span> 
     </span>
     <span class='ocr_line' id='line_1_58' title="bbox 817 2059 1078 2111; baseline 0.004 -15"><span class='ocrx_word' id='word_1_295' title='bbox 817 2060 902 2097; x_wconf 86' lang='lat' dir='ltr'>Xlil</span> <span class='ocrx_word' id='word_1_296' title='bbox 925 2075 961 2111; x_wconf 83' lang='lat' dir='ltr'><strong><em>p.</em></strong></span> <span class='ocrx_word' id='word_1_297' title='bbox 985 2059 1078 2102; x_wconf 81' lang='grc'><strong><em>468.</em></strong></span> 
     </span>
    </p>

    <p class='ocr_par' dir='ltr' id='par_1_18' title="bbox 815 2116 1488 2500">
     <span class='ocr_line' id='line_1_59' title="bbox 875 2116 1477 2171; baseline 0.003 -15"><span class='ocrx_word' id='word_1_298' title='bbox 875 2117 943 2156; x_wconf 74' lang='grc' dir='ltr'><strong><em>ἵνα</em></strong></span> <span class='ocrx_word' id='word_1_299' title='bbox 974 2129 1047 2166; x_wconf 86' lang='grc' dir='ltr'><strong><em>σφι</em></strong></span> <span class='ocrx_word' id='word_1_300' title='bbox 1078 2116 1193 2168; x_wconf 75' lang='grc' dir='ltr'><strong><em>γένεα</em></strong></span> <span class='ocrx_word' id='word_1_301' title='bbox 1219 2116 1477 2171; x_wconf 66' lang='grc' dir='ltr'><strong><em>ὑπογίνηται]</em></strong></span> 
     </span>
     <span class='ocr_line' id='line_1_60' title="bbox 818 2174 1485 2227; baseline 0.004 -17"><span class='ocrx_word' id='word_1_302' title='bbox 818 2174 840 2210; x_wconf 90' lang='lat' dir='ltr'><strong><em>i.</em></strong></span> <span class='ocrx_word' id='word_1_303' title='bbox 860 2188 891 2212; x_wconf 86' lang='lat' dir='ltr'><strong><em>e.</em></strong></span> <span class='ocrx_word' id='word_1_304' title='bbox 914 2179 955 2211; x_wconf 80' lang='lat' dir='ltr'><strong><em>ut</em></strong></span> <span class='ocrx_word' id='word_1_305' title='bbox 984 2176 1112 2211; x_wconf 77' lang='lat' dir='ltr'><em>soboles</em></span> <span class='ocrx_word' id='word_1_306' title='bbox 1133 2178 1221 2226; x_wconf 75' lang='lat' dir='ltr'><em>ipsis</em></span> <span class='ocrx_word' id='word_1_307' title='bbox 1240 2177 1328 2227; x_wconf 82' lang='lat' dir='ltr'><em>fiat,</em></span> <span class='ocrx_word' id='word_1_308' title='bbox 1360 2178 1485 2213; x_wconf 78' lang='lat' dir='ltr'><strong><em>subve-</em></strong></span> 
     </span>
     <span class='ocr_line' id='line_1_61' title="bbox 816 2228 1485 2273; baseline 0.006 -6"><span class='ocrx_word' id='word_1_309' title='bbox 816 2233 905 2268; x_wconf 79' lang='lat' dir='ltr'><em>m&#39;al.</em></span> <span class='ocrx_word' id='word_1_310' title='bbox 965 2230 1025 2268; x_wconf 80' lang='lat' dir='ltr'><strong><em>Ad</em></strong></span> <span class='ocrx_word' id='word_1_311' title='bbox 1046 2246 1169 2270; x_wconf 79' lang='lat' dir='ltr'><strong>vocem</strong></span> <span class='ocrx_word' id='word_1_312' title='bbox 1197 2228 1485 2273; x_wconf 63' lang='grc' dir='ltr'><strong><em>ἀνεσκολόπισε</em></strong></span> 
     </span>
     <span class='ocr_line' id='line_1_62' title="bbox 817 2287 1488 2338; baseline 0.007 -13"><span class='ocrx_word' id='word_1_313' title='bbox 817 2290 911 2326; x_wconf 75' lang='lat' dir='ltr'><strong>conf.</strong></span> <span class='ocrx_word' id='word_1_314' title='bbox 937 2288 999 2335; x_wconf 88' lang='grc' dir='ltr'><strong><em>ΙΙΙ,</em></strong></span> <span class='ocrx_word' id='word_1_315' title='bbox 1026 2291 1103 2330; x_wconf 78' lang='lat'><strong><em>132</em></strong></span> <span class='ocrx_word' id='word_1_316' title='bbox 1132 2294 1169 2327; x_wconf 85' lang='lat' dir='ltr'><strong><em>et</em></strong></span> <span class='ocrx_word' id='word_1_317' title='bbox 1199 2291 1247 2327; x_wconf 86' lang='lat' dir='ltr'><strong><em>ad</em></strong></span> <span class='ocrx_word' id='word_1_318' title='bbox 1275 2292 1387 2328; x_wconf 86' lang='lat' dir='ltr'>verba</span> <span class='ocrx_word' id='word_1_319' title='bbox 1415 2287 1488 2338; x_wconf 75' lang='grc' dir='ltr'><strong><em>τὰς</em></strong></span> 
     </span>
     <span class='ocr_line' id='line_1_63' title="bbox 815 2342 1485 2396; baseline 0.004 -14"><span class='ocrx_word' id='word_1_320' title='bbox 815 2342 889 2396; x_wconf 75' lang='grc' dir='ltr'><strong><em>γάρ</em></strong></span> <span class='ocrx_word' id='word_1_321' title='bbox 923 2344 1085 2384; x_wconf 72' lang='grc' dir='ltr'><strong><em>ἑωυτῶν</em></strong></span> <span class='ocrx_word' id='word_1_322' title='bbox 1113 2361 1148 2384; x_wconf 81' lang='grc' dir='ltr'><strong><em>κ.</em></strong></span> <span class='ocrx_word' id='word_1_323' title='bbox 1175 2362 1207 2384; x_wconf 92' lang='grc' dir='ltr'><strong><em>τ.</em></strong></span> <span class='ocrx_word' id='word_1_324' title='bbox 1239 2349 1273 2385; x_wconf 89' lang='grc' dir='ltr'><strong><em>λ.</em></strong></span> <span class='ocrx_word' id='word_1_325' title='bbox 1301 2349 1348 2385; x_wconf 91' lang='lat' dir='ltr'><strong><em>ob</em></strong></span> <span class='ocrx_word' id='word_1_326' title='bbox 1379 2361 1485 2385; x_wconf 85' lang='lat' dir='ltr'>usum</span> 
     </span>
     <span class='ocr_line' id='line_1_64' title="bbox 815 2400 1484 2456; baseline 0.006 -18"><span class='ocrx_word' id='word_1_327' title='bbox 815 2402 1015 2451; x_wconf 80' lang='lat' dir='ltr'>particulae</span> <span class='ocrx_word' id='word_1_328' title='bbox 1038 2400 1113 2456; x_wconf 77' lang='grc' dir='ltr'><strong><em>γάρ</em></strong></span> <span class='ocrx_word' id='word_1_329' title='bbox 1139 2417 1248 2454; x_wconf 85' lang='lat' dir='ltr'>supra</span> <span class='ocrx_word' id='word_1_330' title='bbox 1270 2409 1362 2442; x_wconf 87' lang='lat' dir='ltr'><strong>nott.</strong></span> <span class='ocrx_word' id='word_1_331' title='bbox 1384 2406 1432 2442; x_wconf 82' lang='lat' dir='ltr'><strong><em>ad</em></strong></span> <span class='ocrx_word' id='word_1_332' title='bbox 1454 2405 1484 2451; x_wconf 90' lang='grc' dir='ltr'><strong><em>Ι,</em></strong></span> 
     </span>
     <span class='ocr_line' id='line_1_65' title="bbox 815 2458 938 2500; baseline -0.033 0"><span class='ocrx_word' id='word_1_333' title='bbox 815 2462 852 2500; x_wconf 91' lang='grc'><strong><em>8.</em></strong></span> <span class='ocrx_word' id='word_1_334' title='bbox 873 2458 938 2499; x_wconf 83' lang='lat'><strong><em>24.</em></strong></span> 
     </span>
    </p>

    <p class='ocr_par' dir='ltr' id='par_1_19' title="bbox 815 2510 1482 2737">
     <span class='ocr_line' id='line_1_66' title="bbox 872 2510 1482 2567; baseline 0.002 -13"><span class='ocrx_word' id='word_1_335' title='bbox 872 2514 926 2562; x_wconf 76' lang='grc' dir='ltr'><strong><em>ὥς</em></strong></span> <span class='ocrx_word' id='word_1_336' title='bbox 949 2514 1015 2555; x_wconf 84' lang='grc' dir='ltr'><strong><em>καὶ</em></strong></span> <span class='ocrx_word' id='word_1_337' title='bbox 1043 2510 1131 2554; x_wconf 82' lang='grc' dir='ltr'><strong><em>κατ’</em></strong></span> <span class='ocrx_word' id='word_1_338' title='bbox 1159 2511 1282 2567; x_wconf 74' lang='grc' dir='ltr'><strong><em>άρχάς</em></strong></span> <span class='ocrx_word' id='word_1_339' title='bbox 1307 2512 1482 2566; x_wconf 84' lang='grc' dir='ltr'><strong><em>δεδήλω-</em></strong></span> 
     </span>
     <span class='ocr_line' id='line_1_67' title="bbox 816 2571 1482 2623; baseline -0.002 -13"><span class='ocrx_word' id='word_1_340' title='bbox 816 2571 895 2623; x_wconf 88' lang='grc' dir='ltr'><strong><em>ται]</em></strong></span> <span class='ocrx_word' id='word_1_341' title='bbox 928 2574 986 2610; x_wconf 90' lang='lat' dir='ltr'><strong><em>Cs.</em></strong></span> <span class='ocrx_word' id='word_1_342' title='bbox 1011 2573 1072 2618; x_wconf 91' lang='grc' dir='ltr'><strong><em>ΙΙΙ,</em></strong></span> <span class='ocrx_word' id='word_1_343' title='bbox 1098 2572 1188 2615; x_wconf 88' lang='lat'>150.</span> <span class='ocrx_word' id='word_1_344' title='bbox 1210 2595 1261 2600; x_wconf 92' lang='lat'>—</span> <span class='ocrx_word' id='word_1_345' title='bbox 1285 2573 1343 2611; x_wconf 86' lang='lat' dir='ltr'><strong><em>Ad</em></strong></span> <span class='ocrx_word' id='word_1_346' title='bbox 1371 2574 1482 2611; x_wconf 70' lang='lat' dir='ltr'>verba</span> 
     </span>
     <span class='ocr_line' id='line_1_68' title="bbox 818 2625 1480 2679; baseline -0.005 -11"><span class='ocrx_word' id='word_1_347' title='bbox 818 2625 917 2675; x_wconf 84' lang='grc' dir='ltr'><strong><em>όσας</em></strong></span> <span class='ocrx_word' id='word_1_348' title='bbox 955 2626 1005 2679; x_wconf 75' lang='grc' dir='ltr'><strong><em>δη</em></strong></span> <span class='ocrx_word' id='word_1_349' title='bbox 1050 2626 1180 2669; x_wconf 81' lang='grc' dir='ltr'><strong><em>ἓκάστ.</em></strong></span> <span class='ocrx_word' id='word_1_350' title='bbox 1227 2629 1322 2669; x_wconf 84' lang='grc' dir='ltr'><strong><em>ε’πιτ.</em></strong></span> <span class='ocrx_word' id='word_1_351' title='bbox 1384 2630 1480 2667; x_wconf 89' lang='lat' dir='ltr'>conf.</span> 
     </span>
     <span class='ocr_line' id='line_1_69' title="bbox 815 2685 1289 2737; baseline 0.009 -14"><span class='ocrx_word' id='word_1_352' title='bbox 815 2685 948 2724; x_wconf 78' lang='lat' dir='ltr'><strong>Matth.</strong></span> <span class='ocrx_word' id='word_1_353' title='bbox 969 2687 1034 2723; x_wconf 91' lang='lat' dir='ltr'><strong><em>Gr.</em></strong></span> <span class='ocrx_word' id='word_1_354' title='bbox 1055 2688 1120 2727; x_wconf 89' lang='lat' dir='ltr'><strong><em>Gr.</em></strong></span> <span class='ocrx_word' id='word_1_355' title='bbox 1138 2701 1173 2737; x_wconf 87' lang='lat' dir='ltr'>p</span> <span class='ocrx_word' id='word_1_356' title='bbox 1195 2689 1289 2726; x_wconf 83' lang='lat'><strong><em>909</em></strong></span> 
     </span>
    </p>
   </div>
   <div class='ocr_carea' id='block_1_16' title="bbox 817 2737 1480 2851">
    <p class='ocr_par' dir='ltr' id='par_1_20' title="bbox 817 2737 1480 2851">
     <span class='ocr_line' id='line_1_70' title="bbox 874 2737 1480 2794; baseline -0.005 -13"><span class='ocrx_word' id='word_1_357' title='bbox 874 2738 971 2781; x_wconf 75' lang='grc' dir='ltr'><strong><em>ὥστε</em></strong></span> <span class='ocrx_word' id='word_1_358' title='bbox 991 2741 1106 2781; x_wconf 86' lang='grc' dir='ltr'><strong><em>πέντε</em></strong></span> <span class='ocrx_word' id='word_1_359' title='bbox 1126 2739 1334 2794; x_wconf 77' lang='grc' dir='ltr'><strong><em>μυριάδων</em></strong></span> <span class='ocrx_word' id='word_1_360' title='bbox 1352 2737 1396 2779; x_wconf 75' lang='grc' dir='ltr'><strong><em>τό</em></strong></span> <span class='ocrx_word' id='word_1_361' title='bbox 1418 2754 1480 2779; x_wconf 85' lang='grc' dir='ltr'><strong><em>κε-</em></strong></span> 
     </span>
     <span class='ocr_line' id='line_1_71' title="bbox 817 2796 1479 2851; baseline -0.009 -12"><span class='ocrx_word' id='word_1_362' title='bbox 817 2798 1049 2851; x_wconf 84' lang='grc' dir='ltr'><strong><em>φαλαίωμα]</em></strong></span> <span class='ocrx_word' id='word_1_363' title='bbox 1080 2796 1122 2839; x_wconf 78' lang='grc' dir='ltr'><strong><em>τὸ</em></strong></span> <span class='ocrx_word' id='word_1_364' title='bbox 1139 2798 1400 2849; x_wconf 86' lang='grc' dir='ltr'><strong><em>κεφαλαίωμα</em></strong></span> <span class='ocrx_word' id='word_1_365' title='bbox 1421 2797 1479 2834; x_wconf 85' lang='lat' dir='ltr'>in·-</span> 
     </span>
    </p>
   </div>
  </div>
 </body>
</html>
