1863 3256
407 181 493 221 248

378 286 538 332 3τάδε·

809 180 1278 222 HERODOTI

607 287 817 344 »Ἄνδρες
854 294 1178 348 Κροτωνιῆται,
1228 289 1359 346 ὁρᾶτε
1398 290 1450 334 τὰ
1489 291 1676 336 ποιέετε·

378 357 554 413 4ὂὶνδρα
582 360 782 413 βασιλέος
803 360 1018 418 δρηπέτην
1043 361 1279 418 γενόμενον
1300 361 1554 416 ἐξαιρέεσθε.
1592 366 1680 414 κῶς

408 434 548 474 ταῦτα
577 431 745 488 βασιλέϊ
771 434 944 487 Δαρείῳ
975 432 1168 489 ἐκχρήσει
1199 435 1537 489 περιὺ”βρίσθαι,·
1591 436 1737 484 κῶς7ο

409 502 456 545 δὲ
497 500 605 557 ὑμῖν
651 502 703 545 τά
744 501 983 558 ποιεύμενα
1021 503 1101 554 ἕξει
1147 508 1310 554 καλῶς,

1367 502 1422 559 ἢν
1464 501 1681 560 ἀπέλησθε

407 570 567 627 ἡμέας;
614 572 682 615 ἐπὶ
711 574 808 615 τίνα
847 573 892 616 δὲ
921 574 1049 628 τῆσδε
1079 573 1295 629 προτέρην
1324 573 1681 630 στρατευσόμεθα

408 641 537 686 πόλιν
556 660 567 692 ;

614 643 712 685 τίνα
753 642 799 686 δὲ
835 643 1054 699 προτέρην
1090 643 1486 699 ἀνδραποδίζεσθαι
1532 661 1681 701 πειρη-

380 712 635 769 Ξσόμεθα,·“
699 715 846 756 Ταῦτα
874 713 1088 770 λέγοντες,
1125 715 1228 767 τούς
1256 715 1565 772 Κροτωνιήτας
1598 714 1682 760 οὐκ

411 780 473 827 ὧν
513 782 709 826 ἔπειθον·

767 782 863 828 ἀλλ’
905 784 1195 840 ἐξαιρεθέντες
1223 802 1267 830 τε
1297 786 1376 830 τὸν
1405 786 1681 843 Δημοκήδεα,
1693 794 1739 829 75

408 855 482 898 καὶ
512 854 592 898 τόν
621 853 787 909 γαυλόν
815 855 893 897 τὸν
922 854 1012 910 ἅμα
1040 857 1201 912 ἤγοντο
1232 855 1551 912 ἀπαιρεθέντες,
1583 857 1681 900 ἁπέ-

408 929 543 968 πλεον
572 923 711 968 ὀπίσω
741 924 783 976 ἐς
817 926 896 981 τὴν
933 924 1099 982 Ἀσίην,
1143 924 1242 971 οὐδ’
1286 928 1347 970 ἐτι
1385 927 1592 983 ἐζήτησαν
1629 927 1679 971 τὸ

407 996 673 1051 προσωτέρω
703 999 779 1051 τῆς
804 994 1010 1048 Ἑλλάδος
1040 996 1297 1053 ἀπικόμενοι
1317 998 1543 1053 ἐκμαθεῖν,
1572 997 1682 1041 ἐστε-

379 1066 594 1123 6ρημένοι
622 1069 704 1110 τοῦ
739 1065 962 1123 ἡγεμόνος.

1029 1068 1219 1112 Τοσόνδε
1257 1067 1406 1123 μέντοι
1443 1067 1681 1112 ἐνετείλατό
1720 1072 1723 1073 ’

407 1149 488 1193 σφι
516 1138 784 1194 Δημοκήδης
821 1138 1153 1195 ἀναγομένοισι,
1193 1138 1385 1182 κελεύων
1422 1140 1558 1183 εἰπεῖν
1585 1146 1738 1184 Aac-80

410 1209 511 1268 ρείῳ
543 1208 698 1265 σφέας,
746 1208 813 1252 ὅτι
851 1209 1067 1266 ἅρμοσται
1104 1208 1182 1266 τὴν
1212 1211 1424 1261 Μίλωνος
1459 1210 1681 1268 θυγατέρα

351 1409 390 1447 p.
412 1396 495 1439 522
515 1396 582 1442 C.,
612 1396 673 1433 ubi
696 1408 812 1446 pauca
835 1397 949 1434 ferme
968 1397 1015 1434 de

350 1452 473 1490 Persis
494 1457 532 1490 et
550 1452 775 1499 Democede‚
796 1465 1013 1503 quamquam

351 1509 424 1546 alio
446 1521 490 1546 ex
517 1509 640 1556 fonte,
670 1509 791 1546 attulit
812 1509 933 1547 XVess.
962 1533 1013 1538 -

350 1564 414 1603 Ad
432 1578 560 1603 vocem
586 1563 900 1616 προισχομένους
918 1566 1015 1605 conf.

350 1626 445 1659 nott.
465 1622 564 1668 adl,
591 1621 683 1662 141.
709 1644 759 1649 ——
788 1622 828 1659 ln
845 1635 925 1671 sqq.
949 1634 1016 1672 pro

350 1673 573 1743 γενόμενον
595 1678 763 1727 Schwgh.
783 1678 945 1716 malebat
961 1693 1018 1730 γι-

350 1729 539 1786 νόμενον.
571 1734 620 1771 At
638 1735 726 1772 mihi
745 1736 891 1784 vulgata
908 1747 1017 1786 prae-

351 1795 448 1829 stare
471 1791 627 1828 videtur.

406 1849 489 1894 κῶς
519 1849 644 1886 ταῦτα
665 1867 720 1874 -
742 1842 924 1898 ἐκχρήσει
951 1861 1018 1886 πε-

355 1901 621 1955 ριϋβρίσθαι]
673 1904 740 1942 καὶ
781 1918 802 1941 e
837 1904 1020 1941 Sanerofti

352 1965 389 1999 et
413 1961 571 1998 Vindob.
594 1959 687 1997 libro
706 1964 792 1998 ante
812 1961 891 2005 κῶς
920 1962 1019 1997 inse-

351 2018 424 2055 ruit
464 2017 597 2063 Gaisf.‚
631 2029 742 2065 quem
778 2021 922 2054 secutus
963 2022 1019 2053 est

351 2073 543 2111 Matthiae.
584 2072 675 2110 Mihi
696 2071 763 2111 καὶ
788 2073 833 2110 ab
853 2072 922 2110 alia
943 2086 1021 2109 ma-

351 2143 401 2167 nu
421 2130 589 2167 additum
620 2129 773 2167 videtur.
832 2129 909 2166 Sed
934 2142 1017 2166 mox

351 2199 433 2224 cum
457 2186 574 2222 Gaisf.
600 2186 726 2236 scripsi
753 2184 908 2237 βασιλέϊ
929 2186 1015 2235 (pro

352 2243 535 2293 βασιλῆϊ)
556 2246 598 2279 ut
617 2242 653 2279 in
679 2242 749 2280 fine
768 2255 848 2292 cap.
873 2248 909 2279 et
926 2254 1017 2292 pau-

352 2299 388 2335 lo
406 2302 511 2336 aute:
534 2296 715 2349 βασιλέος
726 2312 792 2349 pro
811 2299 1014 2349 βασιλῆος.

351 2355 465 2399 Quod
492 2355 602 2391 semel
629 2354 686 2391 hic
708 2356 886 2392 indicasse
915 2355 1017 2391 suffi-

351 2411 412 2448 cit.
471 2411 608 2447 Sensus
639 2411 707 2447 loci
738 2415 812 2448 est:
844 2412 919 2453 Qui
940 2411 1016 2448 Da-

350 2469 403 2503 rio
432 2468 512 2514 regi
541 2466 702 2516 sufficere
727 2470 866 2517 potuit,
896 2480 924 2503 s.
957 2467 1018 2516 qui

349 2525 482 2573 poterit
514 2536 625 2572 aequo
646 2522 744 2571 serre
780 2526 917 2569 animo,
948 2523 1018 2559 tali

352 2579 563 2616 contumelia
588 2579 717 2629 affici?
746 2580 803 2616 Cf.
831 2580 927 2625 vui,
950 2581 1014 2618 70.

352 2636 442 2673 Mox
468 2649 547 2673 cum
576 2641 725 2673 recentt.
758 2637 843 2673 edd.
870 2635 1015 2673 exhibui

353 2687 556 2742 ἀπέλησθε
579 2705 644 2742 pro
674 2705 731 2737 eo,
763 2693 861 2741 quod
882 2692 967 2728 inde
994 2704 1015 2728 e

353 2748 506 2786 Wessel.
535 2749 694 2786 editione
721 2750 910 2797 vulgatum
936 2751 1016 2785 erat

353 2800 563 2844 οἷπέλεσθε.
594 2805 804 2853 Schweigh.
834 2799 957 2843 αὐτόν
986 2816 1015 2840 ε.

1070 1398 1213 1436 τοῦτον
1236 1397 1502 1445 (Demoeedem
1518 1397 1587 1442 sc.)
1609 1397 1736 1433 subin-

1071 1453 1186 1503 telligi
1208 1453 1296 1501 vult,
1326 1458 1366 1491 ut
1388 1454 1478 1492 haec
1497 1454 1583 1490 inde
1603 1454 1738 1490 evadat

1072 1510 1273 1547 sententia:
1305 1512 1338 1547 si
1360 1511 1460 1547 nobis
1479 1510 1579 1546 illum
1599 1509 1737 1546 ademe-

1071 1568 1166 1613 ritis,
1195 1568 1229 1603 si
1251 1579 1314 1603 nos
1338 1567 1400 1603 illo
1416 1567 1653 1616 privaveritis.
1683 1585 1735 1593 —-

1072 1622 1114 1659 In
1145 1635 1249 1672 seqq.
1282 1624 1330 1660 ad
1361 1628 1578 1661 structuram
1608 1634 1737 1659 vocum

1074 1677 1342 1730 ἐξαιρεθέντες
1382 1683 1419 1716 et
1453 1675 1738 1730 ἅπαιρεθέντες

1074 1737 1170 1801 conpf.
1197 1735 1333 1773 Matth.
1358 1736 1425 1772 Gr.
1448 1737 1513 1773 Gr.
1534 1747 1620 1786 pag.
1642 1736 1738 1776 780.

1115 1787 1329 1857 ἅρμοσται
1348 1807 1422 1843 την
1436 1790 1644 1842 Μίλωνος]
1669 1805 1738 1842 αρ-

1076 1843 1207 1899 μόζειν
1228 1844 1318 1887 τινά
1340 1863 1418 1886 τινι
1441 1853 1499 1886 est
1529 1848 1738 1898 desponsare

1074 1905 1251 1942 mulierem
1280 1905 1349 1941 alii
1335 1907 1414 1952 cui,
1454 1909 1493 1941 ut
1524 1905 1600 1950 IX,
1643 1905 1736 1945 108.

1074 1962 1165 1999 Inde
1196 1957 1382 2012 ἁρμόζειν
1411 1957 1561 2012 γάμον,
1589 1962 1738 2010 nuptias

1076 2018 1288 2055 contrahere.
1317 2018 1366 2055 At
1386 2012 1630 2068 ἁρμόζεσθαί
1649 2031 1739 2055 τινα

1073 2079 1130 2111 est
1160 2075 1229 2111 sibi
1251 2074 1409 2124 puellam
1439 2075 1672 2124 desponsare,
1706 2086 1735 2110 s.

1073 2143 1216 2167 uxorem
1237 2132 1374 2177 ducere,
1389 2136 1429 2168 ut
1441 2132 1486 2177 V,
1505 2131 1571 2170 32.
1589 2130 1653 2171 47.
1673 2129 1736 2175 w,

1074 2188 1139 2228 65.
1172 2187 1281 2224 Plura
1310 2188 1413 2224 dabit
1440 2199 1461 2223 a
1489 2186 1545 2224 Cr.
1576 2187 1623 2222 ad
1651 2185 1685 2222 h.
1712 2185 1734 2222 l.

1073 2244 1247 2280 excitatus
1277 2244 1314 2279 U
1327 2243 1534 2293 yttenbach.
1564 2242 1611 2278 ad
1639 2241 1733 2278 Plut.

1072 2299 1268 2337 Morall.11
1293 2313 1327 2350 p.
1350 2301 1443 2340 879.
1490 2298 1736 2343 (‚Phi10stra-

1072 2361 1129 2392 tus
1151 2357 1222 2392 vit.
1245 2356 1406 2405 Sophist.
1429 2356 1464 2391 in
1494 2355 1735 2418 Herchrate

1072 2412 1122 2448 lv
1144 2425 1231 2462 pag.
1253 2414 1333 2451 610
1363 2411 1506 2448 ΟΙΕΒΜ
1528 2431 1582 2436 -
1612 2404 1736 2448 α’σπα-

1074 2466 1238 2516 ζομὲνου
1258 2481 1297 2505 τε
1311 2462 1483 2516 αρμόσαι
1502 2465 1542 2504 οἱ
1560 2462 1632 2513 τήν
1647 2464 1736 2504 ἔαυ-

1073 2526 1146 2561 τοῦ
1174 2522 1384 2573 θυγατέρα.
1445 2524 1515 2559 Pro
1543 2535 1587 2559 eo
1610 2528 1735 2572 poste-

1073 2581 1187 2616 riores
1210 2585 1385 2629 usurpant
1413 2574 1611 2628 όρμάζειν.
1651 2579 1734 2616 Vid.

1072 2635 1232 2684 Hesych.
1272 2636 1302 2672 ll
1345 2649 1430 2686 pag.
1472 2637 1549 2675 106
1595 2635 1734 2672 Alberti

1073 2696 1110 2728 et
1159 2692 1253 2728 conf.
1304 2692 1460 2729 casaub.
1508 2696 1544 2729 et
1580 2691 1732 2728 Salmas.

1073 2748 1120 2783 ad
1140 2748 1202 2784 lul.
1224 2749 1423 2798 Capitolin.
1445 2748 1491 2784 Τ.
1512 2748 1543 2784 ll
1562 2761 1597 2798 p.
1619 2750 1673 2788 62
1698 2752 1736 2784 et

1071 2803 1176 2841 Bielii
1189 2803 1304 2842 Thes.
1317 2805 1358 2842 V.
1372 2805 1417 2842 T.
1431 2805 1459 2842 ll
1480 2817 1516 2855 p.
1531 2806 1624 2846 88.“
1647 2802 1733 2852 Cr.)
