1863 3256
401 217 486 258 518
825 214 1295 256 HERODOTI

243 327 342 372 141
401 336 537 382 σφεας
575 327 618 370 οἱ
642 326 789 377 Ἴωνες
825 326 927 369 ἔωσι
965 322 1309 374 ἀπολελοιπότες.
1359 318 1445 367 ἾΙν
1485 324 1530 368 δὲ
1567 326 1720 379 περὶ55

91 392 335 453 ῼξξῖἳξξὲζιξζξξῖ
405 401 596 452 Δαρεῖον
625 396 738 453 ἀνὴρ
761 395 1022 450 Αἰγύπτιος,
1052 393 1236 448 φωνέων
1264 393 1466 448 μέγιστον
1496 394 1668 450 ἀνθρώ-

74 468 155 521 ῗιῖἶῗεῗ
180 459 352 519 aetiiii‘m‘ffi]
406 483 522 512 πων·
584 472 742 511 τοῦτον
788 465 841 521 δή
878 464 955 508 τόν
995 463 1137 520 ἄνδρα
1174 464 1446 508 καταστάντα
1484 466 1553 509 ἐπὶ
1587 470 1670 509 τοῦ

75 527 333 595 12ii}?2¹,¹⁸¹'⁰¹¹¹⁸¹¹¹
405 541 562 595 χείλεος
585 537 861 592 τοῦἼστρου,
891 536 1056 579 ἐκέλευε
1077 539 1263 592 Δαρεῖος
1283 536 1452 579 καλέειν
1467 535 1670 581 Ἱστιαῖον

375 613 641 665 ΩΜιλήσιον.
711 606 736 651 ὁ
775 607 854 663 μὲν
894 605 947 662 δὴ
986 606 1125 650 ἐποίεε
1163 611 1324 650 ταῦτα·
1373 608 1570 660 Ἱστιαῖος
1610 609 1670 661 δὲ,

404 680 651 729 ἐπακούσας
681 681 742 734 τῷ
771 677 929 734 πρώτῳ
959 677 1230 732 κελεύσματι,
1260 678 1337 729 τάς
1366 695 1409 722 τε
1437 680 1539 730 νέας
1565 678 1671 723 ἁπά-

405 760 484 800 σας
522 753 694 804 παρεῖχε
735 747 1080 803 διαπορθμεύειν
1109 748 1188 803 τὴν
1219 748 1442 804 στρατιὴν,
1488 752 1562 794 καὶ
1590 752 1670 807 τὴν
1683 759 1727 793 60

245 824 343 868 142
400 820 600 875 γέφυραν
629 820 775 872 ἔζευξε.
837 820 1003 872 Πέρσαι
1032 818 1111 873 μὲν
1145 813 1206 862 ὦν
1237 819 1351 862 οὕτω
1382 820 1669 877 ἐκφεύγουσι·

75 888 353 924 ⁸⁰³'‘¹¹³‘¹''¹¹⁵'¹¹⁰’
408 889 588 933 Σκύθαι
632 891 677 934 δὲ
724 889 968 946 διζήμενοι,
1019 888 1092 931 καὶ
1134 891 1183 932 τὸ
1223 892 1428 944 δεύτερον
1473 892 1673 948 ἥμαρτον

77 932 128 951 ucs
140 922 310 959 opprobria.

375 967 400 1001 2
410 965 499 1004 τῶν
536 961 753 1017 Περσέων.

353 1148 583 1204 ἐντυχόντες
613 1153 671 1191 hic
700 1153 865 1191 additum
893 1165 937 1191 eo
967 1164 1012 1192 ex

351 1223 420 1247 usu
439 1211 573 1261 repetit
584 1210 821 1259 lVesseling„
842 1223 913 1259 quo
932 1223 1013 1247 ver-

352 1266 400 1304 ba
444 1268 648 1318 composita
685 1267 783 1304 haud
816 1279 898 1303 raro
929 1267 1015 1303 sim-

352 1322 497 1373 plicium
529 1328 743 1360 structuram
773 1335 918 1360 servare
953 1335 1014 1359 so-

352 1378 463 1416 leant.
507 1380 558 1417 Et
584 1380 678 1417 conf.
701 1379 835 1416 Matth.
857 1379 923 1415 Gr.
946 1379 1014 1416 Gr.

354 1433 394 1486 ἓ.
424 1437 503 1476 379
535 1449 619 1486 pag.
642 1437 737 1476 698.
777 1435 826 1472 At
849 1434 1013 1472 hocloco

354 1491 453 1528 haud
482 1493 556 1528 scio
582 1492 751 1541 equidem
778 1504 826 1528 an
844 1504 887 1528 ea
909 1504 1015 1541 prae-

356 1551 427 1586 stet
466 1549 580 1594 ratio,
619 1548 693 1596 qua
719 1548 830 1585 verba
858 1546 1016 1597 λελυμέ-

355 1618 429 1653 νης
455 1605 528 1653 τῆς
555 1600 733 1655 γεφύρης
758 1617 826 1654 pro
848 1604 1015 1652 genitivis

329 1658 332 1661 “
356 1659 530 1697 absolutis
559 1660 761 1697 habeantur
786 1664 823 1697 et
842 1661 889 1698 ad
909 1659 1015 1699 ἐντυ-

355 1711 490 1768 χόντες
529 1721 652 1754 mente
688 1717 926 1754 subaudiatur
959 1718 1017 1768 τῷ

355 1768 469 1826 πόρῳ
497 1771 553 1809 vel
574 1772 690 1810 simile
710 1773 819 1821 quid,
851 1773 920 1810 hoc
941 1774 1018 1810 fere

356 1841 486 1866 sensu:
517 1829 567 1866 ad
583 1831 769 1866 traiectum
774 1830 1018 1879 pervenerunt,

354 1889 456 1936 ponte
493 1887 566 1922 iam
600 1888 754 1923 rescisso.
801 1887 860 1924 De
901 1888 1020 1924 forma

358 1937 528 1982 ἀπίκατο
547 1944 641 1980 conf.
661 1947 752 1979 nott.
771 1944 818 1979 ad
836 1944 872 1988 Ι,
902 1945 941 1984 2.

549 1999 662 2049 Cap.
694 1999 826 2036 CXLI.

415 2052 586 2104 φωνέων
626 2053 809 2107 μέγιστον
857 2049 1021 2105 α’νθρώ-

358 2110 473 2161 πων]
530 2112 553 2148 ἰ.
611 2125 643 2150 e.
691 2114 754 2161 qui
795 2112 1019 2150 validissima

360 2170 511 2205 omnium
546 2169 712 2205 utebatur
744 2169 886 2218 lingua.
946 2169 1020 2206 Ea-

359 2225 444 2262 dem
472 2224 604 2262 locutio
633 2224 720 2272 VH,
754 2228 847 2266 117.
893 2225 1019 2263 Livius

358 2280 467 2326 VllI,
497 2283 541 2321 9:
573 2281 784 2328 „Valerium
805 2295 938 2330 magna
956 2294 1020 2319 vo-

359 2348 400 2373 ce
431 2336 639 2373 inclamat.“
682 2337 819 2387 Attigit
848 2339 1021 2376 Herodo-

360 2395 423 2428 tea
445 2392 611 2428 Eustath.
637 2393 683 2430 ad
704 2394 743 2431 Il.
771 2408 809 2444 p.
829 2393 930 2442 463,
965 2396 1018 2435 38

361 2460 390 2484 S.
421 2450 526 2494 607,
555 2449 621 2487 33.
647 2470 704 2477 --
749 2451 791 2486 ln
819 2463 921 2499 seqq.
953 2449 1018 2489 ἐπὶ

359 2505 432 2542 τοῦ
463 2504 609 2553 χείλεος
639 2509 712 2542 est:
752 2508 789 2542 ιἰι
810 2508 891 2555 ripa
920 2506 1018 2552 (lstri

361 2558 550 2609 stantem).
587 2560 645 2598 De
662 2563 934 2612 praepositione
953 2561 1018 2602 ἐπὶ

360 2615 432 2653 iam
452 2628 560 2666 supra
576 2618 791 2654 monuimus.

415 2667 672 2724 κελεύσματι]
705 2674 744 2710 Ιιι
762 2674 903 2710 duobus
920 2673 1018 2711 libris

361 2732 478 2765 exstat
508 2724 737 2780 κελεύματις
776 2743 871 2779 quae
891 2732 1018 2768 eadem

361 2785 516 2822 varietas
536 2785 623 2832 Vll,
652 2788 714 2827 16.
743 2785 866 2835 Atque
889 2792 1020 2823 notan-

361 2844 400 2878 te
422 2841 637 2891 wesseling.
660 2843 760 2893 apud
779 2842 889 2880 Dion.
913 2843 1018 2880 Cass.

822 961 896 1005 καὶ
932 963 1063 1004 τοῦτο
1100 959 1203 1016 μὲν,
1244 959 1304 1013 ὥς
1343 961 1493 1014 ἐόντας
1518 962 1674 1016 Ἴωνας

1069 1151 1095 1194 4
1118 1164 1205 1204 pag·
1226 1151 1275 1194 51
1305 1152 1335 1189 E
1366 1151 1438 1205 [cp.
1461 1155 1516 1196 32
1542 1167 1569 1192 s.
1590 1169 1626 1206 p.
1648 1157 1730 1197 626

1069 1209 1202 1259 Reim]
1235 1214 1357 1246 exstat
1384 1208 1601 1262 κελεύματα
1624 1213 1731 1250 item-

1071 1279 1143 1316 que
1185 1266 1336 1302 celeuma
1371 1269 1470 1316 apud
1501 1269 1729 1306 Christianos

1071 1324 1277 1372 scriptoreS.
1310 1322 1351 1359 In
1372 1337 1410 1360 re
1429 1325 1573 1362 nautica
1592 1338 1731 1363 memo-

1070 1384 1170 1416 ratur
1193 1376 1212 1417 ὃ
1233 1376 1466 1429 κελευστής,·
1511 1382 1558 1418 de
1578 1394 1651 1430 quo
1674 1382 1732 1418 di-

1070 1436 1104 1472 xi
1124 1436 1171 1471 ad
1192 1434 1374 1473 Plutarch.
1399 1436 1512 1474 Alcib.
1532 1450 1606 1486 pag
1634 1441 1729 1478 231.

1071 1490 1169 1528 Add.
1194 1491 1398 1529 Blomfield.
1426 1494 1463 1529 in
1490 1493 1655 1530 Glossar.
1683 1495 1732 1531 ad

1071 1547 1237 1597 Aeschyl.
1259 1547 1359 1585 Pers.
1381 1548 1462 1589 403
1478 1578 1487 1596 ‚
1517 1550 1577 1586 ubi
1604 1549 1732 1588 κέλευ-

1073 1615 1162 1652 σμα.
1206 1603 1312 1647 Quae
1330 1606 1515 1654 reputanti
1538 1618 1560 1642 a
1578 1606 1734 1645 lectione

1072 1663 1223 1710 recepta
1239 1656 1492 1711 κελεύσματι,
1516 1662 1613 1699 haud
1630 1676 1734 1701 rece-

1074 1717 1235 1753 dendum
1255 1718 1407 1755 videtur.
1437 1718 1485 1756 Et
1508 1720 1603 1756 conf.
1625 1720 1734 1757 etiam

1072 1772 1265 1810 Forcellini
1293 1773 1382 1812 Lex.
1421 1788 1450 1812 s.
1486 1788 1520 1813 v.
1551 1776 1733 1815 celeusma.

1073 1829 1151 1867 T.1
1172 1842 1207 1879 p.
1227 1828 1322 1870 419.

1131 1890 1289 1937 παρεῖχε
1331 1883 1668 1938 διαπορθμεύειν]
1709 1889 1734 1926 ἰ.

1075 1955 1108 1980 e.
1138 1955 1249 1980 naves
1275 1944 1434 1981 exhibuit
1461 1945 1507 1980 ad
1541 1946 1734 1982 exercitum

1075 1999 1337 2037 traiieiendum.
1373 2000 1534 2037 Additur
1548 2002 1659 2038 verbo
1679 2001 1736 2038 in-

1074 2055 1254 2102 finitivus,
1284 2056 1345 2105 qui
1367 2057 1476 2094 finem
1497 2062 1533 2095 e‘.
1549 2058 1735 2095 consilium

1075 2111 1224 2149 indicat.
1264 2113 1322 2150 Cf.
1354 2118 1447 2151 nott.
1477 2115 1525 2152 ad
1551 2114 1733 2155 Plutarch.

1075 2167 1219 2219 Philop.
1248 2170 1298 2208 18
1322 2183 1359 2219 p.
1379 2169 1445 2210 65.

1263 2226 1372 2276 Cap.
1403 2225 1549 2266 CXLII.

1132 2278 1201 2320 καὶ
1228 2283 1344 2320 τοῦτο
1370 2279 1441 2331 μὲν
1461 2297 1495 2320 κ.
1515 2296 1547 2319 τ.
1568 2280 1624 2332 λ.]
1654 2283 1677 2319 i.
1698 2296 1731 2322 e.

1079 2336 1237 2388 Scythae
1274 2339 1456 2385 iudicant,
1498 2336 1620 2386 Iones,
1660 2339 1734 2388 qud

1077 2395 1203 2431 liberos
1234 2394 1403 2441 homines,
1435 2397 1584 2431 omnium
1604 2400 1734 2432 morta-

1076 2450 1162 2488 lium
1215 2454 1381 2500 pessimos
1435 2454 1467 2487 et
1519 2452 1734 2488 mollissimos

1073 2519 1166 2550 essm·
1201 2508 1272 2555 qudv
1300 2520 1432 2553 servos,
1461 2510 1641 2558 mancipia
1665 2522 1734 2545 esse

1077 2563 1291 2599 dommoruna
1317 2566 1562 2601 amantissima
1588 2569 1620 2601 et
1638 2566 1734 2615 fide-

1077 2618 1226 2656 lissima.
1264 2619 1374 2657 Unde
1392 2626 1495 2670 patet
1517 2616 1737 2660 α’νελευθέ-

1078 2690 1194 2726 ρους,
1228 2676 1328 2725 quod
1359 2678 1430 2714 duo
1460 2677 1542 2714 libri
1564 2678 1735 2724 afferunt,

1076 2732 1309 2769 reiiciendum
1351 2746 1535 2782 unumque
1579 2733 1737 2772 ἐλευθέ-

1078 2802 1173 2839 ρους
1218 2790 1417 2826 tenendum
1461 2803 1552 2827 esse.
1614 2790 1737 2828 Verba

1078 2842 1133 2891 ὠς
1167 2840 1325 2884 δούλων
1351 2842 1493 2885 Ἰώνων
1523 2842 1588 2886 τόν
1617 2841 1737 2899 λόγον
