1946 3272
595 212 950 257 TIIALIA.
1009 213 1071 250 111.
1407 216 1460 255 61

167 333 451 390 4παρευρεθῇ
470 344 510 371 τι
530 325 709 372 ἄδικον,
742 325 865 380 μέχρι
886 321 1061 366 τούτου.
1121 314 1248 364 οὗτοι
1278 320 1324 363 δὲ
1353 325 1464 364 τοῖσι

197 407 392 461 Πέρσῃσι
421 401 544 449 δίκας
576 396 799 450 δικάζουσι
814 427 823 445 ,
853 395 927 438 καὶ
947 393 1144 449 ἐξηγηταὶ
1164 395 1253 434 τῶν
1271 392 1466 445 πατρίων
1477 400 1521 431 70

195 479 372 531 θεσμῶν
399 472 619 527 γίνονται,
660 468 734 512 καὶ
763 465 906 509 πάντα
937 465 979 517 ἐς
1005 463 1190 514 τούτους
1221 461 1467 506 ἀνακέαται.

166 544 447 599 5Εἰρομένου
489 538 551 584 ὦν
589 544 670 584 τοῦ
700 536 970 594 Καμβύσεω,
1014 534 1306 590 ὑπεκρίνοντο
1348 530 1469 589 αὐτῷ

193 611 317 660 οὗτοι
347 615 418 657 καὶ
449 614 596 657 δίκαια
626 611 700 655 καὶ
730 608 949 665 ἀσφαλέα·
990 606 1203 663 φάμενοι,
1232 606 1373 661 νόμον
1395 601 1468 646 οὐ-

193 685 297 730 δένα
317 685 590 739 ἐξευρίσκειν,
626 682 674 734 ὃς
692 680 856 725 κελεύει
876 679 1064 736 ἀδελφεῇ
1086 678 1329 722 συνοικέειν
1349 673 1469 719 ἀδελ·

194 757 314 814 φεόν·
341 755 476 799 ἄλλον
495 756 573 812 μέν
592 772 658 799 τοι
680 752 955 809 ἐξευρηκέναι
974 750 1128 806 νόμον,
1148 754 1209 807 τῷ
1223 746 1525 805 βασιλεύω-75

165 837 238 873 6τι
269 828 473 882 Περσέων
505 827 662 879 ἐξεῖναι
699 823 862 868 ποιέειν
891 822 940 866 τὸ
973 822 1029 864 ἂν
1063 819 1288 876 βούληται.
1351 817 1467 862 οὕτω

194 900 294 944 οὔτε
334 899 414 942 τόν
450 898 589 954 νόμον
634 898 792 941 ἔλυσαν
833 898 1051 943 δείσαντες
1087 891 1347 947 Καμβύσεα·
1397 891 1471 932 ἴνα

192 988 238 1016 τε
268 971 325 1027 μὴ
364 968 490 1014 αὐτοὶ
530 968 778 1013 ἀπόλωνται
815 966 894 1011 τὸν
930 964 1071 1022 νόμον
1107 965 1471 1018 περιστέλλοντες,

194 1044 465 1098 παρεξεῦρον
497 1041 631 1084 ἄλλον
661 1038 801 1096 νόμου
832 1038 1062 1094 σύμμαχον
1091 1039 1149 1092 τῷ
1189 1035 1367 1079 θέλοντι
1397 1053 1474 1091 γα-

164 1122 187 1156 7
198 1113 316 1171 μέειν
356 1111 580 1170 ἀδελφεάς.

643 1112 748 1155 Τότε
783 1112 864 1167 μὲν
903 1108 955 1166 δὴ
999 1106 1022 1151 ὁ
1063 1105 1307 1164 Καμβύσης
1345 1107 1532 1163 {musso

194 1187 275 1243 τήν
304 1184 548 1241 ἐρωμένην·
588 1183 694 1241 μετα
725 1183 806 1239 μέν
834 1199 901 1226 τοι
926 1179 981 1225 οὐ
1009 1181 1172 1224 πολλὸν
1198 1178 1362 1235 χρόνον
1383 1178 1476 1234 ἔσχε

195 1257 329 1314 ἄλλην
359 1254 587 1312 ἀδελφεήν.
645 1255 839 1299 τουτέων
868 1256 976 1310 δῆτα
1002 1251 1082 1309 τὴν
1109 1251 1350 1308 νεωτέρην,
1387 1249 1473 1294 ἐπι-

71 1335 135 1380 32
194 1329 418 1385 σπομένην
448 1329 491 1371 οἱ
529 1326 598 1371 ἐπ’
640 1328 888 1384 Αἴγυπτον,
930 1326 1101 1370 κτείνει.

1155 1322 1290 1379 Ἀμφὶ
1327 1322 1374 1367 δὲ
1411 1325 1474 1365 τῶ
1532 1332 1647 1368 Duplex
1674 1331 1810 1372 napi-atio

1447 1368 1456 1379 ‘
1535 1366 1572 1393 de
1620 1374 1777 1393 occasione

194 1399 375 1458 θανάτῳ
406 1397 538 1455 αὐτῆς
566 1399 704 1452 διξὸς,
737 1398 881 1454 ὥσπερ
911 1397 1010 1452 περὶ
1040 1396 1280 1453 Σμέρδιος,
1312 1394 1641 1450 ze'yswcffimortis
1673 1399 1779 1428 mam

197 1472 338 1528 λόγος.
383 1471 591 1529 ’Έλληνες
618 1471 697 1527 μὲν
725 1471 920 1528 λέγουσι,
951 1470 1193 1527 Καμβύσεα
1219 1465 1477 1524 συμβαλέειν

1535 1443 1630 1462 uxori.

200 1621 267 1661 καὶ
295 1616 428 1659 πάντα
457 1619 495 1667 ἐς
527 1616 693 1666 τούτους
715 1613 809 1657 α’να-
865 1618 998 1656 ticulae
1031 1615 1209 1669 μέντοι
1239 1613 1374 1653 consul.
1399 1612 1532 1652 Matth.

145 1676 295 1728 κέαται]
343 1678 365 1715 i.
397 1691 428 1715 e.
467 1681 501 1715 et
530 1677 579 1713 acl
607 1690 661 1712 eos
693 1678 810 1712 omnia

146 1735 356 1786 referuntur.
392 1735 499 1772 Conf.
525 1734 551 1779 Ι,
573 1735 638 1773 97.
658 1754 712 1761 -—
734 1731 813 1769 Ali-

146 1798 237 1843 quot
267 1792 347 1828 libri
370 1791 539 1829 exhibent
565 1785 810 1829 ἀνακέεται.

145 1849 205 1887 De
235 1861 303 1885 usu
332 1846 617 1899 praepositionis
649 1847 704 1891 εἰς
734 1860 812 1884 mo-

145 1907 225 1943 nuit
253 1904 384 1941 Matth.
405 1905 470 1942 Gr.
496 1904 562 1940 Gr.
594 1901 632 1954 ἓ.
651 1905 747 1951 578,
777 1916 811 1940 a.

146 1975 230 2014 pag.
254 1960 373 2003 1142.

206 2070 405 2127 φάμενοι]
452 2075 555 2113 Idem
595 2088 813 2126 responsum

148 2133 220 2171 hoc
252 2133 333 2183 ipso
368 2146 412 2170 ex
440 2132 519 2169 loco
556 2132 664 2170 affert
693 2131 813 2168 Schol.

150 2190 199 2227 ad
237 2189 388 2227 Lucian.
440 2189 487 2226 de
520 2189 681 2226 Sacrific.
722 2187 757 2240 ἓ.
787 2188 813 2229 5

151 2246 258 2285 Tom.
284 2246 335 2282 111
358 2260 394 2297 p.
415 2248 464 2286 71
485 2246 567 2296 Bip.
605 2246 702 2282 Satis
725 2258 812 2282 vero

152 2316 195 2340 ex
215 2303 326 2340 hocce
344 2316 521 2353 responso
539 2303 664 2352 liquet,
684 2315 813 2351 regum

151 2361 342 2398 Persarum
373 2364 618 2410 potestatem,
661 2359 730 2397 etsi
760 2360 815 2395 in-

152 2417 286 2453 stitutis
298 2417 514 2465 quibusdam
535 2417 645 2453 sacris
660 2417 817 2466 ipsoque

152 2472 222 2510 hoc
258 2473 416 2510 iudicum
445 2486 665 2510 summorum
696 2473 814 2509 conci-

154 2528 201 2565 lio
239 2529 504 2580 circumscripta
546 2530 660 2567 videri
691 2534 817 2579 queat,

156 2585 260 2622 nullis
295 2591 418 2624 tamen
450 2586 592 2635 legibus
625 2587 817 2624 coercitam

159 2654 239 2679 esse
259 2644 474 2693 omniaque,
514 2647 554 2681 ut
582 2644 729 2680 omnino
751 2656 819 2694 per

160 2699 333 2735 orientem
352 2700 429 2737 fieri
451 2699 568 2746 solet,
608 2701 645 2737 in
664 2713 736 2737 uno
759 2713 817 2737 re-

161 2754 216 2803 gis
242 2755 391 2793 arbitrio
413 2757 524 2794 fuisse
552 2758 685 2807 posita.
735 2756 820 2793 Μο-

161 2810 240 2847 nuit
261 2809 417 2849 Heeren.
436 2813 561 2851 Ideen.
586 2813 603 2850 I
622 2827 709 2864 pag.
726 2812 818 2855 459.

162 2889 216 2893 —
238 2866 277 2902 ln
305 2868 424 2905 verbis
452 2882 554 2921 seqq.
582 2871 629 2909 de
652 2883 718 2907 usu
736 2882 820 2922 par-

868 1676 933 1712 Gr.
955 1676 1019 1712 Gr.
1043 1673 1078 1726 §.
1102 1676 1198 1721 622,
1223 1676 1247 1714 6
1280 1686 1317 1723 p.
1348 1671 1467 1713 1264.

922 1729 992 1770 τόν
1013 1731 1141 1782 νόμον
1165 1727 1536 1781 περιστέλλον-

868 1790 964 1839 τες]
1005 1790 1025 1826 i.
1060 1803 1091 1826 e.
1121 1791 1277 1832 tttmztes,
1317 1787 1537 1822 observantes

870 1847 990 1895 legem.
1019 1846 1126 1883 Conf.
1142 1850 1235 1882 nott.
1252 1844 1299 1881 ad
1319 1844 1366 1890 II,
1384 1841 1463 1883 147
1475 1843 1535 1879 fin.

926 1899 1000 1952 τήν
1024 1900 1242 1953 ἐρωμένην]
1289 1900 1451 1937 Atossam
1483 1900 1538 1935 in-

870 1960 1002 2009 telligit
1026 1959 1141 1996 Dario
1173 1962 1259 2008 post
1286 1962 1460 2007 nuptam,
1499 1960 1537 1993 ut

871 2022 974 2068 patet
1003 2029 1045 2054 ex
1067 2016 1131 2062 ΙΙΙ,
1154 2016 1208 2056 88
1236 2013 1315 2052 coll.
1338 2014 1401 2062 111,
1423 2014 1477 2055 68
1500 2017 1538 2050 et

872 2087 915 2112 ex
937 2072 1058 2111 Schol.
1078 2073 1229 2110 Lucian.
1252 2071 1273 2108 Ι.

930 2129 1014 2180 ἔσχε
1039 2126 1162 2178 ι’ἱλλην
1182 2122 1400 2178 ἀδελφεήν]
1439 2125 1538 2175 ἔσχε,

871 2192 1046 2225 monente
1074 2186 1248 2223 Valcken.
1289 2185 1337 2222 ad
1367 2184 1440 2230 IX,
1469 2185 1539 2230 76,

872 2249 946 2283 est:
976 2246 1098 2280 uxoris
1118 2243 1188 2280 loco
1210 2243 1346 2279 habuit.
1391 2239 1539 2278 Nomen

872 2302 978 2338 huius
1001 2301 1136 2337 sororis
1167 2305 1255 2336 natu
1284 2298 1433 2336 minoris
1458 2295 1541 2334 Me-

874 2361 956 2395 τοὲἠ
988 2359 1118 2403 fuisse,
1159 2369 1202 2394 ex
1217 2356 1348 2393 Liban.
1368 2353 1539 2391 Antioch.

875 2430 910 2466 p.
933 2413 1013 2455 343
1038 2414 1114 2452 coll.
1147 2427 1197 2450 or.
1220 2412 1363 2450 XXXII
1402 2425 1436 2461 p.
1458 2412 1540 2451 668

875 2472 920 2510 D.
944 2476 1051 2508 notat
1075 2469 1292 2519 wesseling.
1335 2468 1456 2517 Atque
1481 2466 1541 2503 alii

876 2542 1025 2578 quoque
1049 2529 1202 2565 tradunt
1231 2539 1350 2564 rerum
1383 2525 1538 2574 scripto—

875 2599 954 2631 res,
1007 2585 1229 2634 Cambysem
1279 2583 1325 2619 ab
1367 2580 1540 2632 Aegypto

876 2643 963 2680 inde
988 2654 1220 2693 progressum
1247 2653 1330 2678 esse
1354 2651 1468 2688 usque
1492 2637 1539 2673 ad

877 2700 1068 2745 Meroem,
1108 2698 1165 2735 cui
1193 2698 1269 2734 sive
1296 2695 1434 2733 insulae
1466 2694 1542 2729 sive

876 2757 959 2794 urbi
977 2768 1112 2793 nomen
1130 2754 1265 2791 sororis
1283 2750 1505 2802 imposuerit.

1063 2812 1094 2849 C
1108 2824 1172 2862 ap.
1202 2809 1352 2847 XXXII.

921 2865 1115 2920 ’Έλληνες
1136 2865 1208 2919 μὲν
1228 2861 1399 2918 λέγουσι]
1420 2863 1541 2899 Vocu-
