1863 3256
117 250 184 277 ruso
213 250 301 285 picti:
339 258 390 285 pa-

258 285 318 309 rua
361 287 391 311 et

138 316 367 351 phthirophagi:

141 359 182 375 um
207 358 264 376 nou
295 354 376 378 recte

114 384 246 410 Gelonos
270 385 387 411 vocari:

113 417 268 450 Gelonus,

130 451 229 483 lignea
254 452 371 486 ingens,

146 492 210 510 eum
239 485 357 516 templis

115 289 212 310 Floret(

320 418 389 444 urbs

288 720 332 757 lac
337 728 352 744 u
357 727 369 743 s

111 785 233 812 utilibus
260 786 386 818 pellibus

112 818 318 846 ettesficuhs.

450 145 535 184 480

844 145 1315 183 HERODOTI

449 254 502 308 τῇ
533 249 633 294 πόλι
664 252 751 296 ἐστὶ
775 253 994 304 Γελωνός·
1037 258 1117 296 τοῦ
1149 255 1193 296 δὲ
1222 255 1382 309 τείχεος
1411 254 1602 310 μέγαθος
1631 260 1712 299 κῶ-
1725 263 1769 296 60

449 327 528 365 λον
567 322 772 371 ἕκαστον,
819 322 1052 378 τριήκοντα
1082 326 1270 367 σταδίων
1300 324 1409 375 ἐστὶ,
1448 323 1622 382 ὑψηλόν
1653 327 1713 379 δὲ,

445 394 517 437 καὶ
547 398 635 436 πᾶν
665 393 863 444 ξύλινον·
907 393 978 434 καὶ
1010 394 1144 436 οἰκίαι
1175 394 1321 437 αὐτῶν
1347 395 1538 448 ξύλιναι,
1570 397 1713 440 καὶτὰ

418 464 541 517 Βίροί.
602 464 689 507 ἔστι
736 463 818 518 γὰρ
864 463 916 517 δὴ
966 462 1126 507 αὐτόθι
1162 463 1422 522 Ἑλληνικῶν
1460 472 1580 510 θεῶν
1626 467 1712 523 ἱρὰ,

112 517 240 544 neotum
291 519 384 544 Grae·
439 535 449 549 .-
472 540 486 551 Ἴ
655 538 670 544 ω
1030 535 1039 549 ι
1141 535 1151 550 ³
1202 534 1211 547 r
1335 538 1343 551 t
1494 539 1502 552 ι
1653 544 1669 551 .-

109 558 229 593 cyrunr:
266 551 386 590 stupui,
446 540 695 589 hmnymucog
724 545 1098 591 κατεσκευασμενα
1127 540 1343 592 αγαλμασι
1372 553 1415 580 τε
1435 554 1509 581 και
1525 541 1713 594 βωμοισι

110 586 386 678 ‘l{‚‘.32{÷‘=f‚1..‘'‘r'f;i‚¹.'fissf'
417 606 521 648 4καὶ
551 608 695 659 νηοῖσι
726 605 948 655 ξυλίνοισι.
1007 606 1081 648 καὶ
1113 610 1172 665 τῷ
1203 607 1410 664 Διονύσῳ
1441 612 1711 666 τριετηρίδας
1724 616 1768 650 65

109 659 218 678 (ΙΥΕΓΒΙ
248 660 265 678 a
323 661 339 678 u
365 660 386 676 Ι-

110 685 175 711 nis:
209 686 388 718 munigenae
446 675 680 730 ἀνάγουσι,
709 675 781 716 καὶ
814 675 1090 731 βακχεύουσι.

128 718 222 757 silvae
234 728 240 744 ε

392 916 498 954 stath.
527 917 574 953 ad
602 916 757 964 Dionys.
782 915 926 965 Perieg.
955 917 1050 955 310.

391 973 490 1011 Mela
502 973 529 1021 l,
543 975 607 1021 19,
626 973 713 1014 140.
731 972 907 1023 Stephan.
920 974 1010 1020 Byz.
1023 986 1049 1009 s.

391 1043 425 1066 v.
442 1024 625 1076 Γελωνός,
640 1028 706 1066 coll
730 1029 867 1066 Herod.
883 1030 942 1075 iv,
959 1029 1050 1068 123.

391 1086 552 1124 Heeren.
583 1087 695 1123 ldeen
725 1085 762 1132 l,
798 1089 824 1127 2
852 1098 939 1137 pag.
969 1083 1050 1126 305

392 1143 486 1180 hanc
510 1143 735 1179 Budinorum
761 1143 884 1179 urbem
911 1142 1050 1192 praeci-

391 1212 500 1250 puam
532 1203 754 1236 mercaturae
784 1200 909 1236 sedem
939 1198 1051 1235 fuisse

390 1256 614 1305 suspicatur,
651 1267 747 1304 quae
777 1255 863 1292 inde
897 1254 1049 1306 pellibus

389 1312 603 1362 praesertim
642 1324 719 1348 cum
756 1312 906 1349 Graecis
943 1310 1050 1347 Ponti

390 1367 520 1405 accolis
558 1367 722 1405 factitata
759 1369 888 1415 suerit,
947 1367 1048 1404 inde-

388 1437 462 1474 que
490 1424 599 1461 etiam
631 1424 729 1461 urbis
758 1425 932 1461 ambitum
952 1424 1049 1460 haud

388 1480 572 1528 vulgarem
597 1479 767 1530 explicari
784 1494 893 1530 posse
913 1484 1049 1518 censet.

390 1535 457 1573 Cr.
487 1537 535 1572 ad
567 1540 820 1584 argumentum
851 1536 953 1573 huius
985 1536 1050 1572 loci

390 1592 555 1629 adhiberi
576 1591 649 1628 vult
670 1593 890 1630 Brondsted.
914 1593 1051 1630 Reisen

342 1660 345 1664 ·
389 1649 426 1685 ἰη
446 1648 653 1685 Griechenl.
670 1649 702 1685 lI
724 1662 759 1699 p.
782 1649 861 1690 135
880 1662 957 1698 seq.

447 1703 515 1742 καὶ
532 1707 666 1754 νηοῖσι
685 1705 898 1756 ξυλίνοισι]
926 1702 1051 1755 νηούς

391 1762 529 1810 accipio
564 1762 611 1798 de
637 1762 809 1799 aediculis
843 1775 871 1800 s.
901 1762 1054 1809 sacellis,

392 1830 488 1867 quae
525 1818 671 1854 maioris
708 1820 867 1856 ambitus
907 1819 1052 1869 templis

391 1878 637 1924 opponuntur.
669 1875 727 1912 Cf.
750 1875 798 1922 Il,
823 1877 888 1916 63.
917 1876 1050 1915 Ritter.

391 1930 470 1967 loco
492 1943 600 1980 supra
615 1930 711 1968 laud.
733 1932 934 1982 expressit:
965 1933 1049 1969 Got-

392 1987 634 2023 teslaeduschen.
682 1987 740 2025 De
766 1988 899 2025 Bacchi
925 1989 1050 2036 sacris,

391 2056 486 2093 quae
505 2056 588 2081 mox
607 2045 824 2092 reseruntur,
848 2046 940 2081 conf.
959 2049 1052 2082 nott.

391 2100 440 2135 ad
460 2100 532 2147 IV,
566 2101 631 2141 79.
670 2100 728 2138 De
746 2101 986 2138 trz'elerz'dz'bus
1015 2102 1052 2138 in

390 2156 522 2193 Bacchi
560 2156 736 2194 honorem
767 2159 1053 2206 memoriamque

389 2212 560 2249 institutis
578 2215 700 2260 confi,
732 2227 778 2252 ne
797 2214 930 2260 multa,
959 2214 1052 2252 Dio-

391 2268 471 2305 dor.
493 2268 560 2315 lll,
591 2268 655 2309 64.
686 2270 749 2317 lV,
780 2273 817 2310 3.
848 2271 965 2308 Cicer.
991 2270 1050 2308 De

390 2328 464 2360 nat.
486 2325 586 2362 deor.
610 2326 682 2372 ΙΙΙ,
713 2329 765 2367 23
786 2327 908 2376 ibique
928 2327 1049 2365 Davis.

391 2383 429 2417 et
449 2381 621 2418 Creuzer.
641 2395 678 2431 p.
702 2385 795 2423 621.

445 2435 538 2475 Εἰσὶ
560 2434 635 2487 γάρ
657 2437 698 2476 οἵ
717 2437 888 2476 Γελωνοὶ
911 2435 953 2477 τὸ
972 2434 1046 2489 α’ρ-

386 2496 499 2543 χαῖον
522 2489 737 2543 Ἕλληνες]
788 2495 915 2531 Geloni
952 2497 1048 2531 anti-

388 2552 508 2598 quitus
543 2562 570 2586 s.
612 2551 750 2598 origiue
784 2555 867 2586 sunt
905 2552 1048 2597 Graeci,

388 2607 451 2656 qui
475 2618 493 2642 e
520 2608 593 2642 suis
625 2607 794 2650 (Graecis
821 2607 949 2655 igitur)
980 2621 1049 2644 em-

383 2664 495 2713 poriis
507 2663 628 2712 pulsi,
658 2663 707 2699 ad
728 2662 889 2700 Budinos
908 2664 1048 2701 lmln'ta-

392 2723 464 2755 tum
483 2723 738 2756 concesserunt.-
766 2720 841 2758 sive
865 2727 903 2756 ut
919 2720 1050 2769 Lange

393 2775 584 2815 vernacule
609 2777 803 2828 expressit:
843 2776 974 2824 „Denn
997 2777 1052 2814 die

1150 679 1250 721 Εἰσὶ
1268 678 1352 734 γάρ
1385 681 1428 722 οἱ
1447 681 1640 726 Γελωνοὶ
1661 681 1709 725 τό

446 745 630 801 ἀρχαῖον
654 744 878 802 “”Ἐλληνες·
930 748 976 792 ἐκ
1006 753 1094 792 τῶν
1125 750 1170 793 δὲ
1201 749 1423 805 ἐμπορίων
1454 751 1709 803 ἐξαναστάν-

1108 916 1263 954 Gelonen
1292 917 1374 954 sind
1400 918 1653 968 urspriinglirh
1676 919 1766 956 Hel-

1107 973 1247 1009 lenenf‘
1269 974 1403 1011 Moneo
1416 975 1461 1011 ob
1472 976 1618 1021 Ritter„
1634 977 1696 1025 qui
1716 976 1768 1012 ita

1107 1030 1269 1067 reddidit
1290 1030 1468 1077 (Vorhall.
1487 1045 1522 1081 p.
1539 1032 1629 1073 154.
1650 1034 1766 1079 161):

1107 1085 1241 1132 „Denn
1271 1087 1327 1123 die
1356 1087 1509 1124 Gelonen
1546 1088 1629 1125 sind
1669 1089 1766 1125 alt-

1106 1143 1382 1180 viiterz'sclie
1423 1144 1645 1192 Hellenen‚“
1693 1145 1768 1183 sive

1106 1200 1174 1246 (ib.
1208 1213 1244 1249 p.
1275 1197 1375 1251 458)
1406 1201 1492 1246 „die
1521 1202 1617 1238 alten
1645 1200 1769 1238 Helle-

1106 1257 1225 1301 7zen,“
1256 1256 1277 1292 i.
1311 1269 1345 1293 e.
1381 1257 1440 1303 (ut
1464 1258 1652 1307 Koppenii
1685 1262 1768 1295 utar

1105 1312 1223 1349 verbis
1255 1311 1456 1360 Nordgest.
1485 1314 1520 1350 d.
1544 1313 1651 1350 Pont.
1680 1327 1766 1365 pag.

1110 1365 1179 1418 14)
1224 1369 1308 1415 „die
1347 1370 1443 1406 nicht
1482 1372 1528 1406 z'm
1555 1372 1673 1407 Geiste
1708 1371 1767 1407 des

1105 1437 1212 1460 neuen
1239 1425 1526 1463 Gre'eclecntkmns
1562 1426 1767 1464 lebendenf‘

1106 1479 1286 1518 Nimirum
1320 1482 1358 1516 id
1385 1482 1551 1519 Ritterus
1584 1482 1606 1520 l.
1631 1483 1653 1520 l.
1685 1483 1766 1520 coll.

1107 1550 1142 1586 p.
1178 1539 1255 1577 183
1288 1536 1434 1576 efficere
1465 1538 1564 1585 vult,
1604 1539 1767 1577 Graecos

1107 1592 1236 1639 hosce,
1266 1594 1328 1642 qui
1347 1595 1573 1644 antiquiores
1595 1599 1768 1632 vocentur

1109 1648 1203 1698 (quo
1229 1649 1304 1686 scil.
1331 1662 1352 1685 a
1371 1651 1522 1688 Graecis
1541 1651 1678 1689 colonis
1701 1665 1768 1702 po-

1110 1711 1207 1743 stera
1228 1710 1371 1753 aetate,
1403 1708 1465 1756 qui
1490 1708 1538 1744 ad
1560 1708 1667 1745 Ponti
1684 1721 1766 1746 oras

1110 1763 1355 1809 consederint,
1375 1763 1676 1813 distinguantur),
1693 1777 1767 1802 non

1110 1819 1157 1855 ab
1183 1819 1261 1868 ipsa
1281 1819 1435 1857 Graecia
1454 1820 1522 1857 huc
1544 1822 1766 1870 pervenisse,

1110 1875 1176 1912 sed
1210 1888 1253 1912 ex
1274 1875 1454 1913 interioris
1478 1876 1586 1914 Asiae
1607 1879 1767 1927 regioni-

1112 1931 1190 1979 buS,
1211 1935 1252 1968 ut
1275 1933 1370 1969 adeo
1392 1946 1458 1983 pro
1475 1934 1636 1983 ipsorum
1649 1935 1768 1972 Grae-

1109 2001 1232 2025 corum
1269 1988 1392 2025 abaris
1431 1989 1557 2028 haberi
1595 1990 1765 2028 debeant.

1111 2044 1217 2088 Quae
1238 2045 1286 2081 ita
1304 2045 1508 2094 probantur
1524 2046 1722 2097 Ktippenio
1742 2046 1764 2084 l.

1108 2100 1131 2137 l.
1151 2114 1187 2150 p.
1212 2099 1261 2140 14
1282 2114 1380 2150 seq„
1412 2106 1451 2139 ut
1471 2102 1580 2140 hosce
1601 2103 1765 2141 Gelonos

1108 2170 1174 2207 pro
1203 2157 1362 2206 reliquiis
1389 2158 1514 2196 haberi
1538 2158 1624 2196 velit
1649 2160 1767 2198 Grae-

1109 2226 1233 2250 corum
1282 2215 1482 2264 priscorum
1533 2213 1767 2261 (Urhellenen

1107 2271 1257 2317 vocat),
1287 2272 1347 2319 qui
1374 2283 1418 2307 ex
1436 2270 1533 2308 hisce
1549 2272 1696 2308 sedibus
1718 2272 1766 2308 ad

1107 2325 1262 2362 Pontum
1310 2339 1331 2363 a
1372 2327 1542 2363 Barbaris
1593 2328 1766 2378 deinceps

1106 2382 1201 2432 pulsi
1245 2382 1435 2419 maximam
1475 2387 1616 2433 partem
1659 2385 1767 2422 meri-

1107 2439 1204 2474 diem
1234 2451 1355 2475 versus
1386 2440 1656 2488 commigrarint
1683 2453 1766 2479 eam

1106 2495 1142 2530 in
1171 2499 1302 2531 terram
1317 2523 1327 2540 ,
1358 2508 1468 2544 quam
1488 2496 1680 2534 Graeciam
1700 2510 1764 2534 vo-

1105 2562 1250 2595 camus3
1303 2552 1483 2601 urbesque
1520 2553 1567 2588 ad
1609 2553 1765 2591 Pontum

1106 2606 1189 2642 olim
1215 2608 1380 2644 conditas
1406 2621 1427 2643 a
1449 2607 1598 2646 Milesiis
1626 2614 1765 2647 tantum

1105 2663 1370 2712 redintegratas
1407 2665 1530 2703 fuisse.
1591 2665 1641 2703 At
1679 2679 1766 2704 vero

1106 2719 1195 2756 haec
1226 2721 1345 2757 omnia
1370 2725 1599 2772 quantopere
1619 2723 1666 2759 ab
1690 2722 1766 2761 He-

1107 2776 1226 2813 rodoti
1277 2777 1395 2814 verbis
1439 2782 1536 2816 recte
1577 2778 1765 2817 intellectis

1856 140 1863 194 1,

1856 196 1860 258 ἓ

1858 333 1859 340 ,

1858 350 1860 391 ἒ

1858 399 1861 412 l
