1946 3272
417 266 474 306 54
806 267 1271 306 HERODOTI

417 373 516 417 τάδε
544 373 624 417 ὑπ’
656 373 803 417 αὐτῶν
835 372 1109 430 Ἀμμωνίων·
1157 375 1304 431 ἐπειδὴ
1335 375 1381 418 ἐκ
1410 379 1486 431 τῆς
1519 372 1746 426 Ὀάσιος9ο

417 442 578 500 ταύτης
608 445 718 487 ἰέναι
741 444 813 488 διοέ
844 450 918 501 τῆς
937 445 1120 500 ψάμμου
1142 442 1210 488 ἐπὶ
1231 446 1385 500 σφέας,
1421 446 1625 501 γενέσθαι
1644 461 1689 490 τε

419 514 578 566 αὐτούς
619 515 777 570 μεταξύ
815 531 898 558 κου
927 515 1112 568 μάλιστα
1142 514 1289 558 αὐτῶν
1318 531 1361 558 τε
1391 517 1462 559 καὶ
1492 522 1566 573 τῆς
1590 515 1688 560 Ὀά-

419 599 538 637 σιος,
571 584 752 640 ἄριστον
783 584 1075 639 αἱρεομένοισι
1107 584 1302 628 αὐτέοισι
1330 586 1584 631 ἐπιπνεῦσαι
1612 587 1690 631 νό-

416 674 495 700 τον
526 657 662 712 μέγαν
695 672 739 699 τε
777 656 850 699 καὶ
879 655 1086 706 ἐξαίσιον,
1129 655 1350 711 φορέοντα
1382 658 1428 700 δὲ
1457 663 1585 710 θῖνας
1614 663 1689 715 τῆς

417 727 626 783 ψάμμου,
683 727 932 782 καταχῶσαί
977 739 1131 781 σφεας,
1194 728 1268 770 καὶ
1307 728 1454 783 τρόπῳ
1501 729 1688 788 τοιούτῳ

388 798 741 855 4ἀφανισθῆναι.
796 795 1033 852 Ἀμμώνιοι
1053 797 1132 852 μὲν
1155 798 1270 841 οὕτω
1295 798 1470 854 λέγουσι
1488 799 1744 855 γενέσθαιθό

417 869 514 924 περὶ
543 872 618 924 τῆς
645 873 848 924 στρατιῆς
875 867 1045 923 ταύτης.

292 953 358 998 27
527 936 782 993 Ἀπιγμένου
807 938 852 981 δὲ
873 936 1118 995 Καμβύσεω
1149 938 1191 990 ἐς
1212 937 1422 995 Μέμφιν,
1456 939 1597 996 ἐφάνη
1615 942 1690 984 Αἰ-

83 1016 254 1086 gffibassetz
261 1018 360 1086 2531:
417 1010 638 1065 γυπτίοισι
668 1006 691 1050 ὁ
719 1006 864 1059 Ἆπις,
902 1010 978 1053 τὸν
1005 1007 1434 1067 ’ΈλληνεςἼΕπαφον
1470 1012 1686 1055 καλέουσι.

165 1072 173 1086 ‚

360 1164 394 1189 κ.
424 1163 455 1187 τ.
484 1147 538 1198 λ.]
586 1147 654 1188 καὶ
692 1161 772 1185 cum
816 1148 1023 1198 Schweigh.

361 1210 400 1244 et
439 1205 557 1242 Gaisf.
600 1205 758 1256 reposui.
833 1204 1024 1242 Abiecerat

359 1262 634 1311 Wesselingius.
666 1262 773 1298 Hanc
792 1274 877 1298 vero
897 1274 1024 1298 narra-

358 1319 507 1365 tionem,
527 1320 573 1356 de
594 1330 667 1368 qua
687 1319 879 1354 conserunt
897 1318 1023 1355 lustin.

357 1376 386 1421 Ι,
410 1377 434 1415 9
461 1381 497 1413 et
524 1376 655 1412 Senec.
677 1375 830 1418 Quaest.
855 1373 956 1411 Natt.
978 1374 1024 1421 ΙΙ,

358 1433 425 1478 32,
450 1432 483 1468 ei
501 1432 585 1480 qui,
625 1443 719 1480 quae
741 1430 798 1468 vel
815 1431 1022 1468 recentibus

357 1489 581 1538 temporibus
602 1487 672 1524 illic
694 1488 867 1524 accidisse
893 1488 1022 1524 dicun-

357 1549 436 1590 tur,
475 1549 640 1594 reputet,
680 1543 887 1592 multosque
915 1557 1023 1595 pere-

359 1602 546 1650 grinantes
567 1612 639 1638 una
654 1613 735 1637 cum
751 1600 909 1646 camelis,
931 1600 1024 1648 aliis,

360 1658 471 1695 arena
487 1659 602 1695 ventis
622 1656 759 1693 adflata
775 1657 924 1693 obrutos
944 1670 1024 1694 esse

357 1714 480 1760 norit,
531 1714 675 1750 minime
703 1713 949 1750 incredibilem
973 1714 1024 1749 vi-

359 1771 438 1807 deri
475 1771 533 1806 vix
576 1767 653 1816 est,
704 1770 806 1818 quod
843 1782 1025 1806 moneam.

360 1827 460 1870 Quin
489 1827 588 1876 quod
611 1826 666 1862 his
688 1825 776 1875 ipsis
802 1826 838 1862 in
862 1826 1024 1875 regioni-

359 1883 447 1929 bns,
487 1884 524 1919 in
553 1883 683 1931 quibus
706 1883 898 1931 Cambysis
921 1895 1024 1920 exer-

360 1940 468 1976 citum
486 1939 638 1989 periisse
658 1938 848 1976 verisimile
867 1944 934 1985 est,
955 1951 1024 1975 nu-

360 2008 429 2045 per
490 1995 686 2031 admodum
738 1994 818 2031 loca
880 1995 1024 2041 altiora,

361 2063 405 2088 ex
464 2051 606 2087 ossibus
680 2063 774 2099 quae
843 2056 1022 2096 constant,

361 2107 460 2144 terra
481 2106 726 2157 sepulcrorum
751 2107 799 2144 ad
824 2107 938 2143 instar
961 2120 1022 2143 su-

355 2164 611 2214 perimposita,
651 2163 798 2200 inventa
821 2169 926 2209 sunt,
957 2165 1023 2200 tri-

356 2220 458 2268 ginta
485 2232 656 2264 numer0,
688 2232 782 2268 quae
802 2219 946 2268 singula
965 2219 1022 2257 vel

357 2281 500 2313 centum
525 2277 693 2324 adeoque
713 2276 815 2325 plura
836 2276 1021 2313 hominum

358 2332 538 2369 cadavera
554 2332 740 2369 continere
752 2335 948 2382 potuerint.
973 2333 1026 2369 Ac

358 2387 481 2437 plures
513 2388 713 2424 istiusmodi
744 2388 852 2425 colles
878 2390 955 2426 sore
986 2393 1025 2425 ut

359 2445 610 2489 inveniantur,
649 2444 842 2481 adfirmant
862 2445 1026 2482 deserto-

360 2513 438 2537 rum
466 2502 618 2536 istorum
650 2500 800 2537 incolae.
846 2500 923 2536 Vid.
945 2502 1026 2536 Rit-

361 2561 426 2593 ter.
458 2556 659 2592 Erdknnde
693 2556 705 2591 1
732 2569 814 2606 pag.
837 2558 918 2596 968
946 2556 1023 2593 coll.

360 2612 489 2650 ldeler.
512 2613 532 2648 l.
552 2612 572 2648 Ι.
592 2626 624 2661 p.
648 2614 742 2657 417,
774 2613 843 2658 cui,
865 2625 958 2660 qnae
979 2614 1026 2649 de

363 2681 512 2706 numero
550 2668 726 2705 exercitus
751 2668 941 2705 Persarum
972 2669 1028 2705 liic

363 2730 566 2770 narrantur,
597 2730 820 2772 exaggerata
840 2725 1026 2769 videntur3

364 2781 496 2818 Persas
516 2781 575 2818 ille
601 2786 731 2830 putat,
770 2793 790 2816 a
819 2781 1027 2817 ductoribus

364 2837 557 2888 Aegyptiis
582 2839 617 2873 in
637 2837 765 2873 mediis
789 2838 941 2874 desertis
963 2838 1028 2873 de-

364 2894 506 2931 relictos
526 2899 562 2931 et
578 2894 756 2944 proditos,
786 2893 837 2930 ita
855 2906 944 2944 prae
964 2893 1028 2931 de-

1079 1150 1297 1199 fatigatione
1342 1150 1574 1198 omniumque
1612 1162 1746 1197 rerum,

1079 1218 1197 1256 aquae
1209 1207 1434 1258 praesertim,
1448 1206 1571 1256 inopia
1580 1207 1745 1257 periisse.

1264 1295 1295 1332 c
1307 1308 1327 1333 a
1337 1309 1373 1347 p.
1408 1295 1559 1332 xxvii.

1137 1371 1161 1413 ὁ
1179 1370 1314 1425 ’Ἁπις]
1353 1363 1512 1412 Auctore
1530 1375 1664 1413 Siebel.
1697 1375 1746 1412 ad

1078 1431 1234 1469 Pausan.
1258 1432 1288 1478 Ι,
1312 1433 1361 1472 18
1389 1445 1423 1481 p.
1444 1431 1498 1471 57
1523 1435 1559 1469 et
1582 1432 1628 1478 ΙΙ,
1650 1432 1674 1472 5
1707 1429 1744 1482 5.

1080 1488 1105 1528 5
1133 1501 1166 1536 p.
1192 1489 1269 1528 176
1291 1488 1519 1525 scribendum
1541 1488 1609 1525 erit
1633 1482 1746 1534 ’Ἆπις

1080 1548 1119 1581 et
1131 1540 1263 1590 ῗΛπιν,
1289 1557 1369 1581 cum
1388 1545 1487 1594 prior
1504 1544 1641 1592 syllaba
1660 1557 1746 1595 pro-

1080 1602 1242 1638 ducatur.
1282 1601 1390 1637 Conf.
1419 1600 1482 1647 lll,
1509 1602 1562 1641 28
1582 1606 1619 1638 et
1636 1612 1747 1651 supra

1081 1657 1127 1703 ll,
1158 1657 1246 1697 153.

1137 1709 1204 1751 τὸν
1229 1708 1422 1762 ”Έλληνες
1444 1708 1638 1761 ’Έπαφον
1675 1727 1747 1751 κα-

1081 1767 1233 1818 λέουσι]
1286 1768 1366 1805 Vid.
1391 1774 1482 1806 nott.
1513 1769 1562 1806 ad
1588 1769 1634 1816 ΙΙ,
1666 1768 1745 1810 153

1081 1826 1141 1863 fin.
1164 1831 1200 1863 et
1219 1826 1266 1861 ad
1288 1826 1353 1871 ΙΙΙ,
1374 1827 1439 1865 28.
1488 1825 1571 1863 Hoc
1601 1825 1680 1862 loco
1703 1837 1747 1863 ex

1081 1883 1256 1920 Crenzeri
1287 1881 1447 1930 symbol.
1474 1882 1486 1918 Ι
1509 1895 1545 1932 p.
1566 1880 1649 1922 482
1668 1894 1745 1931 seq.

1081 1938 1170 1975 illud
1191 1951 1299 1975 unum
1320 1938 1560 1984 monebimus,
1588 1937 1747 1988 Apidem

1081 1995 1236 2032 Osiridis
1267 1995 1387 2031 vivum
1412 1995 1516 2044 quasi
1542 1994 1747 2043 symbolum

1081 2052 1240 2100 indeque
1262 2051 1519 2088 foecunditatis
1540 2052 1669 2097 omnis,
1697 2051 1747 2088 si-

1080 2121 1124 2144 ve
1144 2107 1232 2144 Sole
1261 2108 1338 2144 sive
1362 2106 1447 2144 Nilo
1467 2107 1528 2144 illa
1555 2107 1744 2154 efficiatur,

1078 2165 1222 2212 signum
1255 2176 1336 2201 esse
1376 2163 1563 2211 habitum,
1609 2165 1747 2215 quippe

1080 2221 1180 2269 quod
1202 2221 1323 2256 omnia
1345 2221 1545 2267 contineat,
1571 2233 1665 2270 quae
1682 2220 1748 2257 sub

1080 2277 1227 2313 Osiride
1248 2277 1360 2313 latere
1380 2277 1558 2326 putabant
1577 2278 1749 2314 sacerdo-

1082 2338 1148 2369 tes.
1189 2333 1246 2369 'l‘u
1268 2334 1360 2369 cons.
1381 2334 1544 2382 inprimis
1567 2333 1658 2369 Plut.
1687 2333 1747 2370 De

1082 2389 1166 2425 Isid.
1196 2396 1231 2426 et
1256 2390 1389 2426 Osirid.
1422 2403 1457 2439 p.
1479 2391 1558 2430 368
1581 2390 1623 2426 C.
1673 2389 1748 2433 Qui

1082 2446 1178 2481 idem
1199 2445 1288 2494 Apis
1311 2446 1393 2482 hinc
1412 2446 1497 2481 Isidi
1518 2458 1666 2494 quoque
1685 2457 1746 2481 sa-

1082 2514 1142 2538 cer
1160 2501 1371 2546 habebatur,
1403 2506 1440 2537 ut
1454 2507 1635 2538 testantur
1651 2512 1747 2550 quae

1082 2557 1204 2594 attulit
1224 2557 1443 2605 il‘esselirig.
1473 2559 1520 2593 ad
1542 2557 1693 2594 Diodor.
1716 2557 1746 2603 Ι,

1085 2617 1149 2653 21.
1199 2614 1311 2650 Hicce
1350 2619 1472 2649 taurus
1510 2613 1540 2649 si
1580 2619 1746 2663 repertus

1084 2674 1182 2715 erat,
1213 2668 1364 2706 solemni
1383 2682 1517 2720 pompa
1536 2682 1557 2706 a
1576 2670 1748 2706 sacerdo-

1084 2726 1179 2762 tibus
1223 2726 1473 2762 arcessebatur
1514 2731 1549 2762 et
1590 2730 1747 2774 quatuor

1085 2795 1150 2831 per
1171 2794 1314 2818 menses
1337 2782 1371 2818 in
1393 2782 1546 2818 aedibus
1570 2783 1746 2820 orientem

1085 2850 1207 2875 versus
1227 2839 1437 2888 patentibus
1459 2838 1623 2875 alebatur
1642 2839 1746 2877 sesti-

1085 2907 1156 2943 que
1181 2895 1259 2932 dies
1280 2895 1364 2932 inde
1386 2895 1431 2931 ab
1452 2895 1647 2933 interlunio
1668 2896 1747 2945 agi-
