1863 3256
322 165 408 206 200

711 163 1176 204 HERODOTI

324 271 400 316 καὶ
428 270 478 316 τὸ
507 271 586 327 μὲν
615 270 726 317 δασύ
755 276 845 317 τῶν
872 272 1036 317 τέκνων
1064 273 1111 317 ἐν
1140 275 1193 329 τῇ
1221 273 1398 329 γαστρί·
1452 270 1501 316 τὸ
1532 272 1591 325 δὲ,

325 341 480 395 ψιλόν·
518 342 567 386 τὸ
599 343 667 395 δὲ,
707 342 804 398 ἄρτι
834 342 879 386 ἐν
908 348 1007 400 τῇσι
1035 343 1221 401 μήτρῃσι
1250 343 1505 386 πλάσσεται·
1544 343 1650 387 τό65

297 414 399 466 4δὲ,
439 412 696 470 ἀναιρέεται.
749 419 881 458 τοῦτο
919 416 998 470 μὲν
1035 416 1088 471 δὴ
1129 413 1303 457 τοιοῦτό
1333 414 1433 457 ἐστι.
1489 412 1516 469 ἡ
1548 414 1594 458 δὲ

327 484 380 541 δὴ
409 484 579 537 λέαινα,
617 483 692 528 ἐὸν
722 485 1008 540 ἰσχυρότατον
1036 485 1111 529 καὶ
1138 484 1444 540 θρασύτατον,
1482 484 1595 538 ἅπαξ

325 554 373 599 ἐν
389 559 450 614 τῷ
470 557 553 613 βίῳ
585 556 715 598 τίκτει
745 555 814 596 ἕν·
851 557 1059 600 τίκτουσα
1087 554 1194 612 γὰρ,
1226 555 1508 611 συνεκβάλλει
1533 559 1596 613 τῷ

298 625 465 684 5τέκνῳ
493 624 572 676 τοὶς
601 625 778 680 μήτρας.
835 626 884 670 τό
916 626 962 670 δὲ
993 629 1136 670 αἴτιον
1164 626 1324 669 τούτου
1353 625 1452 669 τόδε
1485 627 1653 670 {ovi-70

326 695 458 740 ἐπεάν
478 694 501 740 ὁ
522 694 714 751 σκύμνος
743 695 791 738 ἐν
819 700 873 754 τῇ
901 696 1038 754 μήτρῃ
1060 697 1144 741 {niv
1173 696 1353 752 ἄρχηται
1383 697 1595 742 διακινεό-

326 785 476 825 μενος,
516 765 538 810 ὁ
572 766 639 819 δὲ,
677 767 786 822 ἔχων
823 767 983 824 ὄνυχας
1019 769 1191 823 θηρίων
1226 767 1391 811 πολλόν
1421 768 1596 812 πάντων

327 836 589 890 ὀξυτάτους,
622 836 809 894 ἀμύσσει
834 837 911 889 τοὶς
932 838 1117 894 μήτρας·
1157 837 1454 895 αὐξανόμενος
1473 855 1517 883 τε
1541 839 1595 896 δή

325 911 474 968 πολλῷ
502 912 669 964 μᾶλλον
699 907 933 953 ἐσικνέεται
961 907 1280 965 καταγνάφων·
1321 908 1451 961 πέλας
1470 926 1513 954 τε
1544 911 1597 967 δὴ

270 1100 381 1138 simus
392 1098 591 1144 Leuckart‚
611 1096 698 1134 inde
717 1096 934 1147 repetenda,

271 1157 373 1206 quod
391 1156 495 1206 lepus
516 1154 696 1204 duplicem
716 1153 828 1191 habet
852 1158 934 1191 ute—-

272 1226 365 1259 rum,
394 1212 443 1249 ita
467 1216 509 1249 ut
528 1211 676 1257 semina,
708 1210 737 1246 si
759 1210 830 1246 iam
849 1222 935 1259 gra-

273 1263 358 1306 vida
378 1269 438 1315 sit,
457 1269 579 1315 denuo
598 1279 722 1304 semen
743 1266 935 1316 concipere

274 1338 394 1375 eoque
406 1325 516 1362 modo
533 1335 556 1360 a
574 1323 734 1374 pluribus
754 1323 857 1359 simul
876 1335 936 1358 su-

270 1383 478 1433 persoetare
495 1380 625 1431 possit.
652 1379 759 1416 Conf.
780 1378 935 1427 Allgem.

271 1439 370 1476 Hist.
390 1438 424 1474 d.
448 1436 569 1474 Natur
591 1435 632 1472 P.
654 1436 703 1471 111
725 1434 772 1472 Τ.
792 1435 824 1471 ll
849 1447 935 1485 pag.

275 1494 351 1536 141
385 1492 538 1544 (Hamb.
560 1497 597 1529 et
614 1491 714 1541 Lips.
738 1492 857 1532 1757.
881 1489 935 1541 4).

270 1550 399 1599 Itaque
436 1553 536 1587 recte
570 1548 688 1585 Linne
717 1548 753 1584 in
789 1552 938 1595 system.

273 1606 426 1644 natur.1
455 1618 541 1656 pag.
573 1607 649 1645 161
687 1603 745 1642 ed.
778 1603 936 1641 Gmelin.

273 1662 418 1701 scribit:
448 1662 682 1708 „immensus
711 1660 780 1708 (sc.
813 1659 938 1710 lepus)

270 1718 512 1770 parturitione
529 1730 595 1768 per
610 1721 723 1754 totam
745 1720 936 1763 aestatem,

270 1775 584 1826 superfoetatione
603 1773 700 1810 haud
720 1774 840 1810 rara.“

329 1826 566 1882 ἀναιρέεται]
599 1831 621 1867 i.
642 1843 673 1867 e.
694 1831 854 1880 concipit.
874 1828 934 1865 Cf.

273 1888 427 1926 Cattier.
460 1885 664 1936 Gazophyl.
695 1898 782 1936 pag.
816 1887 871 1926 70
900 1888 937 1921 et

270 1944 452 1982 Herodot.
470 1943 532 1982 VI.
547 1945 611 1984 69.
644 1942 854 1978 Athenaeus
874 1939 895 1976 l.
912 1940 932 1977 l.

270 1999 548 2051 ἔπαναίρεται,
597 1997 810 2035 Eustathius
849 1997 869 2033 Ι.
911 1996 934 2036 l.

271 2054 565 2107 ἐπαναιρέεται,
595 2055 698 2104 quod
734 2053 785 2090 sic
819 2052 935 2103 expli-

274 2118 353 2150 cat:
406 2106 716 2162 ἐπιλαμβάνεται
761 2108 829 2148 καὶ
869 2107 935 2148 ἐπὶ

268 2173 352 2215 τοῖς
399 2164 478 2220 πρό
524 2163 649 2206 αὐτοῦ
687 2164 934 2216 τελεωτέροις

270 2221 447 2275 κυήμασι
470 2225 741 2274 σπερματικῶς
766 2225 933 2271 συλλαμ-

271 2277 444 2332 βάνεται.
503 2280 700 2318 Salmasius
737 2280 773 2316 in
817 2278 933 2315 Solin.

272 2351 360 2388 pag.
390 2338 471 2378 283
503 2336 718 2373 Herodotea
746 2348 827 2372 cum
859 2334 934 2371 Pli-

271 2393 388 2430 nianis
420 2404 646 2442 comparans,
676 2391 860 2441 praeferre
882 2391 935 2426 vi-

273 2450 382 2486 detur
416 2447 679 2498 ἕπαναίρεται.
747 2447 824 2483 Sed
859 2446 935 2482 inre

271 2505 455 2554 vulgatum
476 2509 596 2540 tuetur
622 2503 795 2540 Valcken.

329 2559 358 2611 ἦ
381 2558 422 2599 δὲ
444 2556 493 2608 δή
515 2558 652 2597 λέαινα
681 2579 731 2585 —-
764 2554 870 2604 {imag
893 2556 935 2595 ἕν

273 2619 329 2672 τῷ
350 2617 424 2670 βίῳ
448 2616 567 2654 τίκτει
593 2614 658 2664 ἓν]
693 2614 830 2650 Eadem
861 2614 936 2649 An-

274 2675 388 2723 tigon.
419 2673 560 2721 Caryst.
589 2671 642 2711 25
673 2675 708 2707 et
731 2670 770 2706 A.
797 2669 934 2706 Gellius

276 2730 326 2769 N.
344 2731 419 2767 Att.
439 2729 537 2774 Xlll,
557 2730 596 2773 7,
623 2731 776 2764 notante
799 2724 935 2771 valck„

277 2788 338 2838 qui
357 2786 477 2823 omnia
487 2785 624 2822 hanciu
642 2795 717 2820 rem
730 2794 750 2819 a
766 2781 934 2818 Boehart.

992 1096 1200 1135 Hierozoic.
1218 1096 1233 1134 1
1253 1096 1335 1134 Lib.
1352 1097 1401 1134 111
1424 1110 1504 1149 cap.
1519 1100 1546 1139 2
1568 1111 1657 1136 con-

993 1158 1100 1202 gesta
1130 1166 1212 1192 esse
1223 1154 1335 1194 .dicit.
1393 1153 1504 1191 Falsa
1534 1159 1655 1193 autem

994 1223 1087 1257 esse,
1103 1222 1197 1259 quae
1208 1210 1419 1247 Herodotus
1438 1211 1573 1256 scribit,
1586 1212 1656 1248 du-

994 1267 1080 1303 dum
1114 1266 1253 1303 monuit
1281 1265 1495 1304 Aristoteles
1531 1267 1580 1306 H.
1609 1267 1654 1305 A.

993 1323 1057 1369 Vl,
1078 1324 1127 1362 31
1159 1327 1385 1371 monentque
1413 1327 1564 1361 naturae
1592 1337 1656 1361 cu-

992 1379 1079 1415 riosi
1110 1379 1237 1415 nostra
1268 1383 1402 1417 aetate.
1479 1378 1539 1417 Ne
1568 1393 1655 1418 vero

994 1436 1074 1483 quis
1095 1435 1300 1481 Herodoto,
1312 1436 1373 1484 qui
1391 1435 1570 1473 Arabibus
1590 1449 1656 1474 sua

993 1492 1149 1538 debeat,
1187 1492 1465 1529 obtrectandum
1494 1497 1655 1539 censeat,

993 1547 1133 1585 Arabes
1151 1547 1250 1598 ipsos
1281 1547 1362 1585 eam
1389 1549 1550 1586 tenuisse
1576 1550 1657 1600 opi-

993 1605 1161 1650 monem,
1192 1605 1263 1653 qua
1283 1603 1413 1642 leaena
1439 1604 1551 1643 semel
1574 1609 1658 1642 tan-

993 1665 1069 1697 tum
1090 1673 1201 1697 unum
1223 1664 1287 1697 aut
1305 1661 1354 1697 ad
1373 1661 1567 1699 maximum
1583 1662 1658 1700 duo

992 1722 1099 1753 natos
1135 1729 1266 1766 parere
1296 1717 1584 1766 existimaretur,
1613 1730 1658 1756 ex

992 1785 1065 1810 una
1096 1772 1299 1810 Locmanni
1337 1774 1459 1810 sabula
1496 1775 1657 1823 quadam

991 1829 1129 1879 optime
1142 1828 1364 1877 intelligitur.
1373 1830 1495 1867 Semel
1504 1836 1658 1879 quotan-

992 1886 1049 1922 nis
1081 1885 1209 1923 leaena
1240 1898 1353 1922 verno
1385 1891 1550 1936 tempore
1586 1899 1655 1937 pa-

993 1942 1053 1987 rit,
1083 1946 1123 1978 ut
1141 1946 1239 1979 recte
1263 1942 1375 1979 tradit
1393 1942 1605 1981 Aristoteles
1631 1942 1654 1980 l.

992 1996 1038 2044 l.‚
1070 2010 1223 2046 quocum
1250 1999 1344 2034 conf.
1373 1998 1528 2048 Allgem.
1561 1999 1656 2036 Hist.

993 2054 1030 2090 d.
1051 2053 1138 2091 Nat.
1161 2053 1201 2090 P.
1223 2054 1254 2091 V
1273 2054 1320 2092 T.
1343 2053 1358 2090 Ι
1389 2067 1476 2105 pag.
1498 2058 1560 2096 12.
1605 2055 1657 2093 Et

991 2110 1206 2161 plerumque
1248 2123 1359 2147 unum
1400 2113 1511 2149 modo
1546 2113 1656 2162 parit,

993 2179 1214 2215 quamquam
1243 2165 1389 2204 Parisiis
1422 2181 1530 2205 unam
1559 2167 1658 2205 leae-

992 2235 1076 2260 nam
1109 2227 1165 2259 ter
1194 2223 1324 2260 eodem
1347 2236 1443 2260 anno
1470 2225 1657 2274 peperisse

992 2292 1035 2317 ex
1054 2279 1150 2316 Mus.
1171 2279 1305 2316 (mist.
1331 2284 1405 2316 nat.
1427 2280 1515 2317 fasc.
1538 2279 1571 2316 11
1590 2281 1657 2318 ad-

991 2339 1096 2372 notat
1115 2335 1163 2371 ad
1186 2335 1219 2371 h.
1241 2334 1262 2371 l.
1286 2336 1491 2384 Schweigh.

1050 2387 1303 2440 συνεκβάλλει
1324 2413 1375 2418 —
1396 2388 1466 2437 τὰς
1485 2387 1651 2443 μήτρας]

993 2447 1097 2483 Haec
1139 2460 1286 2495 quoque
1317 2448 1445 2484 sabulis
1478 2450 1655 2487 adnume-

994 2503 1109 2539 tanda
1135 2515 1217 2539 osse
1238 2502 1345 2540 docet
1372 2504 1557 2542 Aristotel.
1585 2506 1608 2543 l.
1630 2505 1655 2543 l.

1050 2556 1261 2596 ἐσικνέεται
1284 2556 1568 2612 καταγνάφων]
1599 2562 1656 2599 Ita

992 2627 1071 2650 cum
1100 2615 1306 2662 Schweigh.
1340 2621 1376 2652 et
1405 2617 1522 2655 Gaisf.
1553 2618 1655 2655 exhi-

991 2670 1065 2716 bui,
1089 2671 1224 2707 «ludum
1249 2673 1300 2707 sie
1318 2672 1465 2711 iubente
1490 2674 1660 2722 Wessel.,

992 2739 1057 2775 pro
1080 2725 1310 2774 ἐπικνέεται,
1345 2729 1463 2777 (quod
1487 2730 1653 2768 meliores

992 2781 1072 2819 libri
1092 2790 1286 2834 respuunt)
1298 2781 1578 2840 καταγράφων,
1592 2799 1654 2824 cu-

1658 700 1744 743 252

1829 339 1863 389 ios
