1946 3272
582 212 931 254 THALIA.
991 213 1053 251 111.
1372 219 1455 260 105

156 335 265 383 3νης
292 326 410 383 νηόν.
461 325 568 382 ἕκτῳ
599 322 645 366 δὲ
676 322 760 366 ἔτεϊ
776 324 1004 379 Αἰγινῆται
1034 321 1198 372 αὐτούς
1225 325 1443 380 ναυμαχίῃ
1458 332 1500 364 80
1512 325 1789 395 ‘rssgussmssffiffr‘ffl

184 398 434 453 νικήσαντες
462 392 841 450 ἠνδραποδίσαντο
873 393 977 449 μετὰ
1007 396 1218 450 Κρητῶν·
1265 393 1340 435 καὶ
1369 398 1456 436 τῶν
1513 391 1628 452 illl-{tum
1659 394 1787 429 Aegine-

184 473 303 525 νηῶν
321 467 536 520 καπρίους
555 466 770 521 ἐχουσέων
797 464 873 516 τὰς
900 463 1079 520 πρώρας
1108 463 1457 521 ἠκρωτηρίασαν,

184 540 254 583 καὶ
284 536 499 581 ἀνέθεσαν
528 536 572 588 ἐς
601 538 651 580 τὸ
682 537 782 593 ἴρόν
810 542 886 594 τῆς
925 535 1161 593 Ἀθηναίης
1202 535 1250 579 ἐν
1285 537 1458 593 Αἰγίνῃ.

125 720 208 747 men
232 707 324 745 deae
355 707 514 744 inditum
544 711 705 745 amonte
725 720 787 744 ur-

125 766 245 813 beque
273 765 503 812 cognomine.
554 763 651 811 'Nam
674 765 710 801 in
730 764 784 801 his

124 821 260 857 Cretae
295 820 433 858 insulae
468 821 678 869 regionibus
715 821 786 858 dea

122 877 288 914 venatrix
322 878 537 914 commorari
575 878 784 927 putabatur.

122 933 182 971 De
204 945 278 982 qua
298 939 383 984 post
403 934 605 985 Spanhem.
632 934 678 970 ad
698 934 784 971 Cal-

122 989 263 1027 limach.
278 991 314 1027 in
326 991 434 1028 Dian.
449 992 530 1031 205
552 991 786 1041 disputarunt

124 1046 300 1084 Creuzer.
331 1048 368 1084 in
389 1047 551 1095 Symbol.
573 1048 620 1083 lv
648 1061 684 1097 p.
707 1049 786 1088 150

124 1116 227 1152 seqq.
252 1103 296 1140 C.
319 1104 366 1141 O.
386 1103 528 1141 Miiller.
550 1104 732 1153 Aeginett.
750 1117 786 1154 p.

128 1161 219 1199 165.
245 1160 388 1197 Hoeck.
411 1161 521 1197 Creta
543 1160 554 1196 l
574 1174 610 1210 p.
634 1161 687 1201 24
708 1173 786 1209 seq.

122 1216 243 1253 Huius
272 1221 393 1253 autem
425 1217 518 1254 deae
539 1230 644 1254 sacra
667 1230 747 1253 cum
765 1229 787 1253 a

122 1273 254 1309 Samiis
266 1272 405 1310 Noster
422 1278 565 1323 repetat
582 1272 702 1324 (cuius
718 1274 787 1310 hac

121 1329 158 1365 in
186 1342 227 1367 re
258 1330 506 1367 testimonium
524 1352 581 1357 -—
603 1343 687 1367 nam
718 1331 787 1366 Sa-

122 1386 276 1423 miorum
313 1399 371 1423 res
408 1391 577 1424 accurate
617 1392 787 1432 noverat3

121 1443 217 1482 conf.
245 1447 341 1480 nott.
369 1444 417 1480 ad
447 1443 510 1490 lll,
538 1445 591 1485 60
613 1465 667 1472 —
690 1444 788 1481 omni

121 1499 196 1537 fide
223 1500 414 1548 dignum),
454 1500 544 1538 haee
570 1507 625 1538 est
645 1500 789 1538 Miilleri

121 1555 145 1593 l.
166 1555 187 1593 l.
212 1558 406 1603 sententia,
426 1557 674 1604 Britomartis,
694 1570 788 1607 quae

121 1612 269 1664 proprie
299 1625 340 1650 ac
367 1614 533 1664 primitus
555 1615 787 1652 Cretensium

122 1670 234 1707 suerit
257 1669 349 1716 dea,
381 1675 416 1707 et
432 1670 660 1720 Dictynnae,
693 1683 789 1720 quae

123 1726 250 1763 Samia
276 1726 347 1763 dea
382 1727 512 1773 suerit,
554 1740 657 1764 sacra
684 1733 788 1778 post-

123 1783 234 1820 modo
251 1784 352 1832 apud
371 1784 598 1831 Cydoniatas
619 1785 655 1821 in
678 1797 788 1821 unum

122 1839 322 1885 coaluisse,
359 1840 410 1876 ita
441 1845 481 1877 ut
514 1843 671 1890 posteris
696 1847 789 1878 tem-

121 1896 272 1946 poribus
303 1896 539 1933 Britomartis
574 1899 686 1935 etiam
720 1897 788 1934 Di-

121 1956 280 2001 ctynnae
307 1953 455 1990 nomine
483 1966 550 2003 per
571 1955 705 1992 Cretae
729 1967 789 1990 ur-

121 2009 188 2046 bes
213 2009 392 2046 coleretur
420 2010 590 2060 adeoque
620 2024 688 2061 pro
713 2023 788 2048 uno

122 2066 329 2115 eodemque
358 2068 506 2105 numine
535 2073 689 2117 utraque
718 2068 788 2106 dea

121 2122 328 2160 haberetur.

183 2178 278 2233 ἕκτῳ
293 2177 334 2217 ὁὲ
349 2178 662 2231 ἕτεϊΑἰγινῆται]
678 2181 787 2218 Conf.

122 2235 257 2273 Strabo
283 2236 365 2274 VIII
395 2251 431 2287 p.
456 2239 538 2278 376
571 2251 608 2287 p.
638 2239 720 2278 577
742 2237 786 2274 Α.

123 2292 228 2336 Quae
256 2294 292 2330 in
321 2293 470 2344 Olymp.
500 2294 616 2340 LXV,
647 2297 672 2334 2
700 2294 788 2331 inci·

123 2349 211 2387 dere
235 2351 365 2387 statuit
389 2351 432 2387 C.
457 2351 504 2387 O.
525 2350 656 2388 Miiller
677 2351 788 2400 Aegi-

123 2411 212 2443 nett.
232 2420 268 2457 p.
294 2410 384 2448 113.
430 2408 534 2445 Haec
555 2408 650 2445 enim
671 2409 787 2457 prima

124 2460 386 2512 Aeginetarum
411 2465 479 2501 fuit
500 2464 697 2514 expeditio,
724 2478 787 2501 cu-

124 2519 178 2555 ius
222 2521 271 2557 ad
324 2533 392 2558 nos
436 2522 604 2571 pervenit
645 2522 787 2567 notitia,

125 2578 319 2625 postquam
348 2577 398 2614 illi
427 2579 607 2614 civitatem
635 2578 681 2614 ab
698 2577 788 2628 Epi-

126 2630 332 2670 dauriorum
386 2638 574 2684 potestate
632 2633 787 2672 solutam

128 2688 403 2728 constituerant.
449 2691 503 2728 Ac
523 2703 632 2728 nemo
659 2692 788 2738 nescit,

128 2748 265 2791 quanta
279 2745 500 2785 incrementa
514 2748 709 2799 postmodo
728 2761 787 2786 ce-

127 2799 224 2849 perit
234 2800 490 2849 Aeginetarum
507 2817 566 2842 res
588 2803 725 2842 navalis
743 2817 788 2842 ac

128 2860 348 2906 mercatura,
377 2864 426 2914 ‘ut
451 2873 536 2899 mox
557 2862 651 2900 inter
670 2862 788 2900 Grae-

843 707 919 745 ciae
947 707 1105 758 populos
1131 705 1516 754 θαλασσοκρατοῦν-

842 779 913 811 τας
937 765 1154 802 reserantur.
1195 763 1304 800 Conf.
1332 762 1426 798 infra
1449 760 1512 807 lll,

845 823 938 862 139.
971 841 1026 848 —-
1065 820 1177 863 Quod
1214 820 1262 856 ad
1293 818 1407 855 verba
1440 833 1511 855 κα-

841 878 984 929 πρίους
1003 875 1198 926 ἐχουσέων
1217 876 1370 921 attinet,
1401 874 1510 923 vulgo

842 935 900 971 hic
927 933 1130 983 intelligunt
1158 947 1285 983 apros,
1319 943 1511 982 promtum

843 993 1026 1039 insignia,
1068 991 1222 1039 quibus,
1269 989 1511 1038 quemadmo-

845 1050 929 1085 dum
951 1048 1043 1085 aliae
1060 1052 1189 1096 gentes
1211 1046 1403 1092 arietibus,
1435 1045 1511 1083 leo-

844 1105 963 1150 nibus,
986 1103 1061 1141 aliis
1080 1104 1287 1140 istiusmodi
1305 1102 1432 1150 signis,
1460 1103 1511 1138 ita

844 1162 958 1197 Samii
977 1173 1089 1197 naves
1113 1172 1196 1196 suas
1217 1171 1395 1197 exornare
1415 1158 1513 1195 soliti

843 1218 990 1255 suerint.
1031 1216 1113 1253 vid.
1134 1216 1333 1253 Ruhnken.
1358 1215 1393 1251 in
1414 1215 1511 1252 Diss.

845 1275 891 1312 de
918 1286 1022 1310 narr.
1049 1276 1270 1323 parasemm.¹
1295 1273 1334 1309 in
1353 1272 1511 1322 Opuscc.

844 1330 974 1367 Acadd
1016 1343 1101 1380 pag.
1127 1332 1210 1371 279
1241 1328 1304 1380 (p.
1327 1330 1409 1369 418
1433 1328 1476 1365 T.
1497 1328 1511 1365 Ι

845 1388 903 1425 ed.
924 1385 1180 1436 Bergmann.).
1244 1385 1326 1423 Nec
1349 1385 1456 1423 aliter
1475 1385 1512 1422 in

843 1444 956 1493 Lycia
990 1444 1091 1494 apud
1122 1442 1329 1480 Phaselitas
1366 1443 1514 1479 navium

844 1513 972 1552 proras
990 1501 1089 1550 apris
1106 1501 1217 1537 fuisse
1238 1500 1429 1548 insignitas
1443 1513 1512 1536 nu-

846 1558 895 1595 mi
915 1562 1145 1603 monstrant,
1182 1558 1341 1594 docente
1361 1555 1514 1593 Eckhel.

844 1615 891 1653 D.
911 1614 958 1652 N.
981 1614 995 1650 l
1018 1614 1101 1651 Vol.
1126 1614 1175 1650 llI
1196 1627 1231 1663 p.
1251 1615 1298 1659 6,
1329 1625 1438 1663 quem
1459 1612 1514 1649 lo-

845 1685 925 1708 cum
966 1672 1213 1721 adscripserat
1248 1669 1314 1708 Cr.
1377 1670 1429 1707 At
1465 1670 1513 1707 de

844 1728 1050 1765 istiusmodi
1062 1728 1284 1765 ornamentis
1296 1728 1441 1764 navium
1454 1727 1513 1763 hic

845 1785 1000 1832 cogitari
1031 1797 1141 1834 posse
1165 1790 1280 1832 negat
1307 1783 1439 1821 Naeke
1464 1783 1512 1820 ad

845 1841 1007 1878 Choerili
1038 1842 1205 1890 fragmm.
1236 1853 1273 1890 p.
1298 1842 1398 1886 157,
1442 1845 1515 1877 tam

846 1898 893 1934 ob
917 1897 1079 1935 Choerili
1109 1910 1252 1935 versum
1278 1896 1408 1948 (apud
1437 1896 1517 1934 He-

847 1954 944 2003 sych.
978 1960 1064 1991 δήν.
1097 1951 1300 2005 Σαμιακός
1338 1948 1514 2002 τρόπος)

846 2011 1042 2061 ipsumque
1062 2011 1314 2057 Herodotum,
1347 2011 1409 2060 qui
1428 2023 1516 2061 pro-

845 2081 904 2104 ras
937 2068 1083 2105 navium
1122 2081 1211 2119 apro
1243 2074 1422 2117 tanquam
1457 2068 1515 2104 in-

846 2125 943 2174 signi
973 2130 1121 2162 ornatas
1154 2137 1342 2174 nunquam
1373 2124 1513 2174 καπρί-

847 2196 918 2227 ους
957 2182 1119 2218 dicturus
1154 2183 1306 2228 suisset,
1355 2186 1430 2217 tum
1464 2182 1511 2218 ob

845 2238 927 2289 ipsa
949 2238 1124 2288 Hesychii
1148 2238 1284 2285 verba,
1315 2250 1358 2275 ex
1380 2238 1511 2287 quibus

844 2295 967 2345 potius
996 2307 1109 2332 naves
1139 2296 1210 2331 sint
1235 2293 1512 2343 intelligendae,

845 2363 941 2400 quae
962 2364 1036 2388 non
1063 2352 1143 2402 apri
1165 2351 1309 2401 insigne
1329 2351 1367 2388 in
1387 2363 1512 2401 prora,

845 2408 913 2445 sed
939 2407 1053 2458 ipsius
1085 2421 1218 2458 prorae
1245 2409 1514 2446 extremitatem

844 2465 1012 2502 obtusam
1039 2465 1236 2502 habuerint
1265 2470 1301 2502 et
1327 2466 1512 2511 reflexam,

844 2526 883 2557 ut
898 2521 944 2558 sit
955 2524 1029 2558 suis
1041 2527 1200 2559 rostrum
1212 2536 1222 2567 3
1251 2521 1350 2559 unde
1364 2523 1513 2569 factum,

844 2583 885 2614 ut
905 2579 986 2628 ipsa
1014 2579 1117 2615 navis
1149 2579 1221 2616 suis
1249 2579 1434 2628 quandam
1463 2579 1514 2615 si-

843 2634 1086 2673 militudinem
1113 2648 1204 2686 prae
1227 2648 1267 2673 se
1294 2637 1390 2673 serre
1410 2635 1514 2672 vide-

843 2695 956 2730 retur.

902 2746 942 2794 ἐς
958 2743 1002 2786 τό
1029 2743 1118 2796 ἴρόν
1138 2749 1212 2798 τῆς
1228 2743 1447 2798 Ἀθηναίης
1466 2743 1509 2784 ἐν

843 2802 1010 2859 Αἰγίνῃ]
1048 2805 1154 2843 Haec
1174 2805 1337 2854 intelligo
1359 2804 1406 2841 de
1425 2801 1507 2839 Mi-

843 2873 956 2899 nerva
988 2860 1163 2908 Peliade,
1218 2866 1259 2899 ut
1302 2859 1382 2898 aliis
1421 2858 1508 2896 locis
