1863 3256
491 243 1314 293 ADHERODOT.1V‚32.
1577 253 1662 292 665

147 362 260 413 priori
280 362 454 411 disputat.
475 360 522 398 de
541 359 794 410 Hyperboreis
817 361 923 409 parte
944 356 1161 406 (Marburg.
1189 360 1296 400 1825
1327 363 1391 408 8.)
1425 376 1458 412 p.
1483 365 1662 408 7—26;

148 428 279 477 quibus
308 428 394 464 add.
421 427 520 478 Hug.
543 426 762 465 Untersuch.
794 426 885 464 iiber
913 426 950 462 d.
979 424 1095 474 Myth.
1128 438 1214 475 pag.
1239 427 1304 466 57.
1349 429 1384 464 T
1387 429 1456 466 asel
1478 429 1663 468 Dilucidd‚

148 496 281 534 Pindd.
307 497 356 532 ad
385 496 534 546 Olymp.
559 496 632 542 111,
663 494 716 536 25
740 499 778 532 et
798 495 846 531 K.
867 494 914 531 O.
937 493 1080 531 Miiller.
1097 492 1188 531 Dor.
1210 493 1223 529 1
1245 505 1331 543 pag.
1352 497 1433 534 267
1455 508 1558 546 seqq.
1580 500 1661 538 273

147 576 250 613 seqq.
265 593 275 612 ‚
305 565 368 613 qui
391 564 486 602 bene
509 564 619 611 vidit,
649 563 710 612 agi
728 563 786 599 hic
812 563 859 600 de
882 566 993 611 gente
1012 561 1098 598 ficta
1120 573 1163 597 ac
1190 561 1374 609 sabulosa,
1414 564 1470 598 cui
1491 570 1662 613 posterae

147 632 276 669 aetatis
305 635 377 668 tam
407 636 540 682 poetae
566 643 675 680 quam
703 630 906 680 geographi
939 634 1056 667 certas
1093 630 1271 678 quasdam
1301 629 1339 665 in
1371 628 1460 666 orbe
1484 635 1661 669 terrarum

147 700 254 738 sedes
281 700 470 749 assignare
498 698 722 745 studuerint,
765 698 877 735 modo
908 698 957 735 ad
986 696 1148 733 ultimum
1171 696 1430 743 Occidentem,
1470 699 1580 735 modo
1615 701 1662 736 ad

147 773 328 806 extremas
359 772 480 805 terrae
507 778 589 802 oras
625 764 792 803 boreales
819 765 1034 815 ablegantes
1063 764 1349 814 Hyperboreos3
1400 777 1492 814 quos
1521 765 1583 814 qui
1615 768 1664 802 ad

146 835 388 874 occidentales
416 839 536 872 terrae
573 838 698 884 partes
727 840 891 884 ponunt,
927 846 990 871 eos
1021 832 1170 880 egregie
1197 832 1295 880 salli,
1337 837 1423 883 post
1450 832 1542 870 alios
1569 846 1664 870 nunc

146 901 432 941 luculentissime
461 899 586 938 docuit
604 901 774 939 Viblcker.
797 900 915 950 Myth.
938 901 1076 950 Geogr.
1101 913 1187 951 pag.
1212 900 1290 941 150
1312 912 1416 950 seqq.
1440 903 1530 941 168.
1591 901 1666 938 Ita-

147 983 221 1020 que
250 983 299 1008 ne
323 971 366 1007 iis
394 970 541 1018 quidem
579 969 756 1007 accedere
784 982 1003 1020 possumuS,
1053 981 1150 1017 quae
1179 981 1296 1018 nuper
1325 970 1456 1005 statuit
1486 968 1664 1007 Niebuhr.

147 1038 246 1077 Hist.
257 1038 365 1075 Rom.
387 1038 507 1088 Ipag.
527 1037 580 1078 85
604 1050 684 1087 seq.
704 1037 763 1075 ed.
786 1050 855 1074 sec.
868 1066 879 1084 ,
908 1036 1194 1087 Hyperboreos,
1225 1035 1451 1086 Pelasgicam
1474 1037 1547 1075 scil.
1575 1050 1665 1086 gen-

146 1114 243 1154 tem,
284 1107 322 1143 in
341 1104 446 1143 Italia
473 1107 704 1155 quaerendos
731 1117 823 1143 esse.
879 1104 1021 1152 Nobis,
1058 1117 1152 1154 quae
1172 1105 1219 1142 de
1239 1104 1307 1142 hac
1325 1109 1437 1154 gente
1458 1110 1666 1152 narrantur,

145 1186 320 1224 magnam
350 1178 496 1225 partem
520 1174 652 1212 eodem
675 1173 878 1223 releganda
903 1173 1096 1219 videntur,
1139 1185 1212 1222 quo
1242 1174 1469 1210 narrationes
1498 1173 1546 1211 de
1570 1173 1667 1222 Gry-

146 1244 252 1297 phis,
294 1240 521 1293 Arimaspis,
569 1243 617 1280 de
655 1243 789 1292 quibus
832 1241 984 1290 singulis
1029 1253 1095 1278 suo
1134 1240 1215 1278 loco
1253 1242 1482 1287 monuimus3
1526 1241 1667 1292 quippe

148 1312 280 1351 eodem
300 1323 345 1349 ex
368 1311 470 1348 fonte
490 1310 612 1348 ducta.
671 1310 806 1360 Neque
834 1314 959 1346 tamen
987 1308 1012 1345 ii
1041 1321 1189 1354 sumus,
1230 1309 1291 1358 qui
1315 1309 1391 1346 veri
1414 1311 1504 1359 quid
1522 1309 1590 1346 sub
1611 1311 1666 1347 fa-

148 1380 255 1418 bulae
277 1378 471 1416 involucris
488 1378 603 1416 latere
625 1391 774 1428 prorsus
794 1390 991 1426 negemus3
1023 1378 1111 1427 quid
1129 1391 1216 1415 vero
1236 1377 1303 1414 hoc
1324 1377 1442 1427 ipsum
1462 1378 1530 1425 sit,
1561 1390 1669 1415 accu-

146 1449 258 1487 ratius
277 1447 440 1484 indicare
457 1445 517 1483 vix
534 1445 676 1493 licebit3
706 1458 928 1495 quamquam
950 1449 1099 1495 gentem
1118 1445 1304 1495 quandam
1322 1446 1360 1482 in
1379 1444 1531 1494 Scythia
1552 1445 1669 1483 videri

146 1518 260 1556 fuisse
277 1514 630 1565 Hyperboreorum,
669 1515 768 1552 unde
788 1527 891 1552 sacra
911 1514 972 1551 illa
995 1513 1079 1551 olim
1101 1513 1253 1551 Graecis
1276 1513 1413 1551 fuerint
1435 1512 1567 1560 allata,
1600 1513 1668 1549 mi-

146 1587 245 1624 nime
265 1583 436 1633 equidem
454 1581 591 1618 infitias
613 1581 753 1620 iverim.
811 1581 892 1620 Nec
921 1581 1028 1619 aliam
1057 1583 1136 1619 fere
1164 1582 1278 1632 ipsius
1299 1581 1486 1620 Herodoti
1506 1584 1669 1618 mentem

144 1654 257 1692 fuisse
278 1651 464 1702 suspicor,
493 1649 557 1698 qui
579 1649 738 1698 mythica
755 1649 836 1698 illa,
863 1650 1015 1700 opinor,
1046 1650 1274 1700 potissimum
1296 1649 1492 1700 respiciens
1514 1653 1550 1686 et
1573 1661 1670 1698 quae

146 1726 281 1773 poetae
304 1719 411 1757 aliive
436 1718 634 1767 scriptores
661 1717 709 1754 de
726 1717 979 1768 Hyperboreis
999 1717 1221 1756 confabulati
1243 1721 1349 1754 erant
1370 1717 1506 1754 mirave
1526 1717 1669 1754 cecine-

146 1792 252 1836 rant,
281 1786 479 1825 admodum
503 1786 711 1822 dubitanter
729 1787 799 1832 lv,
830 1788 886 1828 32
917 1787 964 1824 de
992 1786 1048 1823 his
1074 1785 1322 1837 pronuntiavit
1344 1789 1456 1834 atque
1477 1785 1514 1820 in
1541 1796 1666 1821 narra—

148 1856 259 1894 tionis
280 1855 354 1892 fine
372 1854 442 1902 IV,
471 1854 526 1894 36
554 1853 650 1891 hunc
671 1854 709 1890 in
730 1854 881 1891 modum
907 1854 1069 1905 scripsit:
1110 1853 1144 1892 εἰ
1173 1851 1216 1892 δέ
1247 1852 1324 1892 εἰσί
1350 1867 1454 1899 τινες
1482 1847 1667 1903 Ὑπερβό-

150 1938 234 1977 ρεοι
255 1920 492 1975 ἅνθρωποι,
532 1920 609 1961 εἶσὶ
637 1919 705 1961 καὶ
740 1917 972 1974 ’ὑπερνότιοι
999 1918 1123 1961 ἄλλοι.
1183 1921 1290 1965 Quae
1312 1934 1393 1958 cum
1415 1922 1466 1957 ita
1484 1921 1580 1968 sint,
1611 1921 1667 1958 sa-

148 1991 271 2031 bulam
298 1992 346 2029 de
369 1990 622 2041 Hyperboreis
649 2003 732 2028 cum
759 1990 938 2042 Apollinis
969 1989 1065 2028 cultu
1094 2003 1115 2028 e
1147 1990 1358 2038 regionibus
1391 1988 1596 2026 borealibus
1629 1989 1668 2025 in

149 2060 346 2098 Graeciam
375 2059 586 2097 introducto
612 2059 842 2096 coniunctam
864 2059 977 2096 fuisse
991 2087 1002 2107 ,
1033 2059 1091 2095 vix
1111 2058 1273 2095 dubium.
1338 2057 1444 2101 Quae
1466 2069 1557 2106 gens
1577 2056 1607 2093 si
1627 2069 1668 2094 re

151 2140 238 2166 vera
259 2127 452 2174 exstiterit,
481 2138 563 2164 eam
582 2127 619 2163 in
635 2125 745 2165 Asiae
765 2126 1059 2178 septentrionalis
1079 2126 1287 2175 regionibus
1303 2125 1513 2163 consedisse
1535 2124 1672 2175 proba-

151 2195 225 2234 bile
242 2195 284 2232 fit
303 2207 345 2232 ac
364 2195 449 2233 dein
468 2195 586 2244 magis
603 2195 795 2244 magisque
813 2195 1042 2232 occidentem
1059 2206 1185 2231 versus
1205 2198 1409 2244 porrectam
1426 2194 1475 2231 ad
1484 2193 1672 2243 Europam

150 2275 270 2312 usque
290 2262 615 2312 septentrionalem
641 2266 678 2300 et
701 2261 964 2300 occidentalem
982 2262 1135 2299 Graecis
1157 2266 1234 2299 tum
1253 2262 1429 2313 temporis
1448 2261 1555 2298 valde
1571 2260 1672 2297 rudi-

150 2331 219 2369 bus
257 2329 474 2379 incultisque
504 2330 603 2368 haud
635 2330 837 2368 accuratius
874 2330 1062 2379 cognitam
1099 2330 1316 2376 accessisse3
1363 2329 1461 2367 unde
1491 2330 1528 2366 in
1555 2329 1673 2379 ipsam

152 2399 346 2437 Graeciam
363 2398 540 2450 Apollinis
559 2411 662 2436 sacra
686 2399 808 2449 prisco
835 2399 1034 2435 admodum
1062 2410 1154 2436 aevo
1176 2398 1276 2436 illata
1302 2410 1384 2436 esse
1414 2397 1496 2448 quis
1526 2399 1672 2434 statuat.

151 2466 287 2517 Neque
312 2480 424 2515 vero,
464 2471 503 2504 ut
519 2466 724 2504 Schubarto
745 2466 767 2503 l.
785 2465 808 2504 l.
840 2479 877 2517 p.
898 2467 953 2507 32
972 2465 1126 2517 placuit,
1155 2466 1418 2517 Hyperboreos
1442 2465 1592 2503 dixerim
1611 2476 1673 2500 co-

150 2536 277 2582 tonos,
304 2535 367 2585 qui
386 2547 431 2573 ex
451 2535 593 2573 oriente
611 2535 787 2586 profecti,
818 2535 970 2572 ducibus
989 2534 1264 2582 sacerdotibus,
1294 2533 1515 2572 coloniarum
1542 2531 1671 2569 seriem

152 2602 382 2640 condiderint
410 2604 453 2641 iis
484 2604 523 2640 in
550 2604 677 2651 terris,
718 2615 810 2652 quas
840 2603 952 2641 alluat
977 2602 1118 2641 Pontus
1137 2603 1298 2640 Euxinus
1319 2613 1487 2651 quaeque
1506 2600 1593 2637 inde
1613 2611 1672 2635 se·-

151 2670 399 2723 ptentrionem
420 2679 457 2709 et
476 2673 654 2710 orientem
676 2684 799 2710 versus
817 2675 1000 2723 spectent.
1056 2672 1165 2720 „Ubi
1185 2670 1296 2721 (sunt
1316 2669 1428 2706 verba
1448 2667 1670 2713 Schubarti)

153 2750 266 2788 quum
289 2749 312 2774 a
336 2740 551 2777 commercio
579 2752 704 2777 earum
729 2741 916 2789 gentium,
953 2753 1033 2777 cum
1061 2739 1192 2788 quibus
1218 2736 1402 2784 agebant,
1440 2748 1514 2771 non
1537 2734 1671 2772 suerint

155 2805 339 2857 separati,
374 2798 459 2842 mox
488 2819 570 2844 cum
598 2807 689 2858 ipsis
714 2808 961 2846 miscebantur
993 2811 1032 2844 et
1060 2816 1193 2842 nomen
1229 2815 1354 2840 eorum
1384 2803 1420 2839 in
1451 2801 1670 2853 populorum

156 2873 248 2911 abiit
267 2885 424 2918 nomen,
454 2873 670 2922 quibuscum
697 2888 737 2913 se
765 2875 1006 2913 iunxerant.“
1065 2873 1119 2910 Ex
1145 2884 1219 2921 quo
1252 2871 1381 2909 eodem
1411 2870 1469 2908 ille
1499 2868 1672 2920 explicari
