1863 3256
364 202 451 242 348
758 204 1235 245 HERODOTI

365 310 470 360 δὸν,
510 309 675 368 ταύτην
704 313 772 357 ἐπὶ
803 315 883 371 τὴν
911 315 1061 372 θήκην
1090 319 1164 371 τῆς
1183 313 1345 365 ’Ώπιός
1378 331 1422 359 τε
1451 317 1525 358 καὶ
1542 317 1644 370 ’Ἀρ-

333 385 445 437 4γης
474 379 828 439 ἀναισιμοῦσθαι
865 385 1222 441 ἐπιβαλλομένην.
1280 382 1308 441 ἦ
1341 385 1387 429 δὲ
1416 386 1536 443 θήκη
1567 387 1644 431 αὕ-

360 453 470 496 τέων
499 453 589 498 ἐστὶ
619 454 777 500 ὄπισθε
807 460 890 499 τοῦ
917 454 1213 512 Ἀρτεμισίου,
1243 455 1353 510 πρὸς
1378 455 1443 512 ἠοῖ
1468 474 1644 514 τετραμ-

236 517 303 561 36
362 523 493 582 μένη,
535 523 760 582 ἀγχοτάτω
790 529 875 570 τοῦ
894 529 1046 583 Κηΐων
1077 528 1359 585 ἱστιητορίου.
1420 530 1512 572 Καὶ
1541 534 1644 574 ταῦ·
1657 538 1702 571 20

26 579 139 607 Reiicit
167 581 303 607 Herodo-
486 595 498 610 s
565 596 577 612 ι·
795 596 803 610 r
951 599 961 612 t
1073 600 1084 614 ‚
1131 598 1141 611 ι
1346 597 1355 611 x
1470 600 1478 613 κ
1561 598 1569 613 r

24 618 74 640 tus
102 614 233 642 fabulam
267 615 303 642 «ιε
362 612 416 639 τα
452 612 532 652 μεν
579 600 871 652 Τπερβορεων
909 615 1009 654 περι
1048 604 1249 656 ειρησθω.
1309 615 1389 642 τον
1426 616 1512 656 γαρ
1542 603 1644 656 περὶ
1809 640 1811 661 ι

26 648 173 675 Aban-ide:
211 653 303 683 negat
359 665 370 681 ‚
453 666 463 681 Ι
631 666 641 681 7
820 672 838 680 a.
1007 669 1016 684 ι
1160 669 1177 686 7
1274 669 1286 684 ‹-
1503 672 1513 686 ι
1628 672 1639 687 7
1809 662 1811 684 ἒ

58 681 272 718 Hyperboreos
362 671 561 724 Αβαριος
592 672 726 723 λογον
756 684 837 712 του
865 672 1103 726 λεγομένου
1136 687 1249 714 ειναι
1289 674 1551 728 Υπερβορεω
1583 690 1638 717 ου
1707 680 1811 725 2973

303 810 534 861 cipiendum,
588 812 628 845 ut
667 808 722 856 ll,
758 807 824 850 42.
886 809 972 853 Quo

301 880 386 904 vero
406 866 484 903 iure
506 879 550 903 ex
570 867 638 903 hoc
658 865 739 902 loco
760 866 804 904 C.
818 865 974 903 O.Miil-

301 923 364 960 ler.
387 922 467 959 loco
495 935 581 960 mox
610 922 799 960 laudando
820 923 973 960 effinxe-

300 981 346 1017 rit
357 979 471 1016 altum
492 980 690 1030 sepulcrum
711 992 728 1015 e
745 981 860 1016 cinere
872 992 972 1016 sacro

300 1040 538 1074 constructum
557 1036 634 1088 (cin
657 1036 771 1073 hohes
784 1037 888 1074 Grab
905 1049 971 1074 aus

300 1094 573 1144 Opferasche),
607 1095 688 1145 ipse
708 1094 845 1131 videat.

359 1147 461 1200 πρός
493 1146 560 1202 ηἀῖ
590 1149 861 1202 τετραμμένη]
914 1150 970 1188 Eo

300 1209 404 1258 quod
426 1208 603 1246 orientem
627 1221 753 1246 versus
780 1208 971 1258 spectabat

301 1266 532 1315 sepulcrum,
585 1265 737 1302 indicari
787 1265 970 1302 existimat

300 1322 344 1359 C.
368 1322 415 1358 O.
435 1321 577 1360 Miiller.
599 1322 690 1362 Dor.
721 1322 735 1358 l
759 1334 846 1372 pag.
870 1324 968 1368 271,

297 1379 483 1429 pertinere
532 1379 601 1417 hoc
647 1380 696 1417 ad
737 1379 967 1416 Cretensium

299 1440 490 1486 tempora,
533 1450 614 1474 cum
638 1437 757 1474 Dores
788 1437 966 1473 orientem

298 1505 445 1539 versus,
487 1494 594 1532 Iones
626 1494 853 1531 occidentem
883 1505 966 1530 ver-

299 1562 360 1586 sus
381 1554 546 1586 mortuos
566 1551 759 1587 humarint.

355 1602 559 1658 α’γχοτάτω
581 1610 653 1646 τοῦ
679 1607 819 1656 Κηΐων
841 1605 964 1657 ἱστιη-

296 1662 449 1713 τορίου]
512 1663 750 1701 Coenaculum
795 1663 967 1712 intelligit

283 1720 526 1769 'Schweigh.,
568 1720 742 1759 Larcher.
782 1721 830 1758 de
861 1721 965 1757 sestis

295 1776 522 1814 solemnibus
567 1779 803 1828 cogitandum
842 1781 962 1828 putat,

294 1846 390 1883 quae
405 1835 558 1872 deorum
579 1836 617 1872 in
636 1835 812 1873 honorem
832 1835 868 1871 in
878 1834 963 1872 Deli

294 1891 412 1928 insula
435 1891 622 1930 celebrare
639 1892 897 1930 consueverint
908 1892 964 1928 in-

293 1947 396 1986 colae
446 1949 644 1986 insularum
700 1950 962 2000 proximarum,

292 2017 447 2054 quarum
467 2019 552 2043 suas
570 2007 709 2056 quique
719 2006 873 2056 Delphis
897 2005 962 2042 ha-

293 2060 438 2099 buerint
471 2063 583 2100 aedes
609 2064 740 2113 legatis
775 2063 962 2113 excipien-

291 2119 350 2155 dis
373 2126 410 2157 et
430 2119 545 2170 epulis
564 2121 785 2158 solemnibus
817 2133 961 2157 accom-

291 2177 472 2213 modatas.
515 2175 571 2214 Ac
591 2179 687 2216 tales
710 2178 871 2214 Ceorum
896 2189 960 2214 ae-

291 2232 358 2270 des
381 2233 439 2270 hic
460 2234 614 2284 intelligi
640 2235 842 2273 contendit.
901 2233 958 2271 Tu

291 2289 336 2325 cf.
358 2289 605 2330 Broendsted.
625 2292 764 2329 Reisen
786 2292 822 2328 in
845 2291 956 2328 Grie-

291 2345 406 2383 cheul.
434 2347 445 2383 1
473 2361 508 2398 p.
525 2347 598 2394 49,
633 2349 696 2398 qui
725 2348 795 2386 hoc
823 2361 958 2385 coena-

291 2401 410 2439 culum
437 2409 566 2442 vocat:
604 2404 956 2454 Bewirthungshaus

290 2459 349 2495 fiir
370 2459 446 2497 ihre
468 2474 515 2498 zu
535 2462 607 2498 den
629 2462 862 2511 Panegyrien
891 2474 956 2499 an-

290 2516 560 2565 gekommenen
572 2518 717 2568 Biirger
736 2519 813 2555 und
826 2518 955 2557 Giiste.

460 2574 525 2611 Ca
538 2589 575 2626 p.
606 2575 779 2612 XXXVI.

346 2626 414 2669 τὸν
441 2627 516 2683 γοῖρ
561 2630 653 2682 περὶ
678 2627 862 2683 Ἀβάριος
891 2627 951 2671 λό-

288 2701 362 2739 γον
382 2702 415 2726 κ.
436 2702 468 2726 τ.
489 2689 537 2738 λ.]
594 2689 706 2732 Quod
744 2688 952 2738 Schweigh.

287 2757 355 2795 pro
383 2743 508 2796 λέγων
535 2746 750 2795 requirebat
776 2744 954 2798 λέγοντα,

289 2814 333 2839 eo
369 2802 451 2840 mea
496 2803 647 2852 quidem
680 2803 863 2840 sententia
897 2803 954 2840 vix

284 2871 388 2908 opus.
438 2858 587 2897 Laudat
610 2859 832 2909 Wcsseling.
854 2860 954 2898 simi-

1030 809 1079 847 lia
1097 810 1169 857 IV,
1198 809 1266 852 43.
1304 812 1362 859 V,
1390 813 1457 853 36.
1498 811 1573 861 VI,
1604 815 1699 861 137,

1030 867 1163 915 quibus
1186 866 1281 914 alia,
1312 869 1343 905 si
1365 870 1560 918 attineret,
1591 871 1697 920 plura

1029 923 1139 960 adiici
1155 929 1318 974 possent.
1367 925 1474 969 Quae
1495 933 1697 975 sequuntur

1029 979 1142 1017 verba
1184 980 1271 1018 inde
1312 993 1335 1017 a
1372 980 1617 1019 Valckenario
1657 987 1696 1021 et

1030 1036 1278 1086 Wesselingio
1297 1038 1348 1075 sic
1375 1038 1594 1076 constituta:
1642 1037 1695 1086 ὥς

1028 1089 1100 1131 τὸν
1122 1088 1254 1140 ὀϊστὸς
1269 1093 1481 1146 περιέφερε
1504 1092 1605 1134 nato}
1619 1097 1696 1135 πᾶ-

1030 1161 1106 1189 σαν
1133 1147 1209 1201 τήν
1239 1153 1337 1202 γῆν,
1379 1147 1499 1190 οὐδὲν
1522 1148 1695 1204 σιτεόμε-

1028 1221 1123 1254 νον,
1172 1207 1281 1257 vulgo
1314 1208 1364 1246 sic
1402 1213 1571 1248 vertunt:
1628 1223 1695 1260 quo

1023 1268 1133 1314 pacto
1169 1278 1246 1302 eum
1283 1267 1424 1314 sagitta
1461 1279 1528 1316 per
1562 1278 1694 1304 omnem

1028 1324 1160 1359 terram
1196 1324 1462 1360 circmnvexerit
1496 1324 1589 1360 nihil
1624 1325 1696 1361 cibi

1026 1381 1218 1429 capientem
1239 1408 1250 1425 ,
1309 1393 1338 1419 s.
1382 1394 1448 1430 quo
1487 1381 1585 1417 modo
1628 1394 1693 1431 per

1024 1449 1153 1473 omnem
1176 1440 1307 1473 terram
1325 1437 1385 1473 ille
1405 1438 1547 1486 sagittet
1573 1442 1690 1475 vectus

1016 1492 1133 1543 suerit
1153 1494 1246 1531 nilu‘l
1268 1494 1463 1537 comedeus;
1496 1495 1557 1531 ubi
1577 1509 1691 1533 vocu-

1024 1551 1096 1587 lam
1127 1547 1193 1589 τόν
1222 1564 1290 1601 pro
1321 1553 1464 1590 τοῦτον
1485 1552 1689 1602 accipiunt3

1024 1608 1072 1644 de
1089 1620 1183 1657 qu0,
1205 1612 1379 1646 monente
1401 1607 1484 1655 Cr„
1513 1608 1619 1646 Reiz.
1629 1609 1689 1648 De

1022 1664 1178 1701 Prosod.
1213 1664 1347 1702 Graec.
1380 1665 1462 1702 Ace.
1489 1665 1577 1702 lncl.
1601 1678 1688 1716 pag.

1023 1722 1060 1760 8.
1094 1721 1207 1764 Quod
1231 1735 1312 1758 cum
1331 1722 1417 1759 ferri
1440 1735 1551 1772 posse
1575 1729 1690 1771 neget

1022 1778 1155 1816 Struve
1186 1778 1294 1829 Spec.
1326 1779 1478 1823 Quaest.
1522 1779 1570 1816 de
1604 1779 1688 1817 dial.

1019 1835 1199 1873 Herod.l
1229 1848 1315 1886 pag.
1338 1838 1386 1874 11
1415 1839 1516 1883 not.,
1553 1837 1687 1875 eodem

1019 1896 1173 1930 auctore
1196 1897 1300 1930 vetus
1328 1891 1503 1930 librorum
1530 1893 1688 1944 scripto-

1019 1962 1098 1986 rum
1118 1950 1347 1987 restituenda
1372 1949 1497 1987 lectio:
1539 1948 1595 1997 ὥς
1615 1947 1686 1990 τόν

1019 2001 1192 2046 ὀϊστὸν
1231 2004 1440 2059 περιέφερε
1473 2027 1524 2034 -
1560 2002 1686 2046 σιτεό-

1019 2077 1202 2114 μενος,
1260 2064 1283 2100 ἰ.
1314 2076 1345 2101 e.
1384 2076 1450 2113 quo
1488 2063 1586 2100 modo
1624 2064 1686 2101 ille

1017 2120 1189 2167 (Abaris)
1220 2121 1395 2169 sagittam
1419 2122 1684 2158 circumvexerz't

1012 2190 1078 2228 per
1098 2190 1228 2214 omnem
1249 2182 1394 2225 terram,
1427 2178 1518 2215 m'lzil
1536 2179 1607 2215 cibi
1622 2191 1683 2215 ca-

1008 2237 1143 2285 piens3
1193 2235 1255 2272 ubi
1293 2234 1447 2272 articulo
1483 2231 1554 2274 τόν
1593 2239 1682 2272 ante

1015 2288 1152 2331 ὀϊστόν
1172 2292 1294 2343 posito
1312 2292 1514 2338 indicatur,
1552 2295 1680 2329 notam

1015 2349 1201 2398 quandam
1241 2349 1298 2386 hic
1339 2349 1468 2398 respici
1506 2347 1678 2385 fabulam.

1014 2405 1095 2444 Nec
1125 2405 1229 2443 aliter
1255 2405 1339 2442 olim
1371 2405 1506 2453 legisse
1535 2405 1680 2443 videtur

1014 2462 1183 2500 Eustath.
1204 2462 1252 2499 ad
1272 2462 1427 2511 Dionys.
1438 2462 1583 2511 Perieg.
1606 2463 1676 2508 31,

1012 2519 1114 2556 cuius
1132 2519 1222 2556 haec
1240 2522 1325 2556 sunt
1348 2519 1479 2557 verba:
1521 2517 1589 2557 καὶ
1615 2514 1677 2557 ὅτι

1012 2572 1212 2628 δ”Αβαρις
1229 2573 1252 2614 ό
1273 2571 1677 2628 ὑμνούμενοςἽπερ-

1011 2627 1165 2683 βόρειος
1194 2626 1268 2682 ἦν,
1307 2628 1349 2679 ὃς
1379 2628 1501 2671 οὐδέν
1530 2646 1574 2685 γε
1611 2644 1674 2671 σι-

1010 2693 1170 2728 τεῖσθαι
1203 2688 1353 2741 λέγεται
1389 2688 1457 2728 καὶ
1485 2686 1572 2730 τόν
1603 2684 1676 2728 ὀϊ-

1013 2743 1132 2785 στόν
1202 2744 1510 2798 περιφέρειν
1570 2743 1673 2785 navo?

1011 2805 1145 2842 πᾶσαν
1165 2800 1239 2854 τήν
1259 2805 1346 2855 γῆν.
1368 2803 1498 2853 Itaque
1511 2803 1672 2841 restitui-

1012 2874 1110 2898 mus:
1143 2858 1197 2907 ὥς
1222 2858 1311 2900 τὸν
1334 2855 1507 2901 ὀϊστόν
1532 2862 1671 2908 κ.τ.λ.,·
