1863 3256
16 291 144 379 {21

499 60 1067 104 MELPOMENE.
1127 62 1188 101 IV.

1396 68 1479 108 313

203 175 253 219 τὸ
281 173 550 230 κατύπερθε,
591 174 763 228 λίμναι,
793 171 868 215 καὶ
898 169 1060 228 ἐρῆμός
1089 170 1179 215 ἐστι
1209 169 1474 228 ἀνθρώπων,

204 246 395 291 κατόσον
425 244 547 301 ἡμεῖς
576 244 712 299 ἰ’δμεν.

146 563 310 612 Mologa,
331 564 429 613 quod
442 567 477 601 et
488 564 585 600 fluvii
599 564 634 601 in
648 563 804 613 Volgam

144 635 184 659 se
205 620 434 658 exonerantis
465 625 500 658 et
520 621 620 657 urbis
643 621 691 657 ibi
711 621 803 658 sitae

143 690 275 715 nomen
289 680 356 723 est,
379 677 414 713 in
437 689 544 714 unam
562 676 805 715 Melanchlae-

143 746 271 771 norum
287 733 569 784 appellationem
583 735 803 772 confudisse.

141 790 201 829 De
219 790 351 839 quibus
364 791 441 840 ipse
451 791 586 828 viderit
598 791 651 827 vir
662 792 801 828 doctus.

199 844 242 886 τὸ
262 842 514 898 κατύπερθε,
547 845 697 897 λίμναι]
729 847 804 884 La-

143 917 224 941 cum
242 903 399 952 Lazloga
416 909 452 941 et
475 904 604 952 Onega
625 904 682 941 hic
700 904 804 941 iutel-

141 960 204 1010 ligi
225 960 350 997 volunt
372 960 556 998 Mannert.
582 961 630 997 lv
659 975 696 1011 p.
724 963 803 1001 104

142 1022 257 1066 atque
285 1018 481 1055 Reichard.
516 1016 538 1053 l.
563 1016 585 1054 l.
619 1030 704 1067 pag.
728 1019 802 1057 28:

140 1074 243 1123 quod
265 1074 381 1124 ipsum
404 1074 634 1111 temerarium
659 1074 804 1111 videtur

140 1130 340 1180 Koppenio
369 1129 598 1181 (Nordgest.
624 1130 660 1167 d.
694 1130 802 1167 Pont.

140 1199 228 1237 pag.
253 1188 348 1235 17);
389 1186 455 1224 sed
483 1186 599 1235 magis
625 1187 721 1224 adeo
748 1191 803 1224 te·

140 1244 335 1281 men-arium
374 1243 443 1280 hoe
455 1271 468 1290 ,
516 1243 616 1292 quod
650 1243 699 1280 ad
734 1243 802 1280 hos

139 1301 239 1350 ipsos
258 1300 356 1337 lacus
368 1299 724 1338 Melanchlaeuorum
744 1313 803 1337 se·-

140 1357 206 1395 des
229 1369 252 1394 a
271 1356 491 1395 Rudbeckio
522 1357 801 1394 constituantur.

351 1413 382 1451 C
396 1426 465 1464 ap.
495 1413 598 1450 XXI.

198 1467 227 1522 ἦ
263 1467 335 1521 μὲν
363 1466 499 1521 πρώτη
528 1471 610 1509 τῶν
636 1469 798 1517 λαξίων]

142 1526 276 1564 Glossa
291 1527 507 1565 Herodotea
521 1522 635 1574 λάξιν
652 1527 804 1577 exponit

142 1580 344 1635 μερισμὸν,
374 1585 537 1635 κλῆρον,
566 1585 589 1620 i.
612 1597 642 1621 e.
665 1587 802 1630 sortem,

134 1642 332 1691 portionem
354 1644 489 1685 terrae,-
519 1654 587 1678 nec
604 1640 707 1678 aliter
727 1641 803 1678 fere

139 1697 300 1747 Hesych.
320 1697 386 1744 (T.
400 1697 432 1734 Il
454 1711 489 1747 p.
511 1696 594 1738 424
617 1697 695 1734 coll.
719 1697 802 1737 467

139 1752 242 1806 Alb.)
273 1766 316 1791 ac
332 1755 466 1791 Suidas
488 1767 518 1792 s.
538 1767 572 1791 v.
598 1753 644 1792 T.
663 1753 696 1791 ΙΙ
716 1766 801 1804 pag.

139 1809 234 1851 415.
282 1810 421 1860 Neque
453 1823 538 1847 vero
570 1811 801 1849 scribendum

139 1867 270 1915 λᾶξις,
329 1868 396 1905 sed
432 1864 567 1915 λάξις,
626 1871 801 1905 monente

140 1924 434 1973 Schweighaeus.
466 1925 515 1961 Et
536 1924 630 1962 conf.
643 1925 799 1973 Gregor.

140 1981 304 2018 Corinth.
345 1981 393 2019 de
422 1981 507 2018 dial.
538 1981 616 2017 Ion.
645 1979 679 2032 ἓ.
721 1983 799 2022 139

141 2037 263 2087 ibique
302 2038 424 2075 Koen.
452 2051 490 2089 p.
519 2036 613 2078 534.
677 2037 801 2080 Quare

139 2106 214 2130 non
259 2094 425 2143 intelligo
441 2124 451 2141 ‚
509 2107 572 2132 cur
613 2094 799 2131 Gatterer.

141 2150 306 2198 (societ.
358 2152 528 2200 Gotting.
578 2151 800 2188 Commentt.

140 2207 226 2244 XIV
243 2221 280 2258 p.
300 2203 377 2261 31)
396 2203 510 2255 λάξιν
529 2208 586 2244 hie
607 2209 802 2258 portionem

141 2264 348 2312 significare
364 2269 490 2314 neget,
522 2265 602 2315 ipse
619 2265 801 2314 interpre-

141 2324 222 2357 tans
252 2323 403 2372 primam
432 2323 626 2370 regionum.
649 2342 705 2348 —
738 2320 768 2358 C
775 2334 801 2357 r.

143 2377 191 2413 ad
217 2377 253 2415 h.
285 2378 308 2416 l.
343 2379 498 2416 conferri
530 2378 605 2415 vult
636 2378 802 2416 schone-

143 2444 264 2471 mann.
284 2435 422 2484 Geogr.
444 2433 583 2484 Argon.
605 2448 640 2484 p.
660 2436 727 2475 36.

200 2489 491 2542 Σαυροματέων
520 2490 616 2541 ἐστὶ]
663 2490 802 2528 Sauro-

144 2549 259 2583 matae
280 2552 608 2586 commemorantur
636 2548 707 2596 IV,
737 2548 801 2589 57.

321 316 486 360 Τάναϊν
516 314 562 358 δὲ
590 313 789 370 ποταμὸν
819 313 1041 370 διαβάντι,
1077 314 1223 359 οὐκέτι
1253 314 1474 370 Σκυθικὴ,

204 386 300 432 ἀλλ’
335 387 362 444 ἡ
393 387 472 443 μὲν
499 385 649 443 πρώτη
679 389 767 429 τῶν
805 386 966 438 λαξίων
994 386 1326 444 Σαυροματέων
1355 386 1522 430 ἐστί-ΞΟ

865 567 956 605 110.
1001 567 1081 607 116
1114 565 1193 603 coll.
1226 565 1407 614 Pompon.
1438 562 1526 601 Mel.

864 621 908 668 ll,
928 624 964 668 1,
988 622 1051 662 15.
1084 622 1110 669 l,
1132 624 1196 669 19,
1220 620 1311 662 140.
1342 620 1433 668 (ubi
1454 620 1527 656 vid.

861 679 1079 716 Tzschucke
1105 684 1199 716 nott.
1223 690 1352 726 exegg.
1372 677 1452 713 Vol.
1478 676 1528 713 llI

861 736 903 772 Ρ.
925 735 938 771 l
972 748 1058 785 pag.
1082 736 1165 776 642
1184 749 1261 785 seq.
1290 734 1368 771 coll.
1393 734 1440 770 ad
1462 733 1526 780 Ill,

861 790 899 830 4.
931 792 1010 829 Vol.
1032 792 1079 829 lll
1100 793 1141 829 P.
1166 793 1215 828 lll
1246 806 1281 842 p.
1309 792 1383 831 106
1401 791 1524 839 seqq.)

862 849 972 885 Unde
997 849 1133 897 colligit
1149 848 1304 885 Rennel.
1326 860 1411 898 pag.
1430 846 1526 894 415,

861 918 1016 954 quocum
1047 905 1142 942 conf.
1161 905 1345 942 Mannert.
1371 904 1420 940 lv
1440 916 1525 953 pag.

865 964 968 1008 107,
1012 962 1198 999 habitasse
1239 966 1386 1009 gentem
1434 961 1528 997 intra

862 1017 1010 1055 Tanain
1042 1031 1070 1054 s.
1104 1017 1190 1054 Don
1216 1023 1328 1066 atque
1357 1015 1531 1065 Volgam,

862 1075 935 1123 qua
965 1080 1070 1124 parte
1099 1079 1255 1123 uterque
1285 1073 1417 1110 fluvius
1450 1086 1531 1109 ma-

862 1131 959 1168 xime
993 1131 1061 1167 sibi
1098 1130 1392 1181 appropinquet,
1432 1130 1531 1167 unde

861 1188 1040 1224 formetur
1069 1187 1227 1223 Isthmus
1250 1186 1449 1234 Zaritzyn,
1491 1190 1531 1223 et

860 1243 1100 1294 probabiliter
1127 1244 1174 1280 ad
1200 1248 1393 1292 utramque
1410 1243 1529 1293 ripam

860 1301 960 1337 fluvii
981 1300 1128 1350 Hygrin
1138 1329 1151 1346 ,
1181 1300 1243 1349 qui
1261 1312 1358 1336 nunc
1378 1303 1529 1336 vocetur

860 1357 1019 1395 Donetz.
1070 1356 1101 1392 A
1119 1357 1270 1394 meridie
1291 1357 1529 1407 porriguntur

862 1414 1009 1452 deserta
1021 1411 1223 1451 Astracana
1244 1414 1407 1462 itemque
1423 1413 1527 1462 regio

862 1470 1139 1508 Tanaiticorum
1163 1470 1430 1517 Cosaceorum,
1465 1469 1528 1519 qui

860 1540 957 1564 nunc
1003 1527 1259 1578 appellantur,
1315 1539 1338 1563 a
1375 1530 1526 1576 septen-

860 1584 978 1621 trione
1004 1590 1115 1633 atque
1136 1583 1418 1621 orienteBudini
1444 1582 1526 1620 loca

859 1641 1024 1691 proxima
1084 1640 1312 1677 Sauromatis
1382 1644 1522 1677 tenent.

860 1698 966 1741 Quae
994 1698 1156 1747 probans
1175 1696 1348 1734 Larcher.
1368 1697 1405 1733 in
1427 1695 1526 1733 Tab.

861 1755 1000 1803 Geogr.
1022 1767 1050 1791 s.
1066 1767 1099 1790 v.
1129 1754 1235 1791 sedes
1259 1753 1379 1802 gentis
1403 1753 1525 1789 incoe-

859 1811 957 1862 pisse
981 1811 1128 1858 statuit,
1171 1811 1244 1860 qua
1265 1809 1374 1847 Palus
1395 1808 1527 1846 Maeo-

859 1868 932 1904 tica
957 1868 1022 1904 fiat
1044 1867 1173 1913 latior,
1212 1867 1374 1916 indeque
1402 1866 1523 1903 orien-

858 1929 932 1962 tem
987 1929 1023 1961 et
1069 1924 1355 1975 septentrionem
1399 1935 1525 1960 versus

859 1981 1068 2031 quindecim
1100 1981 1239 2018 dierum
1263 1981 1394 2017 itinere
1415 1984 1526 2030 patu-

859 2038 941 2075 isse.
999 2036 1061 2074 Ad
1095 2037 1265 2075 Rennelii
1306 2038 1525 2074 sententiam

859 2096 1002 2132 accedit
1041 2107 1188 2143 quoque
1216 2094 1378 2131 Heeren.
1409 2093 1524 2130 ldeen

858 2152 888 2197 I,
918 2153 944 2191 2
976 2164 1062 2202 pag.
1094 2152 1200 2198 278,
1239 2155 1337 2188 recte
1371 2163 1524 2187 monens

861 2207 1097 2245 Sauromatas
1119 2208 1177 2244 hic
1199 2208 1349 2244 eosdem
1375 2219 1455 2245 esse
1467 2211 1526 2244 at-

859 2278 931 2314 que
978 2264 1172 2302 Sarmatas
1185 2262 1242 2316 *);
1296 2276 1392 2313 quae
1431 2276 1524 2312 gens

859 2323 1017 2359 tenuerit
1048 2322 1193 2359 deserta
1221 2334 1242 2358 a
1261 2320 1430 2357 Cosaecis
1447 2320 1483 2356 T
1485 2333 1525 2356 a-

858 2379 1001 2416 naiticis
1033 2391 1129 2416 nunc
1150 2382 1326 2429 occupata
1356 2377 1525 2426 adeoque

858 2436 1015 2473 sortasse
1078 2439 1221 2485 partem
1289 2435 1520 2471 desertorum

857 2491 1144 2530 Astracanorum
1234 2491 1521 2542 septentrionem

857 2562 1007 2596 versus,
1044 2548 1093 2586 ad
1130 2561 1210 2586 eum
1239 2560 1355 2597 usque
1385 2546 1517 2592 locum,

233 2635 265 2673 ⁸)
289 2635 362 2671 Sic,
386 2638 431 2667 uti
450 2637 510 2668 hoc
531 2640 623 2675 utar,
649 2638 735 2668 Mela
755 2638 786 2673 Ι,
815 2641 854 2669 19
877 2637 1051 2671 Sarmatis
1070 2647 1108 2669 ca
1128 2638 1256 2672 tribuit,
1291 2645 1372 2675 quae
1388 2633 1517 2665 Sauro-

142 2680 246 2712 matis
267 2681 461 2716 Herodotus.

142 2726 226 2758 Gail.
247 2727 288 2758 ad
306 2728 426 2768 Geogr.
448 2727 543 2760 minu.
563 2729 590 2760 11
602 2739 676 2771 pag.
701 2733 780 2761 402.

507 2683 557 2713 Tu
580 2685 662 2714 conf.
681 2684 867 2716 Tzschucke
885 2686 927 2716 ad
947 2685 1022 2716 Mel.
1045 2684 1091 2717 111
1115 2687 1196 2716 nott.
1223 2692 1337 2722 exegg·
1361 2690 1435 2721 pag·
1455 2682 1517 2711 106

1536 253 1620 292 290

1532 315 1633 343 Trans

1533 350 1733 389 qui—Scythiae
1750 357 1811 381 ter-

1549 391 1645 410 minus
1656 405 1664 418 ‚

1532 416 1750 455 Sauromatae,
1775 429 1795 448 a

1669 318 1789 347 Tanain
1802 330 1810 353 ς

1706 387 1794 421 primi
