<?xml version="1.0" encoding="UTF-8"?>
<!DOCTYPE html PUBLIC "-//W3C//DTD XHTML 1.0 Transitional//EN"
    "http://www.w3.org/TR/xhtml1/DTD/xhtml1-transitional.dtd">
<html xmlns="http://www.w3.org/1999/xhtml" xml:lang="en" lang="en">
 <head>
  <title>
</title>
<meta http-equiv="Content-Type" content="text/html;charset=utf-8" />
  <meta name='ocr-system' content='tesseract 3.04.00' />
  <meta name='ocr-capabilities' content='ocr_page ocr_carea ocr_par ocr_line ocrx_word'/>
</head>
<body>
  <div class='ocr_page' id='page_1' title='image "./musaeher02hero/musaeher02hero_0138.png"; bbox 0 0 1946 3272; ppageno 0'>
   <div class='ocr_carea' id='block_1_1' title="bbox 484 240 1346 283">
    <p class='ocr_par' dir='ltr' id='par_1_1' title="bbox 484 240 1346 283">
     <span class='ocr_line' id='line_1_1' title="bbox 484 240 1346 283; baseline 0.005 -4"><span class='ocrx_word' id='word_1_1' title='bbox 484 240 568 282; x_wconf 82' lang='lat'><strong>128</strong></span> <span class='ocrx_word' id='word_1_2' title='bbox 874 242 1346 283; x_wconf 89' lang='lat' dir='ltr'><strong>HERODOTI</strong></span> 
     </span>
    </p>
   </div>
   <div class='ocr_carea' id='block_1_2' title="bbox 149 347 1805 1328">
    <p class='ocr_par' dir='ltr' id='par_1_2' title="bbox 149 347 1805 1328">
     <span class='ocr_line' id='line_1_2' title="bbox 476 347 1749 413; baseline 0.006 -22"><span class='ocrx_word' id='word_1_3' title='bbox 476 347 752 402; x_wconf 74' lang='grc' dir='ltr'><em>Ὑστάσπεος,</em></span> <span class='ocrx_word' id='word_1_4' title='bbox 791 351 837 394; x_wconf 81' lang='grc' dir='ltr'><strong>ἐκ</strong></span> <span class='ocrx_word' id='word_1_5' title='bbox 869 351 1075 408; x_wconf 80' lang='grc' dir='ltr'><em>Περσέων</em></span> <span class='ocrx_word' id='word_1_6' title='bbox 1102 353 1241 408; x_wconf 80' lang='grc' dir='ltr'><em>ἥκων·</em></span> <span class='ocrx_word' id='word_1_7' title='bbox 1299 352 1467 396; x_wconf 89' lang='grc' dir='ltr'><em>τούτων</em></span> <span class='ocrx_word' id='word_1_8' title='bbox 1496 353 1579 409; x_wconf 80' lang='grc' dir='ltr'><strong>γὰρ</strong></span> <span class='ocrx_word' id='word_1_9' title='bbox 1609 354 1662 411; x_wconf 77' lang='grc' dir='ltr'><strong>δή</strong></span> <span class='ocrx_word' id='word_1_10' title='bbox 1692 351 1749 413; x_wconf 83' lang='grc' dir='ltr'><strong>ἦν</strong></span> 
     </span>
     <span class='ocr_line' id='line_1_3' title="bbox 454 418 1749 477; baseline 0.005 -15"><span class='ocrx_word' id='word_1_11' title='bbox 454 421 530 463; x_wconf 83' lang='grc' dir='ltr'><strong>5οῑ</strong></span> <span class='ocrx_word' id='word_1_12' title='bbox 551 418 574 463; x_wconf 91' lang='grc' dir='ltr'>ὁ</span> <span class='ocrx_word' id='word_1_13' title='bbox 606 420 746 476; x_wconf 78' lang='grc' dir='ltr'><em>πατὴρ</em></span> <span class='ocrx_word' id='word_1_14' title='bbox 773 419 980 477; x_wconf 80' lang='grc' dir='ltr'><em>ὕπαρχος.</em></span> <span class='ocrx_word' id='word_1_15' title='bbox 1036 424 1126 467; x_wconf 83' lang='grc' dir='ltr'><em>ἐπεὶ</em></span> <span class='ocrx_word' id='word_1_16' title='bbox 1156 420 1219 467; x_wconf 73' lang='grc' dir='ltr'><strong>ὦν</strong></span> <span class='ocrx_word' id='word_1_17' title='bbox 1250 419 1379 475; x_wconf 87' lang='grc' dir='ltr'><em>οὗτος</em></span> <span class='ocrx_word' id='word_1_18' title='bbox 1409 423 1608 475; x_wconf 82' lang='grc' dir='ltr'><em>α’πίκετο,</em></span> <span class='ocrx_word' id='word_1_19' title='bbox 1637 431 1749 470; x_wconf 85' lang='grc' dir='ltr'><em>τοῖσι</em></span> 
     </span>
     <span class='ocr_line' id='line_1_4' title="bbox 479 490 1750 550; baseline 0.006 -17"><span class='ocrx_word' id='word_1_20' title='bbox 479 490 524 542; x_wconf 68' lang='grc' dir='ltr'><strong>’ἐξ</strong></span> <span class='ocrx_word' id='word_1_21' title='bbox 557 494 645 534; x_wconf 77' lang='grc' dir='ltr'><strong>τῶν</strong></span> <span class='ocrx_word' id='word_1_22' title='bbox 676 492 878 547; x_wconf 81' lang='grc' dir='ltr'><em>Περσέων</em></span> <span class='ocrx_word' id='word_1_23' title='bbox 916 493 1034 544; x_wconf 80' lang='grc' dir='ltr'><em>ἔδοξε</em></span> <span class='ocrx_word' id='word_1_24' title='bbox 1071 495 1144 537; x_wconf 89' lang='grc' dir='ltr'><strong>καὶ</strong></span> <span class='ocrx_word' id='word_1_25' title='bbox 1182 500 1373 550; x_wconf 81' lang='grc' dir='ltr'><em>Δαρεῖον</em></span> <span class='ocrx_word' id='word_1_26' title='bbox 1412 498 1750 550; x_wconf 79' lang='grc' dir='ltr'><em>προσεταιρίσα-</em></span> 
     </span>
     <span class='ocr_line' id='line_1_5' title="bbox 354 557 1805 618; baseline 0.005 -18"><span class='ocrx_word' id='word_1_27' title='bbox 354 557 417 601; x_wconf 72' lang='lat'><strong>71</strong></span> <span class='ocrx_word' id='word_1_28' title='bbox 480 566 598 605; x_wconf 83' lang='grc' dir='ltr'>σθαι.</span> <span class='ocrx_word' id='word_1_29' title='bbox 658 561 959 613; x_wconf 80' lang='grc' dir='ltr'><strong><em>Συνελθόντες</em></strong></span> <span class='ocrx_word' id='word_1_30' title='bbox 1001 564 1048 607; x_wconf 78' lang='grc' dir='ltr'><strong>δὲ</strong></span> <span class='ocrx_word' id='word_1_31' title='bbox 1090 559 1234 615; x_wconf 79' lang='grc' dir='ltr'><em>οὗτοι,</em></span> <span class='ocrx_word' id='word_1_32' title='bbox 1277 566 1418 618; x_wconf 85' lang='grc' dir='ltr'><em>ἐόντες</em></span> <span class='ocrx_word' id='word_1_33' title='bbox 1450 566 1577 617; x_wconf 76' lang='grc' dir='ltr'><em>ἑπτά,</em></span> <span class='ocrx_word' id='word_1_34' title='bbox 1616 567 1805 610; x_wconf 63' lang='lat' dir='ltr'><strong>{omo-30</strong></span> 
     </span>
     <span class='ocr_line' id='line_1_6' title="bbox 149 620 1748 690; baseline 0.005 -17"><span class='ocrx_word' id='word_1_35' title='bbox 149 620 426 682; x_wconf 56' lang='lat' dir='ltr'><strong>R}{{J.a1}²‡,².¹‚¹{,⁰1}¹“³</strong></span> <span class='ocrx_word' id='word_1_36' title='bbox 483 632 565 675; x_wconf 77' lang='grc' dir='ltr'><em>σοῖν</em></span> <span class='ocrx_word' id='word_1_37' title='bbox 604 645 728 690; x_wconf 82' lang='grc' dir='ltr'><em>σφισι</em></span> <span class='ocrx_word' id='word_1_38' title='bbox 768 635 910 684; x_wconf 80' lang='grc' dir='ltr'><strong><em>πίστις</em></strong></span> <span class='ocrx_word' id='word_1_39' title='bbox 947 634 1021 677; x_wconf 81' lang='grc' dir='ltr'><strong>καὶ</strong></span> <span class='ocrx_word' id='word_1_40' title='bbox 1059 634 1233 690; x_wconf 79' lang='grc' dir='ltr'><em>λόγους.</em></span> <span class='ocrx_word' id='word_1_41' title='bbox 1291 638 1382 680; x_wconf 82' lang='grc' dir='ltr'><em>ἐπεί</em></span> <span class='ocrx_word' id='word_1_42' title='bbox 1418 654 1463 681; x_wconf 88' lang='grc' dir='ltr'><em>τε</em></span> <span class='ocrx_word' id='word_1_43' title='bbox 1503 638 1548 681; x_wconf 78' lang='grc' dir='ltr'><strong>δὲ</strong></span> <span class='ocrx_word' id='word_1_44' title='bbox 1577 637 1621 688; x_wconf 78' lang='grc' dir='ltr'><strong>ἐς</strong></span> <span class='ocrx_word' id='word_1_45' title='bbox 1652 642 1748 682; x_wconf 86' lang='grc' dir='ltr'><strong>Λα-</strong></span> 
     </span>
     <span class='ocr_line' id='line_1_7' title="bbox 149 688 1748 765; baseline 0.006 -22"><span class='ocrx_word' id='word_1_46' title='bbox 149 688 422 718; x_wconf 59' lang='lat' dir='ltr'><strong>⁸⁰³⁴¹⁸¹¹⁶⁸Vi¹¹⁰⁵‘&#39;</strong></span> <span class='ocrx_word' id='word_1_47' title='bbox 480 708 599 758; x_wconf 84' lang='grc' dir='ltr'><em>ρεῖον</em></span> <span class='ocrx_word' id='word_1_48' title='bbox 629 703 802 746; x_wconf 81' lang='grc' dir='ltr'><em>ἀπίκετο</em></span> <span class='ocrx_word' id='word_1_49' title='bbox 831 701 1010 760; x_wconf 76' lang='grc' dir='ltr'><em>γνώμην</em></span> <span class='ocrx_word' id='word_1_50' title='bbox 1038 704 1386 762; x_wconf 73' lang='grc' dir='ltr'><em>ἀποφαίνεσθαι,</em></span> <span class='ocrx_word' id='word_1_51' title='bbox 1424 707 1536 763; x_wconf 76' lang='grc' dir='ltr'><em>ἔλεγέ</em></span> <span class='ocrx_word' id='word_1_52' title='bbox 1568 720 1648 765; x_wconf 84' lang='grc' dir='ltr'><em>σφι</em></span> <span class='ocrx_word' id='word_1_53' title='bbox 1676 708 1748 752; x_wconf 85' lang='grc' dir='ltr'><strong>τά-</strong></span> 
     </span>
     <span class='ocr_line' id='line_1_8' title="bbox 449 773 1749 834; baseline 0.007 -20"><span class='ocrx_word' id='word_1_54' title='bbox 449 775 547 816; x_wconf 72' lang='grc' dir='ltr'><em>Ξδε·</em></span> <span class='ocrx_word' id='word_1_55' title='bbox 606 773 747 828; x_wconf 84' lang='grc' dir='ltr'><em>,,Ἐγώ</em></span> <span class='ocrx_word' id='word_1_56' title='bbox 783 778 921 817; x_wconf 78' lang='grc' dir='ltr'><em>ταῦτα</em></span> <span class='ocrx_word' id='word_1_57' title='bbox 959 774 1137 819; x_wconf 79' lang='grc' dir='ltr'><em>ἐδόκεον</em></span> <span class='ocrx_word' id='word_1_58' title='bbox 1175 777 1254 833; x_wconf 80' lang='grc' dir='ltr'><strong>μὲν</strong></span> <span class='ocrx_word' id='word_1_59' title='bbox 1293 776 1423 829; x_wconf 80' lang='grc' dir='ltr'><em>αὐτὸς</em></span> <span class='ocrx_word' id='word_1_60' title='bbox 1461 783 1626 834; x_wconf 80' lang='grc' dir='ltr'><em>μοῦνος</em></span> <span class='ocrx_word' id='word_1_61' title='bbox 1664 780 1749 823; x_wconf 81' lang='grc' dir='ltr'><em>ἐπί-</em></span> 
     </span>
     <span class='ocr_line' id='line_1_9' title="bbox 479 842 1748 905; baseline 0.008 -21"><span class='ocrx_word' id='word_1_62' title='bbox 479 849 689 894; x_wconf 78' lang='grc' dir='ltr'><em>στασθαι,</em></span> <span class='ocrx_word' id='word_1_63' title='bbox 741 842 808 887; x_wconf 83' lang='grc' dir='ltr'><strong>ὅτι</strong></span> <span class='ocrx_word' id='word_1_64' title='bbox 848 860 892 887; x_wconf 89' lang='grc' dir='ltr'><em>τε</em></span> <span class='ocrx_word' id='word_1_65' title='bbox 935 844 959 888; x_wconf 90' lang='lat' dir='ltr'><strong>o‘</strong></span> <span class='ocrx_word' id='word_1_66' title='bbox 1001 845 1160 902; x_wconf 78' lang='grc' dir='ltr'><em>Μάγος</em></span> <span class='ocrx_word' id='word_1_67' title='bbox 1197 850 1261 904; x_wconf 83' lang='grc' dir='ltr'><em>εἶή</em></span> <span class='ocrx_word' id='word_1_68' title='bbox 1300 849 1323 892; x_wconf 89' lang='grc' dir='ltr'>ὁ</span> <span class='ocrx_word' id='word_1_69' title='bbox 1365 849 1629 905; x_wconf 84' lang='grc' dir='ltr'><em>βασιλεύων,</em></span> <span class='ocrx_word' id='word_1_70' title='bbox 1674 850 1748 894; x_wconf 80' lang='grc' dir='ltr'><strong>καὶ</strong></span> 
     </span>
     <span class='ocr_line' id='line_1_10' title="bbox 478 913 1802 973; baseline 0.007 -17"><span class='ocrx_word' id='word_1_71' title='bbox 478 914 670 969; x_wconf 80' lang='grc' dir='ltr'><strong><em>Σμέρδις</em></strong></span> <span class='ocrx_word' id='word_1_72' title='bbox 703 913 726 957; x_wconf 92' lang='grc' dir='ltr'>ὁ</span> <span class='ocrx_word' id='word_1_73' title='bbox 758 914 916 969; x_wconf 83' lang='grc' dir='ltr'><em>Κύρου</em></span> <span class='ocrx_word' id='word_1_74' title='bbox 945 916 1234 973; x_wconf 78' lang='grc' dir='ltr'><em>τετελεύτηκε·</em></span> <span class='ocrx_word' id='word_1_75' title='bbox 1294 919 1367 962; x_wconf 77' lang='grc' dir='ltr'><strong>καὶ</strong></span> <span class='ocrx_word' id='word_1_76' title='bbox 1406 918 1546 963; x_wconf 81' lang='grc' dir='ltr'><em>αὐτοῦ</em></span> <span class='ocrx_word' id='word_1_77' title='bbox 1583 920 1802 965; x_wconf 84' lang='grc' dir='ltr'><em>τούτου35</em></span> 
     </span>
     <span class='ocr_line' id='line_1_11' title="bbox 479 985 1746 1048; baseline 0.006 -21"><span class='ocrx_word' id='word_1_78' title='bbox 479 987 643 1028; x_wconf 76' lang='grc' dir='ltr'><em>εἵνεκεν</em></span> <span class='ocrx_word' id='word_1_79' title='bbox 674 985 766 1042; x_wconf 78' lang='grc' dir='ltr'><strong>ἥκω</strong></span> <span class='ocrx_word' id='word_1_80' title='bbox 807 988 999 1042; x_wconf 85' lang='grc' dir='ltr'><em>σπουδῇ,</em></span> <span class='ocrx_word' id='word_1_81' title='bbox 1047 986 1106 1038; x_wconf 79' lang='grc' dir='ltr'><strong>ὡς</strong></span> <span class='ocrx_word' id='word_1_82' title='bbox 1137 988 1363 1044; x_wconf 79' lang='grc' dir='ltr'><em>συστήσων</em></span> <span class='ocrx_word' id='word_1_83' title='bbox 1404 990 1471 1032; x_wconf 82' lang='grc' dir='ltr'><strong>ἐπὶ</strong></span> <span class='ocrx_word' id='word_1_84' title='bbox 1512 995 1571 1046; x_wconf 81' lang='grc' dir='ltr'><strong>τῷ</strong></span> <span class='ocrx_word' id='word_1_85' title='bbox 1603 991 1746 1048; x_wconf 81' lang='grc' dir='ltr'><em>Μάγῳ</em></span> 
     </span>
     <span class='ocr_line' id='line_1_12' title="bbox 449 1055 1749 1115; baseline 0.006 -20"><span class='ocrx_word' id='word_1_86' title='bbox 449 1055 691 1099; x_wconf 77' lang='grc' dir='ltr'><em>Βθάνατον.</em></span> <span class='ocrx_word' id='word_1_87' title='bbox 750 1055 842 1100; x_wconf 78' lang='grc' dir='ltr'><em>ἐπεί</em></span> <span class='ocrx_word' id='word_1_88' title='bbox 870 1073 915 1100; x_wconf 86' lang='grc' dir='ltr'><em>τε</em></span> <span class='ocrx_word' id='word_1_89' title='bbox 952 1057 998 1100; x_wconf 82' lang='grc' dir='ltr'><strong>δὲ</strong></span> <span class='ocrx_word' id='word_1_90' title='bbox 1037 1058 1263 1114; x_wconf 84' lang='grc' dir='ltr'><em>συνήνεικε</em></span> <span class='ocrx_word' id='word_1_91' title='bbox 1294 1059 1401 1103; x_wconf 74' lang='grc' dir='ltr'><em>ὥστε</em></span> <span class='ocrx_word' id='word_1_92' title='bbox 1430 1060 1503 1103; x_wconf 81' lang='grc' dir='ltr'><strong>καὶ</strong></span> <span class='ocrx_word' id='word_1_93' title='bbox 1530 1059 1666 1115; x_wconf 82' lang='grc' dir='ltr'><em>ὑμέας</em></span> <span class='ocrx_word' id='word_1_94' title='bbox 1695 1062 1749 1103; x_wconf 74' lang='grc' dir='ltr'><em>εἰ·</em></span> 
     </span>
     <span class='ocr_line' id='line_1_13' title="bbox 479 1125 1746 1186; baseline 0.004 -17"><span class='ocrx_word' id='word_1_95' title='bbox 479 1125 601 1170; x_wconf 82' lang='grc' dir='ltr'><em>δέναι</em></span> <span class='ocrx_word' id='word_1_96' title='bbox 640 1127 714 1170; x_wconf 80' lang='grc' dir='ltr'><strong>καὶ</strong></span> <span class='ocrx_word' id='word_1_97' title='bbox 754 1127 813 1184; x_wconf 82' lang='grc' dir='ltr'><strong>μὴ</strong></span> <span class='ocrx_word' id='word_1_98' title='bbox 846 1132 1016 1183; x_wconf 84' lang='grc' dir='ltr'><em>μοῦνον</em></span> <span class='ocrx_word' id='word_1_99' title='bbox 1056 1130 1146 1185; x_wconf 75' lang='grc' dir='ltr'><em>ἐμὲ,</em></span> <span class='ocrx_word' id='word_1_100' title='bbox 1193 1131 1360 1175; x_wconf 82' lang='grc' dir='ltr'><em>ποιέειν</em></span> <span class='ocrx_word' id='word_1_101' title='bbox 1389 1130 1545 1174; x_wconf 81' lang='grc' dir='ltr'><em>αὐτίκα</em></span> <span class='ocrx_word' id='word_1_102' title='bbox 1573 1147 1649 1186; x_wconf 89' lang='grc' dir='ltr'><strong>μοι</strong></span> <span class='ocrx_word' id='word_1_103' title='bbox 1677 1131 1746 1174; x_wconf 87' lang='grc' dir='ltr'><strong>δο-</strong></span> 
     </span>
     <span class='ocr_line' id='line_1_14' title="bbox 477 1197 1747 1257; baseline 0.003 -16"><span class='ocrx_word' id='word_1_104' title='bbox 477 1197 587 1250; x_wconf 81' lang='grc' dir='ltr'><em>κέει,</em></span> <span class='ocrx_word' id='word_1_105' title='bbox 639 1198 712 1242; x_wconf 75' lang='grc' dir='ltr'><strong>καὶ</strong></span> <span class='ocrx_word' id='word_1_106' title='bbox 753 1197 811 1254; x_wconf 80' lang='grc' dir='ltr'><strong>μή</strong></span> <span class='ocrx_word' id='word_1_107' title='bbox 859 1198 1230 1255; x_wconf 77' lang='grc' dir='ltr'><em>ὑπερβάλλεσθαι·</em></span> <span class='ocrx_word' id='word_1_108' title='bbox 1288 1201 1342 1245; x_wconf 82' lang='grc' dir='ltr'><strong>οὐ</strong></span> <span class='ocrx_word' id='word_1_109' title='bbox 1389 1201 1471 1257; x_wconf 75' lang='grc' dir='ltr'><strong>γὰρ</strong></span> <span class='ocrx_word' id='word_1_110' title='bbox 1518 1201 1747 1257; x_wconf 78' lang='grc' dir='ltr'><em>ἅμεινον.“</em></span> 
     </span>
     <span class='ocr_line' id='line_1_15' title="bbox 448 1266 1801 1328; baseline 0.004 -17"><span class='ocrx_word' id='word_1_111' title='bbox 448 1267 593 1313; x_wconf 85' lang='grc' dir='ltr'><em>4Εἶπε</em></span> <span class='ocrx_word' id='word_1_112' title='bbox 623 1267 735 1326; x_wconf 80' lang='grc' dir='ltr'><em>πρὸς</em></span> <span class='ocrx_word' id='word_1_113' title='bbox 763 1273 900 1313; x_wconf 82' lang='grc' dir='ltr'><em>ταῦτα</em></span> <span class='ocrx_word' id='word_1_114' title='bbox 930 1268 953 1313; x_wconf 88' lang='grc' dir='ltr'>ὁ</span> <span class='ocrx_word' id='word_1_115' title='bbox 979 1268 1184 1328; x_wconf 77' lang='grc' dir='ltr'><em>Ὀτάνης·</em></span> <span class='ocrx_word' id='word_1_116' title='bbox 1245 1266 1329 1325; x_wconf 69' lang='lat'><strong>„³52</strong></span> <span class='ocrx_word' id='word_1_117' title='bbox 1367 1278 1449 1316; x_wconf 86' lang='grc' dir='ltr'><strong>παῖ</strong></span> <span class='ocrx_word' id='word_1_118' title='bbox 1468 1271 1801 1326; x_wconf 74' lang='grc' dir='ltr'><em>Ὑστάσπεος,40</em></span> 
     </span>
    </p>
   </div>
   <div class='ocr_carea' id='block_1_3' title="bbox 423 1454 1801 1511">
    <p class='ocr_par' dir='ltr' id='par_1_3' title="bbox 423 1454 1801 1511">
     <span class='ocr_line' id='line_1_16' title="bbox 423 1454 1801 1511; baseline 0.004 -16"><span class='ocrx_word' id='word_1_119' title='bbox 423 1454 547 1504; x_wconf 83' lang='grc'>414),</span> <span class='ocrx_word' id='word_1_120' title='bbox 588 1458 704 1496; x_wconf 83' lang='lat' dir='ltr'><strong>fuisse</strong></span> <span class='ocrx_word' id='word_1_121' title='bbox 728 1459 794 1497; x_wconf 86' lang='lat' dir='ltr'><strong>hos</strong></span> <span class='ocrx_word' id='word_1_122' title='bbox 825 1465 966 1511; x_wconf 82' lang='lat' dir='ltr'>septem</span> <span class='ocrx_word' id='word_1_123' title='bbox 994 1460 1086 1499; x_wconf 86' lang='lat' dir='ltr'><strong>Per-</strong></span> <span class='ocrx_word' id='word_1_124' title='bbox 1142 1462 1250 1499; x_wconf 87' lang='lat' dir='ltr'><strong>conf.</strong></span> <span class='ocrx_word' id='word_1_125' title='bbox 1295 1462 1437 1500; x_wconf 87' lang='lat' dir='ltr'><strong>Histor.</strong></span> <span class='ocrx_word' id='word_1_126' title='bbox 1486 1462 1595 1500; x_wconf 81' lang='lat' dir='ltr'><strong>critic.</strong></span> <span class='ocrx_word' id='word_1_127' title='bbox 1632 1462 1801 1510; x_wconf 82' lang='lat' dir='ltr'><strong>Hungar.</strong></span> 
     </span>
    </p>
   </div>
   <div class='ocr_carea' id='block_1_4' title="bbox 363 1514 1085 1568">
    <p class='ocr_par' dir='ltr' id='par_1_4' title="bbox 363 1514 1085 1568">
     <span class='ocr_line' id='line_1_17' title="bbox 363 1514 1085 1568; baseline 0.012 -22"><span class='ocrx_word' id='word_1_128' title='bbox 363 1561 365 1565; x_wconf 27' lang='grc' dir='ltr'>ι</span> <span class='ocrx_word' id='word_1_129' title='bbox 424 1524 503 1558; x_wconf 86' lang='lat' dir='ltr'><strong>sas,</strong></span> <span class='ocrx_word' id='word_1_130' title='bbox 534 1514 596 1562; x_wconf 85' lang='lat' dir='ltr'><strong>qui</strong></span> <span class='ocrx_word' id='word_1_131' title='bbox 624 1515 911 1563; x_wconf 82' lang='lat' dir='ltr'><strong>coniuraverint,</strong></span> <span class='ocrx_word' id='word_1_132' title='bbox 952 1519 1085 1568; x_wconf 86' lang='lat' dir='ltr'><strong>princi-</strong></span> 
     </span>
    </p>
   </div>
   <div class='ocr_carea' id='block_1_5' title="bbox 419 1571 1085 2915">
    <p class='ocr_par' dir='ltr' id='par_1_5' title="bbox 419 1571 1085 2915">
     <span class='ocr_line' id='line_1_18' title="bbox 424 1571 1084 1622; baseline 0.011 -18"><span class='ocrx_word' id='word_1_133' title='bbox 424 1581 492 1618; x_wconf 84' lang='lat' dir='ltr'><strong>pes</strong></span> <span class='ocrx_word' id='word_1_134' title='bbox 515 1571 695 1618; x_wconf 89' lang='lat' dir='ltr'><strong>tribuum,</strong></span> <span class='ocrx_word' id='word_1_135' title='bbox 733 1574 865 1622; x_wconf 88' lang='lat' dir='ltr'><strong>quibus</strong></span> <span class='ocrx_word' id='word_1_136' title='bbox 892 1575 1084 1612; x_wconf 82' lang='lat' dir='ltr'>Persarum</span> 
     </span>
     <span class='ocr_line' id='line_1_19' title="bbox 425 1626 1084 1680; baseline 0.011 -20"><span class='ocrx_word' id='word_1_137' title='bbox 425 1626 524 1662; x_wconf 83' lang='lat' dir='ltr'><strong>natio</strong></span> <span class='ocrx_word' id='word_1_138' title='bbox 554 1628 778 1676; x_wconf 83' lang='lat' dir='ltr'><strong>constiterit,</strong></span> <span class='ocrx_word' id='word_1_139' title='bbox 819 1630 874 1668; x_wconf 86' lang='lat' dir='ltr'><strong>vel</strong></span> <span class='ocrx_word' id='word_1_140' title='bbox 895 1636 993 1669; x_wconf 84' lang='lat' dir='ltr'><strong>certe</strong></span> <span class='ocrx_word' id='word_1_141' title='bbox 1011 1632 1084 1680; x_wconf 80' lang='lat' dir='ltr'><strong>pri-</strong></span> 
     </span>
     <span class='ocr_line' id='line_1_20' title="bbox 423 1684 1084 1734; baseline 0.012 -18"><span class='ocrx_word' id='word_1_142' title='bbox 423 1693 544 1718; x_wconf 86' lang='lat' dir='ltr'><strong>mores</strong></span> <span class='ocrx_word' id='word_1_143' title='bbox 591 1696 611 1721; x_wconf 87' lang='lat' dir='ltr'><strong>e</strong></span> <span class='ocrx_word' id='word_1_144' title='bbox 650 1684 941 1734; x_wconf 74' lang='lat' dir='ltr'><strong>Pasargadai-um</strong></span> <span class='ocrx_word' id='word_1_145' title='bbox 988 1688 1084 1724; x_wconf 84' lang='lat' dir='ltr'><strong>tribu</strong></span> 
     </span>
     <span class='ocr_line' id='line_1_21' title="bbox 424 1736 1085 1793; baseline 0.012 -21"><span class='ocrx_word' id='word_1_146' title='bbox 424 1736 612 1786; x_wconf 79' lang='lat' dir='ltr'><strong>(Stamm—</strong></span> <span class='ocrx_word' id='word_1_147' title='bbox 631 1741 720 1778; x_wconf 84' lang='lat' dir='ltr'><strong>oder</strong></span> <span class='ocrx_word' id='word_1_148' title='bbox 737 1742 1085 1793; x_wconf 69' lang='lat' dir='ltr'><strong>Famile&#39;enloaeupter</strong></span> 
     </span>
     <span class='ocr_line' id='line_1_22' title="bbox 425 1795 1084 1848; baseline 0.009 -16"><span class='ocrx_word' id='word_1_149' title='bbox 425 1795 487 1832; x_wconf 83' lang='lat' dir='ltr'><strong>der</strong></span> <span class='ocrx_word' id='word_1_150' title='bbox 515 1795 685 1845; x_wconf 78' lang='lat' dir='ltr'><strong>Perser)‚</strong></span> <span class='ocrx_word' id='word_1_151' title='bbox 733 1811 886 1848; x_wconf 88' lang='lat' dir='ltr'><strong>quorum</strong></span> <span class='ocrx_word' id='word_1_152' title='bbox 924 1813 968 1837; x_wconf 87' lang='lat' dir='ltr'><strong>ea</strong></span> <span class='ocrx_word' id='word_1_153' title='bbox 999 1801 1084 1837; x_wconf 87' lang='lat' dir='ltr'><strong>inde</strong></span> 
     </span>
     <span class='ocr_line' id='line_1_23' title="bbox 423 1853 1083 1905; baseline 0.009 -17"><span class='ocrx_word' id='word_1_154' title='bbox 423 1853 534 1889; x_wconf 81' lang='lat' dir='ltr'><strong>suerit</strong></span> <span class='ocrx_word' id='word_1_155' title='bbox 552 1855 766 1902; x_wconf 83' lang='lat' dir='ltr'><strong>auctoritas,</strong></span> <span class='ocrx_word' id='word_1_156' title='bbox 797 1861 860 1903; x_wconf 89' lang='lat' dir='ltr'><strong>ut,</strong></span> <span class='ocrx_word' id='word_1_157' title='bbox 892 1857 993 1905; x_wconf 89' lang='lat' dir='ltr'><strong>quod</strong></span> <span class='ocrx_word' id='word_1_158' title='bbox 1011 1870 1083 1894; x_wconf 89' lang='lat' dir='ltr'><strong>ne-</strong></span> 
     </span>
     <span class='ocr_line' id='line_1_24' title="bbox 424 1909 1083 1962; baseline 0.008 -18"><span class='ocrx_word' id='word_1_159' title='bbox 424 1909 511 1945; x_wconf 90' lang='lat' dir='ltr'><strong>mini</strong></span> <span class='ocrx_word' id='word_1_160' title='bbox 529 1909 720 1947; x_wconf 83' lang='lat' dir='ltr'>Persarum</span> <span class='ocrx_word' id='word_1_161' title='bbox 740 1911 850 1958; x_wconf 89' lang='lat' dir='ltr'><strong>licuit,</strong></span> <span class='ocrx_word' id='word_1_162' title='bbox 874 1914 996 1950; x_wconf 85' lang='lat' dir='ltr'><strong>aditus</strong></span> <span class='ocrx_word' id='word_1_163' title='bbox 1016 1926 1083 1962; x_wconf 87' lang='lat' dir='ltr'><strong>pa-</strong></span> 
     </span>
     <span class='ocr_line' id='line_1_25' title="bbox 424 1966 1084 2018; baseline 0.006 -17"><span class='ocrx_word' id='word_1_164' title='bbox 424 1968 517 2002; x_wconf 81' lang='lat' dir='ltr'><strong>teret</strong></span> <span class='ocrx_word' id='word_1_165' title='bbox 533 1966 581 2002; x_wconf 85' lang='lat' dir='ltr'><strong>ad</strong></span> <span class='ocrx_word' id='word_1_166' title='bbox 600 1978 735 2013; x_wconf 82' lang='lat' dir='ltr'><strong>regem.</strong></span> <span class='ocrx_word' id='word_1_167' title='bbox 771 1969 882 2018; x_wconf 84' lang='lat' dir='ltr'><strong>Apud</strong></span> <span class='ocrx_word' id='word_1_168' title='bbox 901 1969 1084 2005; x_wconf 84' lang='lat' dir='ltr'><strong>istiusmo-</strong></span> 
     </span>
     <span class='ocr_line' id='line_1_26' title="bbox 423 2021 1082 2070; baseline 0.009 -14"><span class='ocrx_word' id='word_1_169' title='bbox 423 2021 461 2057; x_wconf 89' lang='lat' dir='ltr'><strong>di</strong></span> <span class='ocrx_word' id='word_1_170' title='bbox 482 2026 603 2058; x_wconf 84' lang='lat' dir='ltr'><strong>autem</strong></span> <span class='ocrx_word' id='word_1_171' title='bbox 633 2027 761 2070; x_wconf 83' lang='lat' dir='ltr'><strong>gentes</strong></span> <span class='ocrx_word' id='word_1_172' title='bbox 790 2024 882 2061; x_wconf 81' lang='lat' dir='ltr'><strong>tales</strong></span> <span class='ocrx_word' id='word_1_173' title='bbox 904 2025 1082 2062; x_wconf 84' lang='lat' dir='ltr'><strong>delibera-</strong></span> 
     </span>
     <span class='ocr_line' id='line_1_27' title="bbox 421 2076 1082 2128; baseline 0.005 -15"><span class='ocrx_word' id='word_1_174' title='bbox 421 2076 539 2114; x_wconf 82' lang='lat' dir='ltr'><strong>tiones</strong></span> <span class='ocrx_word' id='word_1_175' title='bbox 569 2078 772 2128; x_wconf 85' lang='lat' dir='ltr'>principum</span> <span class='ocrx_word' id='word_1_176' title='bbox 793 2081 839 2117; x_wconf 86' lang='lat' dir='ltr'><strong>de</strong></span> <span class='ocrx_word' id='word_1_177' title='bbox 861 2082 1082 2118; x_wconf 79' lang='lat' dir='ltr'><strong>constituen-</strong></span> 
     </span>
     <span class='ocr_line' id='line_1_28' title="bbox 422 2133 1080 2181; baseline 0.006 -12"><span class='ocrx_word' id='word_1_178' title='bbox 422 2133 471 2169; x_wconf 93' lang='lat' dir='ltr'><strong>do</strong></span> <span class='ocrx_word' id='word_1_179' title='bbox 495 2134 599 2181; x_wconf 74' lang='lat' dir='ltr'><strong>regni</strong></span> <span class='ocrx_word' id='word_1_180' title='bbox 624 2147 829 2173; x_wconf 83' lang='lat' dir='ltr'>successore</span> <span class='ocrx_word' id='word_1_181' title='bbox 857 2150 929 2173; x_wconf 92' lang='lat' dir='ltr'><strong>non</strong></span> <span class='ocrx_word' id='word_1_182' title='bbox 956 2137 1080 2173; x_wconf 86' lang='lat' dir='ltr'><strong>insoli—</strong></span> 
     </span>
     <span class='ocr_line' id='line_1_29' title="bbox 422 2191 1080 2240; baseline 0.006 -15"><span class='ocrx_word' id='word_1_183' title='bbox 422 2192 477 2225; x_wconf 81' lang='lat' dir='ltr'><strong>tas</strong></span> <span class='ocrx_word' id='word_1_184' title='bbox 492 2202 571 2227; x_wconf 80' lang='lat' dir='ltr'><strong>esse</strong></span> <span class='ocrx_word' id='word_1_185' title='bbox 590 2191 684 2228; x_wconf 79' lang='lat' dir='ltr'><strong>idem</strong></span> <span class='ocrx_word' id='word_1_186' title='bbox 705 2197 827 2229; x_wconf 83' lang='lat' dir='ltr'><strong>monet</strong></span> <span class='ocrx_word' id='word_1_187' title='bbox 839 2193 996 2231; x_wconf 82' lang='lat' dir='ltr'><strong>Heeren.</strong></span> <span class='ocrx_word' id='word_1_188' title='bbox 1012 2193 1032 2229; x_wconf 93' lang='grc' dir='ltr'><strong>Ι.</strong></span> <span class='ocrx_word' id='word_1_189' title='bbox 1044 2193 1080 2240; x_wconf 84' lang='grc'><strong>1.,</strong></span> 
     </span>
     <span class='ocr_line' id='line_1_30' title="bbox 420 2244 1080 2293; baseline 0.008 -13"><span class='ocrx_word' id='word_1_190' title='bbox 420 2244 676 2293; x_wconf 83' lang='lat' dir='ltr'><strong>Mongolorum</strong></span> <span class='ocrx_word' id='word_1_191' title='bbox 716 2248 782 2285; x_wconf 78' lang='lat' dir='ltr'><strong>hac</strong></span> <span class='ocrx_word' id='word_1_192' title='bbox 824 2249 860 2285; x_wconf 90' lang='lat' dir='ltr'><strong>in</strong></span> <span class='ocrx_word' id='word_1_193' title='bbox 893 2263 933 2287; x_wconf 87' lang='lat' dir='ltr'><strong>re</strong></span> <span class='ocrx_word' id='word_1_194' title='bbox 966 2250 1080 2286; x_wconf 86' lang='lat' dir='ltr'><strong>citans</strong></span> 
     </span>
     <span class='ocr_line' id='line_1_31' title="bbox 420 2302 1082 2356; baseline 0.008 -19"><span class='ocrx_word' id='word_1_195' title='bbox 420 2302 636 2351; x_wconf 83' lang='lat' dir='ltr'><strong>exemplum.</strong></span> <span class='ocrx_word' id='word_1_196' title='bbox 674 2303 754 2341; x_wconf 86' lang='lat' dir='ltr'><strong>Nec</strong></span> <span class='ocrx_word' id='word_1_197' title='bbox 775 2304 844 2341; x_wconf 82' lang='lat' dir='ltr'><strong>alio</strong></span> <span class='ocrx_word' id='word_1_198' title='bbox 864 2306 947 2342; x_wconf 87' lang='lat' dir='ltr'><strong>mihi</strong></span> <span class='ocrx_word' id='word_1_199' title='bbox 969 2307 1082 2356; x_wconf 79' lang='lat' dir='ltr'><strong>perti-</strong></span> 
     </span>
     <span class='ocr_line' id='line_1_32' title="bbox 420 2359 1078 2410; baseline 0.009 -17"><span class='ocrx_word' id='word_1_200' title='bbox 420 2370 507 2394; x_wconf 84' lang='lat' dir='ltr'><strong>nere</strong></span> <span class='ocrx_word' id='word_1_201' title='bbox 527 2359 719 2406; x_wconf 82' lang='lat' dir='ltr'><strong>videntur,</strong></span> <span class='ocrx_word' id='word_1_202' title='bbox 750 2374 844 2410; x_wconf 85' lang='lat' dir='ltr'><strong>quae</strong></span> <span class='ocrx_word' id='word_1_203' title='bbox 867 2362 929 2408; x_wconf 88' lang='lat' dir='ltr'><strong>III,</strong></span> <span class='ocrx_word' id='word_1_204' title='bbox 948 2362 1001 2402; x_wconf 84' lang='lat'><strong>84</strong></span> <span class='ocrx_word' id='word_1_205' title='bbox 1026 2362 1078 2399; x_wconf 87' lang='lat' dir='ltr'><strong>Ie-</strong></span> 
     </span>
     <span class='ocr_line' id='line_1_33' title="bbox 420 2418 1077 2467; baseline 0.009 -18"><span class='ocrx_word' id='word_1_206' title='bbox 420 2418 580 2462; x_wconf 83' lang='lat' dir='ltr'><strong>guntur,</strong></span> <span class='ocrx_word' id='word_1_207' title='bbox 627 2419 689 2452; x_wconf 80' lang='lat' dir='ltr'><strong>aut</strong></span> <span class='ocrx_word' id='word_1_208' title='bbox 710 2430 804 2465; x_wconf 82' lang='lat' dir='ltr'><strong>quae</strong></span> <span class='ocrx_word' id='word_1_209' title='bbox 825 2419 871 2455; x_wconf 80' lang='lat' dir='ltr'><strong>de</strong></span> <span class='ocrx_word' id='word_1_210' title='bbox 893 2418 1077 2467; x_wconf 81' lang='lat' dir='ltr'><strong>Hungaris</strong></span> 
     </span>
     <span class='ocr_line' id='line_1_34' title="bbox 419 2471 1079 2523; baseline 0.008 -17"><span class='ocrx_word' id='word_1_211' title='bbox 419 2471 614 2507; x_wconf 79' lang='lat' dir='ltr'>memoriae</span> <span class='ocrx_word' id='word_1_212' title='bbox 632 2473 791 2520; x_wconf 81' lang='lat' dir='ltr'><strong>prodidit</strong></span> <span class='ocrx_word' id='word_1_213' title='bbox 811 2473 988 2523; x_wconf 73' lang='lat' dir='ltr'><strong>Anonym.</strong></span> <span class='ocrx_word' id='word_1_214' title='bbox 1006 2475 1079 2512; x_wconf 87' lang='lat' dir='ltr'><strong>Be-</strong></span> 
     </span>
     <span class='ocr_line' id='line_1_35' title="bbox 420 2524 1077 2579; baseline 0.009 -18"><span class='ocrx_word' id='word_1_215' title='bbox 420 2524 478 2562; x_wconf 83' lang='lat' dir='ltr'><strong>lae</strong></span> <span class='ocrx_word' id='word_1_216' title='bbox 496 2528 656 2563; x_wconf 77' lang='lat' dir='ltr'><strong>notarius</strong></span> <span class='ocrx_word' id='word_1_217' title='bbox 676 2541 755 2577; x_wconf 86' lang='lat' dir='ltr'><strong>cap.</strong></span> <span class='ocrx_word' id='word_1_218' title='bbox 782 2529 821 2565; x_wconf 79' lang='lat' dir='ltr'><strong>V.</strong></span> <span class='ocrx_word' id='word_1_219' title='bbox 856 2528 965 2579; x_wconf 85' lang='lat' dir='ltr'><strong>Apud</strong></span> <span class='ocrx_word' id='word_1_220' title='bbox 986 2543 1077 2579; x_wconf 89' lang='lat' dir='ltr'><strong>quos</strong></span> 
     </span>
     <span class='ocr_line' id='line_1_36' title="bbox 420 2582 1078 2632; baseline 0.008 -15"><span class='ocrx_word' id='word_1_221' title='bbox 420 2582 457 2618; x_wconf 83' lang='lat' dir='ltr'><strong>in</strong></span> <span class='ocrx_word' id='word_1_222' title='bbox 479 2582 660 2632; x_wconf 82' lang='lat' dir='ltr'><strong>Europam</strong></span> <span class='ocrx_word' id='word_1_223' title='bbox 681 2585 838 2631; x_wconf 78' lang='lat' dir='ltr'><strong>migrare</strong></span> <span class='ocrx_word' id='word_1_224' title='bbox 855 2587 1078 2622; x_wconf 78' lang='lat' dir='ltr'><strong>constituen-</strong></span> 
     </span>
     <span class='ocr_line' id='line_1_37' title="bbox 420 2639 1079 2691; baseline 0.005 -17"><span class='ocrx_word' id='word_1_225' title='bbox 420 2642 476 2675; x_wconf 84' lang='lat' dir='ltr'><strong>tes</strong></span> <span class='ocrx_word' id='word_1_226' title='bbox 497 2639 653 2675; x_wconf 77' lang='lat' dir='ltr'><strong>existunt</strong></span> <span class='ocrx_word' id='word_1_227' title='bbox 673 2644 798 2689; x_wconf 70' lang='lat' dir='ltr'><strong>septem</strong></span> <span class='ocrx_word' id='word_1_228' title='bbox 816 2642 937 2688; x_wconf 81' lang='lat' dir='ltr'><strong>gentis</strong></span> <span class='ocrx_word' id='word_1_229' title='bbox 951 2644 1079 2691; x_wconf 74' lang='lat' dir='ltr'><strong>primo-</strong></span> 
     </span>
     <span class='ocr_line' id='line_1_38' title="bbox 420 2695 1079 2744; baseline 0.008 -14"><span class='ocrx_word' id='word_1_230' title='bbox 420 2707 485 2740; x_wconf 76' lang='lat' dir='ltr'><strong>res,</strong></span> <span class='ocrx_word' id='word_1_231' title='bbox 511 2695 572 2744; x_wconf 80' lang='lat' dir='ltr'><strong>qui</strong></span> <span class='ocrx_word' id='word_1_232' title='bbox 593 2695 704 2732; x_wconf 75' lang='lat' dir='ltr'><strong>libera</strong></span> <span class='ocrx_word' id='word_1_233' title='bbox 724 2697 908 2734; x_wconf 70' lang='lat' dir='ltr'><strong>voluntate</strong></span> <span class='ocrx_word' id='word_1_234' title='bbox 928 2705 963 2733; x_wconf 84' lang='lat' dir='ltr'><strong>et</strong></span> <span class='ocrx_word' id='word_1_235' title='bbox 981 2712 1079 2734; x_wconf 84' lang='lat' dir='ltr'><strong>com-</strong></span> 
     </span>
     <span class='ocr_line' id='line_1_39' title="bbox 420 2752 1078 2801; baseline 0.005 -14"><span class='ocrx_word' id='word_1_236' title='bbox 420 2752 520 2787; x_wconf 89' lang='lat' dir='ltr'><strong>muni</strong></span> <span class='ocrx_word' id='word_1_237' title='bbox 538 2764 714 2788; x_wconf 84' lang='lat' dir='ltr'><strong>consensu</strong></span> <span class='ocrx_word' id='word_1_238' title='bbox 731 2754 852 2801; x_wconf 80' lang='lat' dir='ltr'><strong>gentis</strong></span> <span class='ocrx_word' id='word_1_239' title='bbox 871 2754 998 2790; x_wconf 75' lang='lat' dir='ltr'><strong>ducem</strong></span> <span class='ocrx_word' id='word_1_240' title='bbox 1015 2754 1078 2790; x_wconf 75' lang='lat' dir='ltr'><strong>eli-</strong></span> 
     </span>
     <span class='ocr_line' id='line_1_40' title="bbox 420 2807 1078 2856; baseline 0.005 -13"><span class='ocrx_word' id='word_1_241' title='bbox 420 2811 511 2855; x_wconf 83' lang='lat' dir='ltr'><strong>gunt</strong></span> <span class='ocrx_word' id='word_1_242' title='bbox 531 2807 680 2854; x_wconf 73' lang='lat' dir='ltr'><strong>Almam,</strong></span> <span class='ocrx_word' id='word_1_243' title='bbox 711 2810 824 2845; x_wconf 81' lang='lat' dir='ltr'><strong>virum</strong></span> <span class='ocrx_word' id='word_1_244' title='bbox 849 2822 983 2856; x_wconf 75' lang='lat' dir='ltr'><strong>genere</strong></span> <span class='ocrx_word' id='word_1_245' title='bbox 1004 2809 1078 2846; x_wconf 74' lang='lat' dir='ltr'><strong>cla-</strong></span> 
     </span>
     <span class='ocr_line' id='line_1_41' title="bbox 419 2864 1073 2915; baseline 0.006 -16"><span class='ocrx_word' id='word_1_246' title='bbox 419 2864 550 2902; x_wconf 84' lang='lat' dir='ltr'><strong>riorem</strong></span> <span class='ocrx_word' id='word_1_247' title='bbox 571 2868 609 2902; x_wconf 89' lang='lat' dir='ltr'><strong>et</strong></span> <span class='ocrx_word' id='word_1_248' title='bbox 641 2865 677 2901; x_wconf 92' lang='lat' dir='ltr'><strong>in</strong></span> <span class='ocrx_word' id='word_1_249' title='bbox 699 2864 793 2902; x_wconf 83' lang='lat' dir='ltr'><strong>bello</strong></span> <span class='ocrx_word' id='word_1_250' title='bbox 819 2866 1073 2915; x_wconf 84' lang='lat' dir='ltr'><strong>potentiorem.</strong></span> 
     </span>
    </p>
   </div>
   <div class='ocr_carea' id='block_1_6' title="bbox 1139 1516 1800 1625">
    <p class='ocr_par' dir='ltr' id='par_1_6' title="bbox 1139 1516 1800 1625">
     <span class='ocr_line' id='line_1_42' title="bbox 1141 1516 1800 1569; baseline 0.009 -15"><span class='ocrx_word' id='word_1_251' title='bbox 1141 1519 1241 1555; x_wconf 89' lang='lat' dir='ltr'><strong>duce.</strong></span> <span class='ocrx_word' id='word_1_252' title='bbox 1271 1531 1293 1555; x_wconf 87' lang='lat' dir='ltr'><strong>a</strong></span> <span class='ocrx_word' id='word_1_253' title='bbox 1312 1519 1463 1556; x_wconf 86' lang='lat' dir='ltr'><strong>Katona</strong></span> <span class='ocrx_word' id='word_1_254' title='bbox 1492 1518 1648 1568; x_wconf 82' lang='lat' dir='ltr'><strong>(Pestini</strong></span> <span class='ocrx_word' id='word_1_255' title='bbox 1675 1516 1800 1569; x_wconf 88' lang='lat'>1778)</span> 
     </span>
     <span class='ocr_line' id='line_1_43' title="bbox 1139 1576 1349 1625; baseline 0.01 -15"><span class='ocrx_word' id='word_1_256' title='bbox 1139 1587 1174 1625; x_wconf 93' lang='lat' dir='ltr'><strong>p.</strong></span> <span class='ocrx_word' id='word_1_257' title='bbox 1196 1576 1251 1616; x_wconf 83' lang='lat'><strong>32</strong></span> <span class='ocrx_word' id='word_1_258' title='bbox 1273 1588 1349 1624; x_wconf 83' lang='lat' dir='ltr'><strong>seq.</strong></span> 
     </span>
    </p>
   </div>
   <div class='ocr_carea' id='block_1_7' title="bbox 1330 1663 1602 1715">
    <p class='ocr_par' dir='ltr' id='par_1_7' title="bbox 1330 1663 1602 1715">
     <span class='ocr_line' id='line_1_44' title="bbox 1330 1663 1602 1715; baseline 0 -14"><span class='ocrx_word' id='word_1_259' title='bbox 1330 1664 1439 1715; x_wconf 88' lang='lat' dir='ltr'><strong>Cap.</strong></span> <span class='ocrx_word' id='word_1_260' title='bbox 1468 1663 1602 1701; x_wconf 88' lang='lat' dir='ltr'>LXXI.</span> 
     </span>
    </p>
   </div>
   <div class='ocr_carea' id='block_1_8' title="bbox 1133 1738 1800 2917">
    <p class='ocr_par' dir='ltr' id='par_1_8' title="bbox 1137 1738 1800 2129">
     <span class='ocr_line' id='line_1_45' title="bbox 1197 1738 1797 1794; baseline 0 -12"><span class='ocrx_word' id='word_1_261' title='bbox 1197 1738 1359 1782; x_wconf 85' lang='grc' dir='ltr'><em>α’πίκετο</em></span> <span class='ocrx_word' id='word_1_262' title='bbox 1391 1765 1443 1771; x_wconf 87' lang='lat'><strong>-—</strong></span> <span class='ocrx_word' id='word_1_263' title='bbox 1479 1738 1797 1794; x_wconf 68' lang='grc' dir='ltr'><em>ἀποφαίνεσθαι]</em></span> 
     </span>
     <span class='ocr_line' id='line_1_46' title="bbox 1140 1799 1799 1838; baseline -0.003 0"><span class='ocrx_word' id='word_1_264' title='bbox 1140 1799 1201 1838; x_wconf 91' lang='lat' dir='ltr'><strong>De</strong></span> <span class='ocrx_word' id='word_1_265' title='bbox 1223 1800 1388 1836; x_wconf 82' lang='lat' dir='ltr'><strong>infinitivi</strong></span> <span class='ocrx_word' id='word_1_266' title='bbox 1407 1812 1474 1836; x_wconf 87' lang='lat' dir='ltr'><strong>usu</strong></span> <span class='ocrx_word' id='word_1_267' title='bbox 1489 1801 1561 1837; x_wconf 84' lang='lat' dir='ltr'><strong>vid.</strong></span> <span class='ocrx_word' id='word_1_268' title='bbox 1581 1799 1714 1838; x_wconf 85' lang='lat' dir='ltr'><strong>Matth.</strong></span> <span class='ocrx_word' id='word_1_269' title='bbox 1734 1800 1799 1837; x_wconf 89' lang='lat' dir='ltr'><strong>Gr.</strong></span> 
     </span>
     <span class='ocr_line' id='line_1_47' title="bbox 1141 1855 1799 1906; baseline 0 -14"><span class='ocrx_word' id='word_1_270' title='bbox 1141 1857 1208 1892; x_wconf 86' lang='lat' dir='ltr'><strong>Gr.</strong></span> <span class='ocrx_word' id='word_1_271' title='bbox 1239 1869 1275 1906; x_wconf 88' lang='lat' dir='ltr'><strong>p.</strong></span> <span class='ocrx_word' id='word_1_272' title='bbox 1302 1855 1421 1896; x_wconf 74' lang='lat'><strong>1044.</strong></span> <span class='ocrx_word' id='word_1_273' title='bbox 1480 1856 1521 1892; x_wconf 90' lang='lat' dir='ltr'><strong>In</strong></span> <span class='ocrx_word' id='word_1_274' title='bbox 1545 1869 1648 1906; x_wconf 83' lang='lat' dir='ltr'>seqq.</span> <span class='ocrx_word' id='word_1_275' title='bbox 1671 1855 1799 1893; x_wconf 88' lang='lat' dir='ltr'><strong>vocula</strong></span> 
     </span>
     <span class='ocr_line' id='line_1_48' title="bbox 1140 1913 1798 1963; baseline 0 -14"><span class='ocrx_word' id='word_1_276' title='bbox 1140 1913 1291 1963; x_wconf 79' lang='grc' dir='ltr'><em>μοῦνος</em></span> <span class='ocrx_word' id='word_1_277' title='bbox 1327 1924 1401 1948; x_wconf 90' lang='lat' dir='ltr'><strong>non</strong></span> <span class='ocrx_word' id='word_1_278' title='bbox 1441 1913 1518 1949; x_wconf 83' lang='lat' dir='ltr'><strong>sine</strong></span> <span class='ocrx_word' id='word_1_279' title='bbox 1553 1914 1586 1948; x_wconf 80' lang='lat' dir='ltr'><strong>vi</strong></span> <span class='ocrx_word' id='word_1_280' title='bbox 1625 1913 1798 1961; x_wconf 89' lang='lat' dir='ltr'><strong>quadam,</strong></span> 
     </span>
     <span class='ocr_line' id='line_1_49' title="bbox 1138 1964 1797 2018; baseline 0 -14"><span class='ocrx_word' id='word_1_281' title='bbox 1138 1968 1381 2018; x_wconf 85' lang='lat' dir='ltr'><strong>praecedente</strong></span> <span class='ocrx_word' id='word_1_282' title='bbox 1429 1964 1566 2014; x_wconf 81' lang='grc' dir='ltr'><em>αὐτός,</em></span> <span class='ocrx_word' id='word_1_283' title='bbox 1636 1969 1797 2018; x_wconf 89' lang='lat' dir='ltr'><strong>ponitur.</strong></span> 
     </span>
     <span class='ocr_line' id='line_1_50' title="bbox 1138 2024 1800 2062; baseline 0.002 -2"><span class='ocrx_word' id='word_1_284' title='bbox 1138 2024 1221 2060; x_wconf 91' lang='lat' dir='ltr'><strong>Vid.</strong></span> <span class='ocrx_word' id='word_1_285' title='bbox 1241 2024 1433 2061; x_wconf 85' lang='lat' dir='ltr'><strong>Heindorf.</strong></span> <span class='ocrx_word' id='word_1_286' title='bbox 1454 2025 1501 2062; x_wconf 90' lang='lat' dir='ltr'><strong>ad</strong></span> <span class='ocrx_word' id='word_1_287' title='bbox 1520 2024 1662 2062; x_wconf 80' lang='lat' dir='ltr'><strong>Platon.</strong></span> <span class='ocrx_word' id='word_1_288' title='bbox 1683 2024 1800 2062; x_wconf 85' lang='lat' dir='ltr'><strong>Char-</strong></span> 
     </span>
     <span class='ocr_line' id='line_1_51' title="bbox 1137 2079 1417 2129; baseline 0 -13"><span class='ocrx_word' id='word_1_289' title='bbox 1137 2081 1224 2117; x_wconf 88' lang='lat' dir='ltr'><strong>mid.</strong></span> <span class='ocrx_word' id='word_1_290' title='bbox 1246 2093 1330 2129; x_wconf 81' lang='lat' dir='ltr'><strong>pag.</strong></span> <span class='ocrx_word' id='word_1_291' title='bbox 1351 2079 1417 2120; x_wconf 83' lang='lat'><strong>64.</strong></span> 
     </span>
    </p>

    <p class='ocr_par' dir='ltr' id='par_1_9' title="bbox 1136 2132 1800 2412">
     <span class='ocr_line' id='line_1_52' title="bbox 1195 2132 1796 2186; baseline -0.002 -12"><span class='ocrx_word' id='word_1_292' title='bbox 1195 2132 1320 2174; x_wconf 78' lang='grc' dir='ltr'><strong>αύτοῦ</strong></span> <span class='ocrx_word' id='word_1_293' title='bbox 1344 2133 1488 2175; x_wconf 83' lang='grc' dir='ltr'><em>τούτου</em></span> <span class='ocrx_word' id='word_1_294' title='bbox 1515 2134 1689 2186; x_wconf 76' lang='grc' dir='ltr'><em>εἵνεκεν]</em></span> <span class='ocrx_word' id='word_1_295' title='bbox 1718 2135 1740 2173; x_wconf 84' lang='grc' dir='ltr'><strong>ἱ.</strong></span> <span class='ocrx_word' id='word_1_296' title='bbox 1764 2150 1796 2174; x_wconf 89' lang='lat' dir='ltr'><strong>e.</strong></span> 
     </span>
     <span class='ocr_line' id='line_1_53' title="bbox 1139 2193 1800 2242; baseline 0.002 -14"><span class='ocrx_word' id='word_1_297' title='bbox 1139 2193 1177 2229; x_wconf 80' lang='lat' dir='ltr'><strong>ob</strong></span> <span class='ocrx_word' id='word_1_298' title='bbox 1198 2193 1236 2229; x_wconf 74' lang='lat' dir='ltr'><strong>id</strong></span> <span class='ocrx_word' id='word_1_299' title='bbox 1262 2195 1393 2242; x_wconf 72' lang='lat' dir='ltr'><strong>ipsum,</strong></span> <span class='ocrx_word' id='word_1_300' title='bbox 1437 2206 1465 2231; x_wconf 77' lang='lat' dir='ltr'><strong>s,</strong></span> <span class='ocrx_word' id='word_1_301' title='bbox 1491 2193 1598 2230; x_wconf 74' lang='lat' dir='ltr'><strong>solius</strong></span> <span class='ocrx_word' id='word_1_302' title='bbox 1619 2194 1726 2230; x_wconf 78' lang='lat' dir='ltr'><strong>leuius</strong></span> <span class='ocrx_word' id='word_1_303' title='bbox 1746 2194 1800 2229; x_wconf 79' lang='lat' dir='ltr'><strong>rei</strong></span> 
     </span>
     <span class='ocr_line' id='line_1_54' title="bbox 1139 2249 1798 2288; baseline 0 -2"><span class='ocrx_word' id='word_1_304' title='bbox 1139 2262 1256 2286; x_wconf 73' lang='lat' dir='ltr'><strong>causa.</strong></span> <span class='ocrx_word' id='word_1_305' title='bbox 1316 2250 1487 2287; x_wconf 83' lang='lat' dir='ltr'><strong>Laudant</strong></span> <span class='ocrx_word' id='word_1_306' title='bbox 1530 2251 1576 2288; x_wconf 88' lang='lat' dir='ltr'><strong>de</strong></span> <span class='ocrx_word' id='word_1_307' title='bbox 1616 2249 1798 2287; x_wconf 83' lang='lat' dir='ltr'><strong>locutione</strong></span> 
     </span>
     <span class='ocr_line' id='line_1_55' title="bbox 1136 2306 1796 2354; baseline 0 -12"><span class='ocrx_word' id='word_1_308' title='bbox 1136 2306 1275 2342; x_wconf 89' lang='lat' dir='ltr'><strong>Herod.</strong></span> <span class='ocrx_word' id='word_1_309' title='bbox 1298 2306 1342 2352; x_wconf 86' lang='lat' dir='ltr'><strong>II,</strong></span> <span class='ocrx_word' id='word_1_310' title='bbox 1363 2311 1399 2348; x_wconf 86' lang='lat'><strong>3.</strong></span> <span class='ocrx_word' id='word_1_311' title='bbox 1422 2306 1624 2354; x_wconf 81' lang='lat' dir='ltr'><strong>Thucydid.</strong></span> <span class='ocrx_word' id='word_1_312' title='bbox 1652 2306 1680 2352; x_wconf 94' lang='lat' dir='ltr'><strong>I,</strong></span> <span class='ocrx_word' id='word_1_313' title='bbox 1706 2306 1796 2346; x_wconf 83' lang='lat'><strong>139.</strong></span> 
     </span>
     <span class='ocr_line' id='line_1_56' title="bbox 1137 2360 1742 2412; baseline -0.002 -14"><span class='ocrx_word' id='word_1_314' title='bbox 1137 2362 1236 2406; x_wconf 69' lang='lat' dir='ltr'><strong>vul,</strong></span> <span class='ocrx_word' id='word_1_315' title='bbox 1258 2364 1324 2402; x_wconf 91' lang='lat'><strong>67.</strong></span> <span class='ocrx_word' id='word_1_316' title='bbox 1355 2363 1509 2399; x_wconf 82' lang='lat' dir='ltr'><strong>I‘ausan.</strong></span> <span class='ocrx_word' id='word_1_317' title='bbox 1531 2362 1558 2409; x_wconf 89' lang='grc' dir='ltr'><strong>Ι,</strong></span> <span class='ocrx_word' id='word_1_318' title='bbox 1579 2365 1631 2402; x_wconf 79' lang='grc'><strong>23</strong></span> <span class='ocrx_word' id='word_1_319' title='bbox 1651 2360 1686 2412; x_wconf 65' lang='grc' dir='ltr'><strong>ἓ.</strong></span> <span class='ocrx_word' id='word_1_320' title='bbox 1705 2364 1742 2401; x_wconf 89' lang='lat'><strong>6.</strong></span> 
     </span>
    </p>

    <p class='ocr_par' dir='ltr' id='par_1_10' title="bbox 1133 2413 1795 2917">
     <span class='ocr_line' id='line_1_57' title="bbox 1196 2413 1795 2471; baseline -0.002 -15"><span class='ocrx_word' id='word_1_321' title='bbox 1196 2416 1249 2464; x_wconf 73' lang='grc' dir='ltr'><strong>αἱς</strong></span> <span class='ocrx_word' id='word_1_322' title='bbox 1273 2414 1479 2468; x_wconf 78' lang='grc' dir='ltr'><em>συστήσων</em></span> <span class='ocrx_word' id='word_1_323' title='bbox 1511 2417 1572 2456; x_wconf 80' lang='grc' dir='ltr'><strong>ἐπὶ</strong></span> <span class='ocrx_word' id='word_1_324' title='bbox 1594 2419 1649 2471; x_wconf 81' lang='grc' dir='ltr'><strong>τῷ</strong></span> <span class='ocrx_word' id='word_1_325' title='bbox 1663 2413 1795 2469; x_wconf 72' lang='grc' dir='ltr'><strong>Μάγῳ</strong></span> 
     </span>
     <span class='ocr_line' id='line_1_58' title="bbox 1135 2469 1793 2524; baseline -0.003 -13"><span class='ocrx_word' id='word_1_326' title='bbox 1135 2469 1333 2524; x_wconf 73' lang='grc' dir='ltr'><em>θάνατον]</em></span> <span class='ocrx_word' id='word_1_327' title='bbox 1387 2475 1493 2511; x_wconf 89' lang='lat' dir='ltr'><strong>Conf.</strong></span> <span class='ocrx_word' id='word_1_328' title='bbox 1516 2474 1610 2511; x_wconf 82' lang='lat' dir='ltr'><strong>infra</strong></span> <span class='ocrx_word' id='word_1_329' title='bbox 1631 2473 1699 2519; x_wconf 90' lang='lat' dir='ltr'><strong>III,</strong></span> <span class='ocrx_word' id='word_1_330' title='bbox 1729 2472 1793 2513; x_wconf 80' lang='lat'><strong>84.</strong></span> 
     </span>
     <span class='ocr_line' id='line_1_59' title="bbox 1136 2525 1793 2576; baseline -0.005 -9"><span class='ocrx_word' id='word_1_331' title='bbox 1136 2530 1273 2567; x_wconf 84' lang='lat' dir='ltr'><strong>Dicitur</strong></span> <span class='ocrx_word' id='word_1_332' title='bbox 1294 2531 1327 2567; x_wconf 90' lang='lat' dir='ltr'><strong>h.</strong></span> <span class='ocrx_word' id='word_1_333' title='bbox 1347 2530 1369 2567; x_wconf 94' lang='lat' dir='ltr'><strong>l.</strong></span> <span class='ocrx_word' id='word_1_334' title='bbox 1402 2525 1635 2568; x_wconf 72' lang='grc' dir='ltr'><em>συνιστάναι</em></span> <span class='ocrx_word' id='word_1_335' title='bbox 1657 2531 1705 2567; x_wconf 86' lang='lat' dir='ltr'><strong>de</strong></span> <span class='ocrx_word' id='word_1_336' title='bbox 1735 2542 1793 2576; x_wconf 90' lang='lat' dir='ltr'><strong>eo,</strong></span> 
     </span>
     <span class='ocr_line' id='line_1_60' title="bbox 1135 2586 1794 2634; baseline 0 -12"><span class='ocrx_word' id='word_1_337' title='bbox 1135 2588 1197 2634; x_wconf 88' lang='lat' dir='ltr'><strong>qui</strong></span> <span class='ocrx_word' id='word_1_338' title='bbox 1217 2586 1306 2623; x_wconf 85' lang='lat' dir='ltr'><strong>alios</strong></span> <span class='ocrx_word' id='word_1_339' title='bbox 1328 2587 1443 2623; x_wconf 81' lang='lat' dir='ltr'><strong>socios</strong></span> <span class='ocrx_word' id='word_1_340' title='bbox 1463 2586 1597 2623; x_wconf 76' lang='lat' dir='ltr'><strong>excitat</strong></span> <span class='ocrx_word' id='word_1_341' title='bbox 1617 2591 1652 2623; x_wconf 86' lang='lat' dir='ltr'><strong>et</strong></span> <span class='ocrx_word' id='word_1_342' title='bbox 1673 2598 1794 2623; x_wconf 85' lang='lat' dir='ltr'><strong>seeum</strong></span> 
     </span>
     <span class='ocr_line' id='line_1_61' title="bbox 1135 2643 1793 2691; baseline 0.002 -13"><span class='ocrx_word' id='word_1_343' title='bbox 1135 2643 1344 2691; x_wconf 79' lang='lat' dir='ltr'><strong>coniungit,</strong></span> <span class='ocrx_word' id='word_1_344' title='bbox 1382 2656 1454 2690; x_wconf 83' lang='lat' dir='ltr'><strong>quo</strong></span> <span class='ocrx_word' id='word_1_345' title='bbox 1485 2643 1663 2679; x_wconf 83' lang='lat' dir='ltr'><strong>interitum</strong></span> <span class='ocrx_word' id='word_1_346' title='bbox 1684 2655 1793 2690; x_wconf 81' lang='lat' dir='ltr'><strong>mago</strong></span> 
     </span>
     <span class='ocr_line' id='line_1_62' title="bbox 1134 2694 1793 2748; baseline 0.006 -16"><span class='ocrx_word' id='word_1_347' title='bbox 1134 2704 1276 2748; x_wconf 79' lang='lat' dir='ltr'><strong>parent.</strong></span> <span class='ocrx_word' id='word_1_348' title='bbox 1299 2699 1356 2735; x_wconf 82' lang='lat' dir='ltr'><strong>Cf.</strong></span> <span class='ocrx_word' id='word_1_349' title='bbox 1368 2699 1430 2744; x_wconf 72' lang='lat' dir='ltr'><strong>U,</strong></span> <span class='ocrx_word' id='word_1_350' title='bbox 1444 2697 1508 2737; x_wconf 75' lang='lat'><strong>74.</strong></span> <span class='ocrx_word' id='word_1_351' title='bbox 1522 2719 1576 2724; x_wconf 98' lang='lat'><strong>—</strong></span> <span class='ocrx_word' id='word_1_352' title='bbox 1590 2699 1647 2735; x_wconf 89' lang='lat' dir='ltr'><strong>Ad</strong></span> <span class='ocrx_word' id='word_1_353' title='bbox 1671 2694 1793 2748; x_wconf 78' lang='grc' dir='ltr'><em>συνή-</em></span> 
     </span>
     <span class='ocr_line' id='line_1_63' title="bbox 1134 2750 1789 2804; baseline 0 -13"><span class='ocrx_word' id='word_1_354' title='bbox 1134 2768 1239 2792; x_wconf 81' lang='grc' dir='ltr'><em>νεικε</em></span> <span class='ocrx_word' id='word_1_355' title='bbox 1277 2750 1375 2792; x_wconf 72' lang='grc' dir='ltr'><em>ὥστε</em></span> <span class='ocrx_word' id='word_1_356' title='bbox 1410 2755 1504 2791; x_wconf 83' lang='lat' dir='ltr'><strong>conf.</strong></span> <span class='ocrx_word' id='word_1_357' title='bbox 1540 2755 1578 2800; x_wconf 89' lang='grc' dir='ltr'><strong>Ι,</strong></span> <span class='ocrx_word' id='word_1_358' title='bbox 1616 2755 1671 2796; x_wconf 80' lang='lat'><strong>74</strong></span> <span class='ocrx_word' id='word_1_359' title='bbox 1703 2755 1789 2804; x_wconf 83' lang='lat' dir='ltr'><strong>ibiq.</strong></span> 
     </span>
     <span class='ocr_line' id='line_1_64' title="bbox 1133 2806 1789 2862; baseline 0.003 -16"><span class='ocrx_word' id='word_1_360' title='bbox 1133 2814 1249 2855; x_wconf 79' lang='lat' dir='ltr'><strong>n‹›tt.,</strong></span> <span class='ocrx_word' id='word_1_361' title='bbox 1288 2815 1324 2847; x_wconf 84' lang='lat' dir='ltr'><strong>et</strong></span> <span class='ocrx_word' id='word_1_362' title='bbox 1350 2811 1396 2847; x_wconf 87' lang='lat' dir='ltr'><strong>de</strong></span> <span class='ocrx_word' id='word_1_363' title='bbox 1418 2811 1599 2848; x_wconf 78' lang='lat' dir='ltr'><strong>locutione</strong></span> <span class='ocrx_word' id='word_1_364' title='bbox 1629 2806 1687 2850; x_wconf 64' lang='grc' dir='ltr'><strong>οῖ’</strong></span> <span class='ocrx_word' id='word_1_365' title='bbox 1714 2808 1789 2862; x_wconf 68' lang='grc' dir='ltr'><strong>γάρ</strong></span> 
     </span>
     <span class='ocr_line' id='line_1_65' title="bbox 1134 2863 1786 2917; baseline 0 -13"><span class='ocrx_word' id='word_1_366' title='bbox 1134 2863 1299 2917; x_wconf 68' lang='grc' dir='ltr'><em>ἄμεινον</em></span> <span class='ocrx_word' id='word_1_367' title='bbox 1321 2866 1401 2916; x_wconf 77' lang='lat' dir='ltr'><strong>(uec</strong></span> <span class='ocrx_word' id='word_1_368' title='bbox 1421 2869 1511 2904; x_wconf 78' lang='lat' dir='ltr'><strong>enim</strong></span> <span class='ocrx_word' id='word_1_369' title='bbox 1531 2868 1618 2904; x_wconf 79' lang='lat' dir='ltr'><strong>utile</strong></span> <span class='ocrx_word' id='word_1_370' title='bbox 1639 2869 1726 2913; x_wconf 78' lang='lat' dir='ltr'><strong>erit,</strong></span> <span class='ocrx_word' id='word_1_371' title='bbox 1756 2880 1786 2904; x_wconf 83' lang='lat' dir='ltr'><strong>s.</strong></span> 
     </span>
    </p>
   </div>
   <div class='ocr_carea' id='block_1_9' title="bbox 1890 847 1918 2621">
    <p class='ocr_par' dir='ltr' id='par_1_11' title="bbox 1890 847 1918 2621">
     <span class='ocr_line' id='line_1_66' title="bbox 1890 847 1918 2621; baseline 0 0"><span class='ocrx_word' id='word_1_372' title='bbox 1890 847 1918 2621; x_wconf 95' lang='lat' dir='ltr'><strong> </strong></span> 
     </span>
    </p>
   </div>
   <div class='ocr_carea' id='block_1_10' title="bbox 1884 2623 1909 3010">
    <p class='ocr_par' dir='ltr' id='par_1_12' title="bbox 1884 2623 1909 3010">
     <span class='ocr_line' id='line_1_67' title="bbox 1897 2623 1909 2801; baseline 0 0"><span class='ocrx_word' id='word_1_373' title='bbox 1897 2623 1909 2801; x_wconf 68' lang='lat' dir='ltr'><strong>i</strong></span> 
     </span>
     <span class='ocr_line' id='line_1_68' title="bbox 1884 2804 1905 3010; baseline 0 0"><span class='ocrx_word' id='word_1_374' title='bbox 1884 2804 1905 3010; x_wconf 68' lang='grc' dir='ltr'><strong>’ἒ</strong></span> 
     </span>
    </p>
   </div>
  </div>
 </body>
</html>
