1863 3256
400 167 485 207 540
792 167 1262 206 HERODOTl

77 272 332 332 cssg‘ggnfl‘i'ffffi'ciju
410 288 511 330 ρην·
542 274 589 316 ἐν
618 279 729 318 τοῖσι
759 276 810 317 τὰ
840 275 1021 328 δένδρεα
1050 277 1191 319 πάντα
1220 287 1298 331 σφι
1318 276 1370 318 τὰ
1389 277 1435 319 έν
1456 281 1510 334 τῇ
1528 278 1660 336 νήσῳ,

61 340 342 411 ξῖξῗῖἧῗῆἳῖἶζζᾞξῗῇ
375 345 516 402 ἳπλὴν
535 345 644 396 ἑνὸς,
669 344 899 400 ἐξαυάνθη.
928 345 1209 400 χρεωμένοισι
1229 347 1274 390 δὲ
1294 352 1407 390 τοῖσι
1431 352 1688 403 Θηραίοισι5

60 406 339 468 ζ,“ἷ”“,“ζῗῑ“ἑ”ῑ.,“ῑῗ’,“ῑ“ἶᾞζ
396 416 611 471 προέφερε
642 415 668 470 ἡ
696 417 844 470 Πυθίη
874 415 953 470 τήν
986 416 1028 466 ἐς
1048 416 1220 472 Λιβύην
1245 416 1465 474 ἀποικίην.
1508 420 1598 462 ἐπεί
1617 437 1660 464 τε

59 473 337 534 Ῐιᾌιῖιῗῖαῆιῖιι.”“ο”””
397 487 442 530 δὲ
483 491 623 529 κακοῦ
664 485 793 528 οὐὸὲν
829 481 883 541 ἦν
920 499 999 541 σφι
1030 491 1185 543 μῆχος,
1226 487 1445 538 πέμπουσι
1472 490 1515 541 ἐς
1546 491 1660 547 Κρή-

390 575 470 613 την
510 556 739 611 ἀγγέλους,
781 556 1033 614 διζημένους
1071 560 1111 601 εἴ
1146 575 1209 609 τις
1240 561 1426 614 Κρητῶν
1468 560 1496 615 ἢ
1523 563 1658 616 μετοί-

359 637 480 672 3κων
520 625 754 682 ἀπιγμένος
792 630 856 683 εἴη
884 630 926 678 ἐς
956 628 1138 685 Λιβύην.
1196 631 1573 685 περιπλανώμενοι
1611 631 1657 674 δὲ

388 697 526 753 αὐτὴν
565 692 713 749 οὗτοι,
754 696 964 742 ἀπίκοντο
1007 701 1079 743 καὶ
1118 700 1161 751 ἐς
1187 699 1361 744 Ἴτανον
1399 701 1547 745 πόλιν·
1609 702 1656 745 ἐν
1671 711 1713 742 10

389 769 526 825 ταύτῃ
557 768 604 812 δὲ
634 770 926 824 συμμίσγουσι
952 769 1080 825 ἀνδρὶ
1109 773 1355 826 πορφυρέϊ,
1393 776 1454 829 τῷ
1484 771 1654 828 οὕνομα

389 840 465 896 ἔην
485 838 738 896 Κορώβιος·
775 839 823 890 ὃς
848 840 932 896 ἔφη
959 838 1040 883 ὑπ’
1067 838 1241 897 ἀνέμων
1272 842 1537 898 ἀπενειχθεὶς
1560 842 1652 887 ἀπι-

389 910 543 954 κέσθαι
582 912 625 962 ἐς
663 910 855 967 Λιβύην,
894 912 966 955 καὶ
995 911 1164 969 Λιβύης
1201 912 1245 964 ἐς
1271 914 1470 956 Πλατέαν
1504 918 1652 970 νῆσον.

396 1101 590 1154 προέφερε
618 1103 647 1157 ἦ
672 1107 815 1157 Πυθίη
843 1104 918 1158 τήν
953 1107 994 1155 ἒς

334 1156 500 1209 Λιβύην
526 1155 730 1213 α’ποικίην]
765 1166 786 1200 i.
811 1178 841 1202 e.
867 1178 993 1215 expro-

331 1216 448 1253 bravit
468 1216 625 1267 Pythia,
668 1220 760 1269 quod
781 1223 817 1257 in
835 1220 992 1271 Libyam

330 1273 503 1309 coloniam
522 1287 591 1310 mm
613 1276 789 1315 duxerint.
830 1276 889 1315 De
909 1291 990 1316 ver-

327 1329 374 1365 bo
403 1328 620 1381 προφέρειν
654 1334 750 1370 conf.
778 1338 867 1370 nott.
892 1335 940 1370 ad
960 1334 989 1381 Ι,

325 1386 352 1425 3
377 1385 458 1422 coll.
485 1386 639 1426 Homer.
670 1389 710 1425 ll.
736 1389 809 1435 ΙΙΙ,
842 1389 908 1430 64.
933 1411 989 1418 -—

302 1492 304 1496 ι
324 1442 385 1478 Ad
406 1455 529 1479 vocem
560 1446 684 1494 μῆχος
714 1446 748 1482 in
767 1458 870 1495 seqq.
891 1448 987 1483 conf.

325 1497 369 1544 ΙΙ,
396 1500 470 1539 181
499 1499 622 1548 ibique
645 1506 739 1537 nott.

379 1553 418 1599 ἐς
438 1551 596 1594 Ἴτανον
634 1552 774 1607 πόλιν]
834 1558 987 1596 Praeter

321 1610 552 1660 Stephanum
563 1612 653 1660 Byz.
675 1626 718 1651 ac
731 1614 984 1652 Ptolemaeum

321 1667 405 1715 (qui
425 1666 692 1718 Hierapytnam
721 1670 819 1707 haud
844 1684 980 1708 memo-

326 1720 401 1773 rat)
432 1723 528 1760 nulla
567 1730 744 1773 quantum
775 1727 849 1763 scio
887 1727 984 1764 urbis

322 1780 484 1827 mentio,
516 1781 616 1817 cuius
635 1782 760 1832 plures
783 1784 900 1820 adhuc
924 1797 984 1820 su-

321 1840 473 1885 persunt
498 1838 620 1883 numi,
671 1840 767 1877 unde
792 1841 878 1876 satis
905 1852 984 1876 am-

321 1891 420 1942 plam
437 1892 520 1930 olim
538 1894 650 1932 fuisse
671 1897 796 1933 urbem
810 1896 980 1945 colligas;

319 1961 416 1997 quae
443 1950 572 1987 eadem
603 1956 716 1999 atque
747 1952 980 2002 Hierapytna

320 2005 433 2043 fuisse
464 2007 607 2043 videtur
625 2007 809 2046 Mannert.
830 2009 915 2046 Vlll
945 2023 980 2059 p.

318 2062 423 2107 709,
457 2062 573 2100 altero
597 2065 744 2102 nomine
776 2066 935 2102 deducto
956 2079 978 2103 a

315 2120 564 2166 promontorio
603 2120 708 2157 ltano
753 2134 828 2158 non
870 2122 977 2160 valde

314 2172 398 2210 hinc
417 2180 578 2221 remoto,
618 2177 655 2214 in
689 2178 856 2215 orientali
884 2179 976 2216 Cre-

313 2233 374 2266 tae
393 2232 456 2267 ora
469 2260 480 2277 ,
513 2233 572 2269 ubi
593 2245 691 2270 nunc
710 2233 809 2271 locus
823 2234 975 2272 Palaeo-

312 2290 444 2322 castro.
473 2286 530 2324 Ad
553 2288 727 2326 Punicam
747 2292 845 2328 urbis
861 2292 972 2340 origi-

312 2353 393 2378 nem
426 2343 522 2380 haud
554 2346 628 2381 scio
660 2359 706 2383 an
738 2349 865 2385 referri
886 2360 972 2397 pos-

312 2398 384 2434 sint
402 2399 522 2445 numi,
553 2402 614 2448 qui
633 2401 826 2440 humanam
844 2409 972 2441 osten-

311 2454 403 2490 dunt
421 2455 597 2503 figuram,
623 2458 659 2493 in
679 2459 853 2507 piscinam
874 2473 970 2508 quae

311 2515 416 2548 exeat
462 2513 638 2557 caudam,
698 2514 766 2550 diis
808 2516 968 2563 Syriacis

309 2580 459 2616 prorsus
489 2568 664 2617 similem,
707 2573 799 2607 teste
826 2571 968 2608 Hoeck.

308 2623 410 2661 Cret.
435 2624 446 2660 l
471 2637 506 2674 p.
533 2627 583 2664 17
606 2638 706 2675 seq.,
740 2627 801 2675 qui
821 2628 868 2663 ob
885 2627 967 2664 He—

309 2681 431 2716 rodoti
452 2681 566 2718 locum
587 2695 771 2732 purpurae
794 2683 965 2720 fabricam

307 2737 631 2787 commerciumque
652 2738 719 2775 hac
743 2739 778 2775 in
803 2740 891 2777 urbe
910 2740 966 2776 su-

307 2792 377 2831 isse
396 2794 609 2844 suspicatur.
640 2818 693 2821 --
732 2796 770 2832 lu
790 2808 896 2845 seqq.
917 2797 965 2833 ad

1050 1110 1199 1147 verbum
1218 1108 1450 1160 συμμίσγειν
1473 1108 1595 1147 adhib.
1615 1114 1706 1147 nott.

1049 1166 1097 1203 ad
1117 1167 1166 1212 ΙΙ,
1190 1167 1244 1207 63
1274 1171 1312 1204 et
1334 1168 1382 1203 ad
1400 1179 1525 1203 vocem
1553 1160 1706 1205 α’πενει-

1048 1220 1160 1271 χθεὶς
1182 1227 1276 1259 nott.
1299 1223 1347 1260 ad
1371 1222 1434 1268 lV,
1460 1224 1560 1268 103,
1603 1217 1706 1273 α’νῆρ

1047 1276 1281 1330 πορφυρεῦς
1311 1279 1377 1324 (ut
1409 1279 1480 1325 ΙΙΙ,
1509 1278 1564 1320 42
1600 1275 1705 1331 α’νήρ

1047 1332 1180 1380 ἁλιεύς
1201 1335 1279 1372 coll.
1301 1335 1372 1382 ΙΙΙ,
1407 1335 1506 1380 125,
1536 1335 1596 1370 ubi
1617 1348 1703 1372 num

1046 1397 1142 1429 recte
1161 1392 1492 1441 interpunctionem
1523 1391 1703 1436 mutarim,

1045 1447 1163 1484 adhuc
1194 1448 1443 1496 quaerendum
1477 1459 1558 1484 esse
1580 1448 1703 1484 existi-

1043 1516 1113 1539 mo.
1189 1504 1359 1552 Namque
1401 1504 1623 1550 Pausanias,
1665 1505 1700 1541 in

1044 1559 1178 1596 talibus
1202 1573 1329 1610 presse
1344 1560 1528 1597 Herodoti
1547 1560 1701 1608 vestigia

1042 1615 1168 1664 legens
1209 1616 1245 1664 l,
1292 1618 1366 1662 13,
1399 1617 1424 1656 8
1467 1616 1555 1652 dixit
1595 1610 1699 1666 οἷνήρ

1042 1667 1233 1722 ποιητής,
1274 1673 1335 1709 ubi
1366 1673 1557 1709 conserunt
1583 1671 1699 1709 Wun-

1042 1728 1188 1766 derlich.
1215 1730 1252 1766 in
1278 1728 1375 1765 Add.
1405 1729 1453 1765 ad
1478 1727 1645 1765 Aeschin.
1668 1742 1697 1765 c.

1040 1785 1204 1834 Ctesiph.
1231 1799 1267 1836 p.
1299 1783 1423 1832 224),
1462 1785 1593 1821 dicitur
1608 1797 1697 1833 pur-

1036 1844 1233 1891 purarius,
1271 1842 1333 1890 qui
1362 1853 1545 1892 purpurae
1570 1854 1599 1877 s.
1619 1854 1696 1877 mu-

1039 1898 1121 1935 ricis
1161 1899 1362 1948 capiendae
1391 1902 1534 1935 exercet
1567 1903 1695 1944 artem,

1037 1959 1077 1991 ut
1105 1956 1204 2005 apud
1225 1954 1364 1992 Aelian.
1385 1953 1433 1991 H.
1458 1952 1501 1989 A.
1520 1953 1600 1999 Vll,
1627 1953 1693 1994 34.

1036 2011 1118 2047 vid.
1147 2011 1321 2061 Stephan.
1352 2010 1463 2048 Thes.
1489 2010 1531 2047 L.
1559 2010 1624 2046 Gr.
1647 2009 1692 2047 T.

1035 2067 1084 2103 Vl
1104 2079 1189 2117 pag·
1208 2069 1318 2108 7870
1340 2067 1398 2105 ed.
1418 2066 1524 2116 Angl.
1569 2065 1693 2115 Atque

1033 2123 1101 2160 hac
1132 2124 1211 2173 ipsa
1251 2123 1525 2173 opportunitate
1559 2123 1692 2160 sactum

1034 2192 1114 2217 esse
1139 2181 1284 2217 videtur
1304 2179 1393 2216 ltalo
1420 2180 1623 2229 interpreti,
1653 2183 1693 2215 ut

1032 2236 1212 2273 Corobius
1255 2236 1473 2286 piscaturam
1519 2246 1689 2272 exercens

1030 2293 1145 2330 ventis
1170 2294 1206 2329 in
1226 2292 1380 2341 Libyam
1403 2291 1544 2328 delatus
1567 2291 1688 2327 suerit.

1086 2347 1125 2394 ἐς
1146 2347 1327 2386 Πλατέαν
1347 2346 1488 2397 νῆσον]
1507 2345 1689 2385 Πλατέαν

1029 2403 1238 2451 Mediceus,
1267 2404 1521 2449 Florentinus,
1546 2403 1614 2440 alii.
1647 2403 1687 2440 ln

1028 2460 1106 2497 aliis
1144 2461 1362 2509 quibusdam
1415 2464 1536 2497 exstat
1575 2461 1686 2497 Πλα-

1026 2516 1162 2562 ταίαν,
1214 2528 1309 2564 quae
1350 2516 1481 2553 eadem
1524 2515 1685 2553 lectionis

1025 2572 1182 2609 varietas
1210 2572 1271 2619 lv,
1306 2572 1397 2613 156.
1427 2575 1517 2614 169.
1575 2571 1686 2622 Apud

1025 2629 1166 2676 Scylac.
1187 2627 1223 2678 ξ.
1245 2631 1323 2669 107
1353 2628 1421 2676 (T.
1446 2630 1461 2665 I
1492 2641 1578 2679 pag.
1600 2629 1684 2669 308

1026 2683 1142 2733 Gaii.)
1175 2685 1335 2722 invenias
1363 2687 1552 2724 ΙΙλατειαί
1579 2685 1684 2722 item-

1024 2754 1095 2789 que
1139 2742 1237 2791 apud
1275 2742 1406 2792 Steph.
1444 2741 1561 2790 Byz.,
1622 2741 1682 2790 qui

1025 2797 1118 2835 idem
1153 2797 1221 2834 alio
1249 2797 1326 2835 loco
1358 2798 1467 2836 affert
1496 2800 1681 2843 Πλατεῖα,
