1863 3256
185 275 270 315 664
643 273 1251 314 EXCURSUSVIH

186 399 259 425 zer.
278 385 302 423 l.
324 385 348 422 1.
369 396 457 436 pag.
480 384 586 426 1235
601 407 654 414 -
671 388 790 428 1237.
841 387 976 424 Postea
1005 386 1099 423 circa
1121 385 1202 426 655
1231 398 1265 422 a.
1285 383 1372 421 Chr.
1404 397 1440 422 n.
1455 384 1491 430 ⁸)
1521 386 1697 422 successit

184 453 411 491 Milesiorum
428 451 588 501 colonia,
618 466 714 503 quae
734 465 845 490 uuum
867 452 993 489 Olbiae
1011 464 1144 490 nomen
1166 451 1312 488 retinuit
1331 451 1531 501 urbemque
1547 464 1630 489 mox
1648 453 1696 489 ad

185 522 224 559 id
245 520 428 570 fastigium
454 519 650 570 perduxit,
690 526 731 557 ut
750 531 830 556 cum
852 519 1016 556 maximis
1038 518 1152 569 ipsius
1174 517 1354 555 Graeciae
1374 518 1522 556 urbibus
1544 524 1695 557 conten-

185 589 273 627 dere
293 592 439 638 posset‚
469 589 623 625 maxime
639 589 795 624 florente
817 586 1092 636 mancipiorum,
1115 597 1296 633 annonae,
1315 585 1462 636 pellium
1484 598 1527 623 ac
1545 586 1696 636 piscium

184 660 408 701 mercatura3
447 656 499 691 ita
530 660 570 691 ut
598 654 632 691 ei
663 653 765 700 urbi,
801 666 895 702 quae
917 666 1013 690 nunc
1037 653 1075 689 in
1098 651 1166 688 iliis
1188 652 1301 690 ferme
1321 653 1530 702 regionibus
1552 654 1698 691 condita

185 729 224 764 et
252 725 334 775 ipsa
360 726 585 761 mercaturae
616 719 824 758 celebritate
852 722 985 767 ssoret,
1026 720 1198 757 Odessam
1225 720 1331 768 dico,
1369 721 1516 759 minime
1545 722 1697 760 cessisse

184 792 305 843 putari
327 791 472 828 debeat.
529 787 749 838 Nongentos
771 788 867 825 enim
886 800 952 837 per
971 800 1087 825 annos
1106 789 1220 826 ferme
1240 788 1343 824 stetit
1367 788 1576 837 incolumis,
1614 801 1697 826 sex·

184 863 311 897 centos
334 868 448 894 annos
469 856 625 893 maxime
656 855 716 892 illa
742 855 890 905 quidem
911 856 1068 901 florens,
1110 857 1227 894 donec
1250 855 1459 893 Gothorum
1484 857 1697 894 incursioni-

185 927 277 971 bus,
307 924 414 975 tertio
438 924 514 960 sere
537 928 622 973 post
647 923 734 960 Chr.
761 935 797 959 n.
823 921 966 960 saeculo
989 922 1113 960 deleta
1143 936 1224 961 esse
1248 923 1428 961 videatur.
1485 923 1584 961 Nam
1611 925 1698 962 inde

184 993 231 1030 ab
260 992 328 1028 hoc
352 995 518 1041 tempore
539 991 635 1028 nulla
661 991 843 1027 invenitur
869 990 1006 1027 mentio
1033 991 1153 1038 urbis,
1195 1003 1305 1040 quam
1327 991 1476 1039 quidem
1495 992 1568 1028 iam
1588 995 1699 1029 antea

184 1061 362 1097 Getarum
391 1059 468 1096 sive
485 1058 626 1096 Dacum
647 1057 930 1107 irruptionibus,
969 1058 1090 1095 medio
1120 1059 1223 1108 quod
1243 1059 1429 1096 Christum
1449 1059 1612 1110 proxime
1634 1071 1699 1096 an-

183 1127 321 1165 tecedit
351 1126 518 1174 saeculo,
557 1130 751 1176 tantopere
779 1123 952 1162 afflictam
985 1126 1098 1163 fuisse
1125 1126 1298 1165 credibile
1331 1131 1405 1174 est,
1446 1131 1487 1164 ut
1512 1138 1699 1176 nunquam

183 1197 314 1246 postea
330 1198 492 1231 veterem
510 1193 744 1244 splendorem
764 1196 876 1241 atque
895 1192 1171 1243 amplitudinem
1192 1207 1408 1245 recuperare
1425 1195 1599 1246 potuerit.
1640 1195 1697 1233 Cf.

183 1263 315 1300 librum
335 1262 484 1298 citatum
507 1261 626 1298 Choix
646 1261 682 1297 d.
702 1260 856 1298 medaill.
878 1273 962 1311 pag.
981 1260 1019 1302 5.
1040 1263 1093 1308 29
1106 1291 1117 1310 ‚
1146 1262 1245 1300 cuius
1265 1267 1395 1299 auctor
1417 1262 1514 1299 urbis
1535 1262 1699 1300 celeber-

181 1330 296 1367 rimae
324 1329 511 1366 historiam
539 1341 606 1378 per
637 1327 782 1377 singula
807 1327 950 1366 saecula
972 1329 1202 1380 persequitur
1221 1342 1485 1379 numorumque
1505 1330 1626 1368 adhuc
1644 1329 1700 1366 in·

183 1401 377 1435 ventorum
398 1400 602 1434 accuratum
625 1397 758 1434 adiecit
780 1396 946 1434 indicem.
997 1396 1054 1433 Tu
1076 1398 1163 1435 add.
1183 1397 1524 1436 Raoul-Rochette
1545 1396 1698 1447 Antiqq.

185 1465 320 1514 Grecq.
343 1465 394 1502 du
411 1464 593 1514 Bosphor.
613 1464 782 1502 Cimmer.
802 1464 930 1510 (Paris
954 1465 1088 1511 1822)
1110 1477 1197 1516 pag.
1226 1466 1276 1506 15
1289 1486 1342 1492 —
1356 1465 1424 1507 25.

543 1751 1137 1800 EXCURSUS
1211 1752 1331 1800 VIII

444 1843 556 1883 AD
648 1844 1303 1893 HERODOT.1V,
1373 1846 1439 1886 32.

623 2009 717 2052 De
773 2011 1257 2069 Hyperboreis.

301 2102 360 2140 De
381 2101 618 2153 Hyperboreis
639 2105 801 2155 primarii
822 2108 965 2142 exstant
989 2108 1152 2142 veterum
1174 2103 1243 2140 loci
1271 2103 1370 2153 apud
1390 2102 1539 2140 Pindar.
1560 2100 1619 2138 Ol.
1636 2099 1701 2146 111,

187 2168 241 2210 25
260 2181 365 2219 seqq.
395 2170 565 2208 strabon.
586 2171 603 2207 I
622 2185 710 2222 pag.
733 2174 787 2214 62
809 2185 838 2210 S.
862 2175 941 2214 106
963 2173 1008 2210 C.
1037 2172 1105 2209 Vll
1121 2184 1207 2222 pag.
1226 2170 1307 2211 295
1330 2183 1358 2206 s,
1380 2169 1462 2210 452
1473 2169 1515 2206 C.
1548 2168 1600 2205 XI
1616 2181 1702 2219 pag.

186 2239 269 2278 507
290 2249 317 2273 S·
336 2237 419 2277 774
442 2238 485 2278 Β.
532 2238 686 2277 Diodor.
716 2239 824 2278 Sicul.
854 2240 907 2287 ll,
933 2241 999 2281 47.
1040 2240 1199 2278 Pausan.
1229 2239 1262 2285 l,
1296 2240 1346 2278 31
1374 2235 1412 2288 ἓ.
1433 2240 1460 2277 2
1487 2235 1563 2274 coll.
1587 2235 1703 2273 Calli—

186 2304 302 2341 mach.
325 2305 364 2341 in
380 2304 462 2343 Del.
485 2307 580 2347 282.
626 2307 720 2345 Plin.
740 2308 790 2346 H.
812 2307 862 2345 N.
886 2307 958 2355 IV,
991 2310 1043 2350 12
1070 2309 1192 2355 (26).
1238 2306 1325 2345 Mel.
1353 2306 1425 2353 111,
1456 2304 1481 2345 5
1510 2303 1589 2340 init.
1621 2302 1704 2352 [ubi

186 2373 279 2408 conf.
305 2372 511 2410 Tzschnck.
527 2379 619 2411 nott.
643 2388 771 2425 exegg.
793 2389 879 2427 pag.
906 2374 1050 2416 114—
1066 2377 1145 2416 118
1168 2375 1250 2416 Vol.
1273 2375 1325 2412 llI
1343 2375 1387 2412 Ρ.
1410 2370 1499 2422 111].
1559 2370 1616 2409 De
1643 2371 1706 2406 iis-

187 2439 271 2477 dem
294 2451 388 2488 quae
411 2440 511 2477 varia
531 2442 613 2480 hinc
632 2444 842 2481 recentioris
864 2443 1000 2481 aetatis
1020 2443 1087 2480 viri
1105 2444 1203 2481 docti
1228 2447 1412 2488 statuere,
1441 2453 1509 2485 ea,
1538 2439 1607 2476 hoc
1625 2439 1705 2488 qui-

188 2507 272 2545 dem
289 2507 371 2545 loco
393 2507 541 2546 minime
561 2512 768 2560 repetenda
785 2511 841 2558 **)
854 2541 864 2560 ,
895 2511 1042 2561 collegit
1060 2511 1319 2560 redarguitque
1340 2508 1366 2545 l.
1391 2507 1441 2545 H.
1459 2507 1641 2544 Schubart
1668 2506 1705 2543 iu

235 2678 266 2721 ’)
298 2675 398 2711 Conf.
421 2672 534 2710 Choix
568 2674 601 2707 d.
631 2674 803 2708 medailles
837 2681 903 2710 etc.
933 2687 1013 2720 pag.
1035 2677 1091 2710 29.
1122 2677 1175 2710 11.
1224 2674 1540 2708 Raoul-Rochette
1562 2671 1707 2706 Histoir.

287 2734 320 2768 d.
341 2733 492 2767 etabliss.
514 2731 546 2765 d.
568 2730 631 2765 col.
651 2731 715 2765 Gr.
734 2732 785 2765 111
809 2743 887 2776 pag.
908 2733 976 2767 315
996 2743 1090 2776 seqq.

243 2791 294 2835 ⁰)
323 2791 400 2825 Huc
427 2790 528 2824 etiam
561 2799 603 2822 ea
637 2789 829 2834 pertinent,
877 2799 963 2832 quae
988 2789 1066 2822 olim
1085 2788 1229 2823 Gesner.
1264 2788 1524 2833 disputaverat,
1568 2789 1710 2820 notante

293 2849 355 2884 Gr.
367 2873 376 2891 ,
403 2848 445 2882 de
461 2846 697 2892 Hyperboreis
722 2845 756 2879 in
778 2845 868 2879 Diss.
891 2845 935 2878 de
954 2844 1118 2887 navigatt.
1138 2851 1237 2879 extra
1256 2845 1398 2881 column.
1416 2845 1520 2880 Herc.
1535 2843 1708 2878 Praelect.

290 2905 322 2938 ΙΙ
345 2909 429 2939 sect.
447 2905 479 2938 11
502 2916 582 2949 pag.
601 2902 669 2940 647
688 2903 872 2949 (Orphicc.
897 2903 951 2937 ed.
972 2903 1156 2936 Hermann.
1169 2902 1196 2945 ).
