1863 3256
160 280 244 319 666
356 277 683 317 EXCURSUS
713 279 795 316 vul
835 278 910 316 AD
941 273 1262 314 HERODOT.
1295 274 1365 321 IV,
1395 276 1463 315 32.

162 405 271 444 posse
290 395 417 442 putat,
445 403 509 428 cur
539 403 561 428 a
578 391 721 441 Scythis
747 390 883 428 Noster
906 385 991 423 nihil
1014 386 1216 436 comperire
1235 386 1395 437 potuerit
1411 386 1458 423 de
1476 386 1671 436 Hyperbo-

162 461 232 498 reis
246 488 257 507 ,
300 471 498 509 eorumque
517 471 649 496 nomen
687 470 750 496 cur
782 454 937 505 posteris
959 453 1181 502 temporibus
1200 466 1349 503 prorsus
1368 454 1576 500 evanuerit,
1610 468 1672 491 cur

164 528 325 577 denique
364 527 401 564 in
445 527 533 565 sede
567 523 817 575 Hyperboreis
854 520 1076 568 assignanda
1104 523 1296 570 tantopere
1327 522 1467 558 varient
1494 526 1671 559 auctores.

166 596 272 639 Quae
299 608 385 633 num
420 594 601 632 sufficiant
636 593 683 628 ad
715 588 860 626 fabulae
894 588 1070 624 rationem
1109 587 1340 638 indolemque
1371 589 1674 640 perspiciendam,

164 662 245 700 aliis
280 662 551 699 diiudicandum
584 658 760 706 relinquo.
817 654 899 692 Nec
926 656 1042 704 magis
1071 655 1158 692 mihi
1187 656 1362 706 probatur
1386 656 1520 694 Ritteri
1549 657 1673 707 opinio

165 729 363 776 (Vorhalle
390 741 474 779 pag,
500 728 594 766 286.
624 727 758 770 317),
795 723 856 772 qui
878 723 1138 773 Hyperboreos
1168 736 1285 772 aeque
1315 727 1426 773 atque
1445 722 1673 775 Argippaeos

167 797 433 844 lssedonesque
455 806 521 843 pro
538 792 673 830 colonis
701 790 986 829 sacerdotalibus
1013 790 1125 828 habet
1144 791 1314 840 antiquae
1333 791 1419 829 fidei
1438 792 1674 829 Buddhaicae

165 863 427 916 propagandae
447 872 552 897 causa
583 860 756 910 profectis
789 872 832 896 ex
859 858 982 906 India,
1025 858 1055 894 si
1084 859 1153 895 diis
1185 858 1325 908 placet,
1359 859 1533 897 interiori.
1590 860 1675 897 Hoc

165 933 314 983 quidem
345 929 450 966 velim
474 928 636 974 attendi,
675 927 935 976 Hyperboreos
964 925 1176 976 plerumque
1195 927 1466 963 commemorari
1497 938 1569 962 una
1593 939 1674 963 eum

165 997 386 1047 Arimaspis,
415 995 655 1046 Argippaeis,
687 994 848 1044 Gryphis
875 994 1104 1042 coniunctos3
1135 997 1175 1029 ut
1193 992 1299 1030 valde
1318 993 1403 1031 inde
1423 993 1607 1030 laudanda
1628 994 1676 1030 sit

165 1064 359 1104 Schubarti
380 1076 494 1115 opera
514 1063 536 1100 l.
557 1062 579 1099 l.
596 1075 681 1114 pag.
704 1064 756 1102 33
778 1074 882 1110 seqq.
912 1061 950 1097 in
976 1060 1127 1110 singulis
1158 1062 1200 1098 iis
1228 1060 1439 1110 colligendis
1462 1073 1677 1112 comparan-

163 1135 314 1183 disque,
344 1144 440 1181 quae
455 1131 554 1169 hisce
573 1131 770 1180 gentibuS,
800 1142 891 1179 quas
919 1129 1030 1165 modo
1061 1129 1156 1175 dixi,
1195 1129 1329 1166 fuerint
1346 1130 1568 1176 communia,
1598 1142 1678 1166 mo-

163 1215 244 1239 rum
265 1201 347 1238 dico
367 1199 685 1248 institutorumque
703 1196 985 1245 similitudinem,
1020 1200 1370 1247 praeceptorumque
1389 1197 1677 1246 congruentiam,

163 1269 336 1307 iustitiam
357 1268 526 1316 adeoque
546 1267 778 1304 sanctitatem
791 1295 801 1313 ,
839 1277 935 1314 quae
953 1265 996 1301 iis
1017 1265 1089 1301 una
1110 1264 1294 1313 tribuitur,
1325 1264 1472 1313 linguae
1491 1265 1676 1316 propriam

164 1336 348 1382 indolem,
388 1335 504 1373 carnis
537 1335 817 1381 abstinentiam,
858 1333 1079 1382 frugumque
1105 1331 1298 1380 alimenta,
1336 1332 1464 1383 capitis
1484 1331 1676 1378 calvitiem,

164 1406 253 1456 quin
274 1406 372 1456 ipsas
398 1403 506 1442 sedes
532 1403 569 1439 in
595 1402 771 1439 montium
798 1401 1063 1446 cacuminibus,
1105 1412 1199 1449 quae
1224 1400 1279 1436 his
1309 1401 1563 1449 assignantur,
1592 1399 1675 1437 alia.

162 1474 212 1511 Et
241 1473 367 1511 confer
395 1483 544 1520 quoque
572 1470 703 1507 Ritter.
728 1468 930 1505 Erdkunde
950 1467 983 1503 lI
1004 1480 1090 1518 pag.
1111 1469 1193 1508 893
1217 1467 1296 1505 coll.
1320 1470 1414 1509 907.
1472 1468 1556 1512 Quo
1577 1468 1677 1518 prior

164 1542 236 1578 iam
255 1538 375 1577 Wahl.
392 1538 611 1576 Erdbeschr.
629 1550 662 1574 v.
683 1536 831 1574 Ostind.
855 1547 941 1586 pag.
963 1533 1042 1575 491
1073 1535 1336 1586 Hyperboreos
1364 1549 1444 1573 cum
1462 1535 1675 1586 Arimaspis,

166 1607 330 1658 Gryphis
350 1605 519 1656 componi
540 1618 608 1642 nec
629 1618 710 1642 raro
732 1604 904 1641 confundi
925 1607 1135 1649 monuerat,
1163 1615 1244 1639 cuin
1264 1602 1312 1639 illi
1331 1603 1506 1640 montium
1529 1607 1678 1651 tractus,

164 1688 232 1727 per
261 1687 407 1712 omnem
434 1672 559 1710 Asiam
591 1671 915 1723 septentrionalem
944 1671 1114 1719 adeoque
1144 1671 1261 1720 ipsam
1293 1669 1478 1721 Europam
1508 1670 1679 1721 porrecti,

166 1743 358 1792 minusque
382 1741 541 1791 cogniti,
573 1740 752 1777 montium
773 1739 1098 1789 Hyperboreorum,
1129 1738 1226 1785 sive,
1264 1738 1362 1787 quod
1387 1739 1515 1775 eodem
1535 1739 1676 1784 redeat,

165 1810 408 1860 Riphaeorum
438 1809 587 1846 nomine
614 1808 777 1857 insigniti
802 1808 960 1854 fuerint,
1003 1810 1115 1856 atque
1144 1806 1343 1843 etiamnum
1368 1805 1405 1842 in
1429 1806 1678 1843 Ostiaccorum

165 1878 290 1929 lingua
316 1876 444 1915 vocula
465 1878 521 1927 rip
542 1889 570 1913 s.
593 1877 675 1927 τίμὴ
702 1877 856 1915 denotet
879 1887 1017 1912 aarum.
1075 1872 1205 1922 ltaque
1222 1873 1466 1924 Hyperboreos
1494 1874 1678 1912 existimat

166 1959 248 1984 esse
264 1946 471 1995 Scythicam
493 1947 641 1994 gentem
663 1944 915 1990 nomadicam,
946 1946 987 1980 ut
1012 1940 1214 1989 Issedones,
1243 1942 1467 1992 Arimaspos,
1498 1941 1675 1992 Gryphos,

165 2015 202 2051 in
223 2012 499 2065 septentrionali
519 2011 627 2050 Asiae
646 2017 763 2049 tractu
784 2011 934 2049 Graecis
955 2009 1204 2059 Romanisque
1223 2022 1353 2060 parum
1374 2011 1545 2059 cognito,
1577 2009 1677 2047 cuius

166 2094 264 2119 nunc
285 2082 440 2118 maxima
460 2093 545 2132 pars
569 2080 731 2118 Siberiae
754 2083 1002 2118 accenseatur.
1058 2078 1162 2127 Ipsos
1182 2081 1327 2115 montes
1340 2076 1618 2129 Hyperboreales
1636 2090 1678 2115 ac

164 2149 345 2200 Riphaeos
364 2150 411 2186 ad
432 2153 614 2196 montem,
646 2149 709 2198 qui
729 2160 826 2186 nunc
850 2151 999 2184 vocatur
1024 2145 1138 2192 Ural,
1167 2145 1289 2182 refert.
1332 2146 1451 2189 Quem
1476 2147 1553 2184 fere
1573 2158 1676 2183 secu-

164 2223 221 2254 tus
252 2216 408 2254 Rennel.
437 2216 574 2266 Geogr.
594 2216 733 2254 Herod.
759 2229 846 2268 pag.
872 2214 953 2256 441
990 2214 1294 2264 Hyperboreorum
1327 2215 1435 2253 sedes
1473 2215 1509 2251 in
1545 2213 1678 2252 Russia

165 2298 208 2322 ac
227 2285 370 2322 Siberia
387 2286 435 2321 ad
456 2285 605 2322 fluvium
623 2285 752 2322 Irtisch
771 2285 897 2335 ponit3
927 2295 1019 2332 quas
1041 2283 1087 2318 ad
1104 2281 1233 2318 Sinam
1253 2295 1369 2332 usque
1389 2286 1546 2320 remotas
1565 2280 1679 2318 voluit

165 2352 223 2390 De
236 2352 402 2400 Guignes
415 2352 526 2389 Mem.
545 2353 592 2390 de
611 2352 746 2389 l'Acad.
765 2353 803 2390 d.
823 2353 931 2389 lnscr.
951 2351 1092 2387 XXXV
1102 2363 1186 2400 pag.
1199 2348 1279 2390 564
1292 2370 1344 2378 —
1358 2350 1451 2391 572.
1482 2349 1676 2387 Reichard.

166 2419 333 2470 (Hertha
356 2421 464 2460 1828
488 2420 530 2467 l)
552 2433 637 2470 pag.
662 2423 716 2461 20
737 2433 841 2470 seqq.
862 2425 980 2458 terras
998 2417 1159 2468 sylvosas
1183 2418 1279 2454 intra
1309 2429 1433 2454 amnes
1449 2417 1570 2454 Kama
1589 2415 1678 2453 Vol-

165 2499 324 2538 gamque
341 2490 380 2524 et
399 2487 527 2523 ssuvios
547 2487 784 2525 Petschoram
797 2516 808 2534 ‚
831 2487 960 2524 Mesen
980 2485 1222 2534 Dwinamque
1242 2483 1500 2534 Hyperboreos
1518 2484 1679 2522 tenuisse

167 2556 321 2601 statuit,
362 2555 428 2604 qu‘r
455 2554 524 2591 iam
544 2567 611 2604 pro
632 2555 836 2592 Sarmatiae
856 2553 1150 2603 septentrionalis
1172 2551 1296 2589 incolis
1325 2563 1347 2588 a
1371 2552 1486 2600 gradu
1503 2550 1623 2588 LV111
1640 2555 1679 2589 et

169 2624 257 2662 LIX
283 2623 483 2661 latitudinis
511 2621 663 2659 borealis
687 2634 801 2671 usque
821 2622 869 2658 ad
905 2633 1005 2658 mare
1024 2617 1174 2668 glaciale
1194 2619 1266 2655 sint
1288 2618 1458 2656 habendi.
1515 2619 1678 2657 Eosdem

170 2700 282 2743 atque
306 2691 469 2730 Gelonos
492 2703 573 2727 esse
594 2690 855 2739 Hyperboreos
881 2688 969 2724 alius
991 2686 1178 2724 contendit
1201 2686 1255 2722 vir
1281 2686 1433 2732 doctus,
1471 2699 1578 2735 quem
1600 2686 1678 2723 lau-

171 2762 334 2799 davimus
363 2760 411 2797 ad
438 2757 508 2804 1V‚
542 2760 609 2797 21.
675 2755 917 2807 Nuperrime‚
961 2758 1134 2803 quantum
1166 2753 1259 2800 seio,
1308 2753 1344 2790 in
1375 2753 1464 2792 haec
1493 2754 1677 2803 inquisivit

168 2828 337 2866 Volcker.
355 2826 470 2876 Myth.
492 2826 630 2874 Geogr.
651 2837 735 2876 pag.
760 2824 838 2865 150
857 2835 962 2872 seqq.
992 2822 1105 2858 totius
1135 2822 1354 2858 narrationis
1382 2822 1534 2859 fundum
1563 2822 1600 2858 in
1631 2834 1674 2858 eo

169 2897 256 2949 poni
276 2899 396 2943 ratus,
436 2895 537 2945 quod
564 2894 764 2943 antiquitus
786 2891 987 2930 coniunctio
1017 2889 1197 2939 quaedam
1216 2889 1328 2927 suerit
1352 2890 1676 2938 commerciumque
