1946 3272
533 262 900 323 *THALIA
949 264 1014 304 111.

124 385 144 422 4
160 380 440 438 Μεγάβυζον·

492 374 753 431 Ἀσπαθίνης
791 374 858 423 δὲ,

1340 273 1423 313 127

896 374 1122 432 Ὑδάρνεα.
1181 377 1427 432 γεγονότων
1436 387 1480 422 26

155 454 200 495 δὲ
229 450 396 494 τούτων
421 448 487 500 ἓξ,
531 448 814 503 παραγίνεται
845 447 886 499 ἐς
914 447 967 491 τὰ
995 451 1154 491 Σοῦσα
1183 452 1370 502 Δαρεῖος
1399 450 1423 494 ὁ

95 587 131 623 in
172 583 267 638 ὅτεῳ
304 583 585 621 convertendum
631 586 756 621 censet

96 644 226 679 Struve
244 642 350 691 Spec.
382 640 393 676 l
421 640 574 684 Quaest.
600 640 647 678 de
667 640 753 677 dial.

93 697 231 737 Herod.
251 711 284 747 p.
313 696 374 737 14.
397 696 463 737 48.
486 718 533 723 -
568 696 642 732 Pro
666 699 754 736 ΛΙε-

94 751 265 807 γάβυζον
281 766 371 789 unus
385 752 476 790 liber
490 749 753 804 Μεγαβάζον,·

93 823 187 860 quae
207 810 335 847 eadem
356 809 521 847 lectionis
540 811 694 847 varietas
716 812 753 847 in

93 867 238 904 Ctesiae
262 866 446 917 Excerptt.
473 867 594 905 Perss.
627 865 663 918 ὃ.
687 870 752 909 22.

93 924 168 969 23,
199 923 260 959 ubi
281 923 353 963 vid.
372 936 466 973 quae
487 924 533 962 de
550 924 619 961 hoc
638 925 755 962 nomi-

92 992 138 1017 ne
153 979 339 1016 attulimus
358 993 442 1030 pag.
464 983 557 1022 157.

148 1035 187 1082 ἒς
203 1033 250 1074 τοὶ
271 1039 410 1075 Σοῦσα
430 1058 487 1064 -—
506 1036 548 1077 ἐκ
567 1034 756 1089 Περσέων

91 1088 225 1144 ignum]
264 1094 372 1131 Conf.
392 1107 486 1143 quae
506 1095 552 1132 de
574 1094 680 1132 Suszs
699 1094 755 1130 di-

91 1150 208 1187 ximus
230 1150 278 1186 ad
297 1150 360 1197 111,
387 1153 452 1192 68.
501 1151 606 1195 Quae
626 1151 712 1188 urbs
734 1163 756 1187 a

93 1206 193 1256 Cyro
222 1208 419 1244 constituta
440 1208 541 1256 regia
560 1210 690 1255 sedes,
733 1220 756 1244 a

92 1264 248 1314 posteris
270 1265 415 1312 regibus
439 1265 545 1302 valde
573 1270 679 1302 aucta
700 1268 757 1301 at-

92 1332 165 1368 que
199 1319 418 1370 amplificata
444 1326 519 1367 est;
559 1322 596 1359 in
623 1321 755 1371 quibus

91 1376 211 1426 ipsum
236 1376 387 1414 Darium
415 1377 613 1428 Hystaspis
644 1379 757 1415 fuisse

95 1446 138 1470 ex
165 1432 305 1470 Aelian.
327 1433 377 1471 N.
398 1432 444 1471 A.
469 1435 497 1482 Ι,
525 1437 578 1476 59
605 1434 757 1484 collig03

94 1502 117 1526 a
139 1502 211 1539 quo
235 1502 324 1539 rege
350 1492 452 1541 quod
476 1492 614 1529 Plinius
631 1492 680 1529 H.
705 1490 755 1528 N.

94 1546 157 1594 Vl,
174 1549 228 1588 27
251 1547 345 1597 (31)
375 1549 472 1585 Susa
502 1549 648 1586 condita
676 1560 756 1586 esse

93 1604 237 1650 scribit,
268 1603 325 1641 hic
347 1605 424 1655 ipse
451 1606 634 1643 Herodoti
656 1605 755 1643 locus

95 1660 184 1697 satis
214 1662 435 1699 contrarium
461 1664 592 1711 arguit.
644 1661 756 1713 Apud

92 1721 235 1753 veteres
265 1717 412 1755 aedium
450 1719 646 1770 splendore
680 1731 759 1756 arn-

96 1773 267 1822 bitusque
311 1776 565 1824 magnitudine
606 1775 757 1813 multum

94 1829 276 1867 celebrata
308 1831 397 1869 haec
428 1833 536 1878 urbs3
576 1833 623 1870 de
655 1832 757 1869 cuius

93 1892 215 1924 tamen
233 1887 320 1925 ‘situ
347 1889 405 1925 vix
424 1889 608 1939 hodieque
630 1888 756 1938 liquet.

94 1943 190 1980 Sunt
205 1944 320 1992 enim,
361 1947 423 1994 qui
452 1946 610 1983 liliorum
637 1947 757 1982 urbem

95 2000 183 2048 (hoc
211 2001 306 2038 enim
337 2002 436 2039 urbis
464 2016 598 2040 nomen
626 2015 758 2040 sonare

94 2056 238 2106 volum)
265 2058 302 2095 in
328 2071 373 2096 eo
398 2058 478 2097 loco
508 2060 757 2110 quaerendam

93 2117 255 2164 putent,
323 2115 388 2164 qui
443 2116 555 2155 hodie
610 2120 759 2155 vocatur

97 2169 279 2217 Sclzusch5
318 2185 399 2209 cum
431 2173 491 2211 alii
522 2187 603 2212 eum
632 2174 756 2225 potius

94 2228 317 2265 constituant
334 2228 472 2277 locum,
504 2232 560 2269 cui
576 2244 674 2268 nunc
690 2243 758 2267 no-

94 2296 178 2321 men
204 2284 385 2324 Sckuster.
446 2287 507 2325 Tu
537 2289 634 2326 conf.
656 2288 758 2325 Hee-

96 2353 172 2378 ren.
193 2341 306 2380 Ideen
337 2343 365 2387 Ι,
391 2346 410 2384 1
440 2357 477 2395 p.
503 2346 587 2386 300
609 2358 686 2395 seq.
721 2347 759 2382 et

97 2409 193 2446 quae
220 2399 268 2436 ad
286 2400 446 2437 Ctesiam
470 2414 556 2451 pag.
578 2400 658 2443 124
678 2401 759 2438 lau-

97 2453 191 2490 davi.
225 2476 282 2482 ——
328 2455 517 2508 Περσέων
558 2459 676 2496 refero
709 2458 773 2495 adr

97 2516 229 2548 terram
255 2511 449 2551 Persarum
474 2516 653 2565 patriam,
684 2516 758 2553 sive

101 2563 299 2616 Perszdem,
328 2583 423 2620 quae
443 2573 591 2622 proprie
610 2573 759 2609 diceba-

99 2625 158 2658 tur
184 2622 300 2673 Ρατε,
325 2639 353 2664 s.
376 2627 488 2676 Pars,
515 2641 543 2666 s.
563 2627 758 2666 Farsistan

100 2676 245 2726 (quod'
237 2694 354 2731 ipsum
371 2685 551 2733 significat
566 2685 757 2724 Persarum

102 2736 270 2783 terram),
316 2742 480 2790 proxime
527 2743 756 2781 adiacentem

103 2789 301 2831 Cissiorum
330 2799 473 2846 terrae,
511 2799 547 2836 in
569 2812 641 2849 qua
661 2800 756 2838 Susa

103 2852 208 2885 erant
228 2849 304 2887 sita.
340 2852 401 2890 Tu
420 2855 491 2892 vid.
506 2855 665 2894 Heeren.
686 2856 709 2894 l.
731 2857 755 2895 1.

101 2915 138 2954 p-
159 2905 239 2947 192
259 2917 360 2958 seqq.
387 2913 428 2948 et
454 2913 548 2950 conf.
572 2913 756 2953 Herodot.

811 582 876 630 III,
897 584 962 623 91.
983 585 1049 624 92.
1074 606 1124 611 ——
1148 578 1327 635 ὕπαρχος
1346 584 1380 620 in
1395 597 1477 635 sqq.

812 641 859 677 de
893 643 1042 689 satrapa
1088 640 1293 690 intelligere
1331 641 1476 687 malim3

811 697 906 733 conf.
952 702 1047 734 nott.
1085 698 1134 734 ad
1165 698 1329 736 Ctesiam
1366 698 1475 736 Excc.

811 752 932 790 Perss.
956 751 991 803 ἓ.
1012 755 1037 793 9
1066 756 1332 804 p.121.122.
1388 755 1478 792 Mox

810 822 891 847 cnm
922 815 1074 847 recentt.
1103 811 1189 848 edd.
1220 811 1367 862 reposui
1393 810 1479 850 ἐπεὶ

812 867 871 905 ῶν
891 861 1043 914 οὗτος
1067 862 1253 912 ‹iniust-o,
1287 869 1348 906 ubi
1367 868 1479 919 vulgo

811 919 981 970 αυτός.

872 980 1099 1019 Caeterum
1090 994 1127 1017 m
1155 981 1362 1019 nominibus
1390 995 1478 1019 con-

810 1037 1013 1075 iuratorum
1035 1038 1238 1076 indicandis
1261 1051 1336 1075 non
1354 1052 1477 1077 secum

810 1107 958 1145 prorsus
995 1096 1227 1133 consentiunt
1260 1095 1477 1133 Herodotus

811 1156 923 1215 atque
947 1152 1104 1188 Ctesias.
1150 1152 1364 1203 Disputavit
1387 1153 1481 1190 hanc

812 1208 850 1244 in
897 1221 972 1245 rem
1009 1208 1198 1246 Hammer.
1244 1210 1281 1246 in
1330 1208 1477 1246 Annali.

812 1264 1034 1302 Viennenss.
1067 1265 1118 1301 lX
1135 1278 1171 1316 p.
1202 1267 1252 1306 19
1274 1279 1352 1315 seq.
1384 1270 1478 1312 not.‚

813 1334 922 1369 quem
943 1335 987 1359 ex
1013 1326 1120 1371 parte
1142 1323 1261 1359 secuti
1282 1335 1406 1360 sumus
1429 1322 1478 1359 ad

814 1378 975 1415 Ctesiam
1004 1377 1113 1416 Excc.
1146 1378 1266 1417 Perss.
1303 1377 1339 1431 ἓ.
1367 1378 1419 1421 14
1440 1392 1478 1429 p.

817 1436 908 1476 132.
952 1435 1103 1472 Potiora
1133 1437 1390 1474 tantummodo
1423 1436 1481 1473 hic

813 1491 997 1529 indicabo.
1029 1492 1102 1536 Qui
1116 1492 1312 1531 Herodoto
1330 1496 1483 1531 vocatur

811 1543 1001 1598 Ὀτάνης,
1040 1549 1070 1586 is
1102 1551 1200 1600 apud
1228 1551 1412 1597 Ctesiam,
1441 1553 1483 1587 ut

813 1606 983 1653 videtur,
1040 1601 1215 1656 Ὀνόφας
1251 1607 1481 1672 appellatum

815 1662 877 1711 qui
898 1657 1150 1714 Ἰνταφέρνης
1164 1664 1342 1712 dicitur,
1334 1677 1363 1701 is
1380 1663 1481 1714 apud

815 1719 979 1756 Ctesiam
995 1733 1070 1757 non
1086 1716 1295 1772 Ἰνδέρνης,
1316 1721 1483 1758 utHam-

815 1776 976 1813 merusl.
999 1776 1021 1814 l.
1056 1778 1273 1825 arbitratur,
1315 1778 1382 1816 sed
1413 1790 1484 1829 po-

814 1832 885 1869 tius
916 1827 1208 1884 Ἀρταφέρνης,
1255 1848 1363 1884 quem
1390 1847 1482 1872 eun-

815 1890 898 1927 dem
903 1891 1280 1940 ‚opinor,Hellanicus
1292 1892 1481 1940 (sragmm.

814 1959 850 1997 p.
877 1946 956 1987 144
983 1949 1040 1985 ed.
1070 1949 1209 1994 Sturz)
1237 1949 1379 1986 dixerat
1398 1951 1481 1986 Δα-

815 2000 992 2054 φέρνην,
1031 2009 1070 2042 et
1097 2006 1160 2054 qui
1186 2005 1285 2055 apud
1314 2004 1480 2054 Aeschj-

814 2059 886 2097 lum
907 2059 1008 2098 Pers.
1021 2063 1104 2102 776
1124 2062 1257 2099 dicitur
1270 2057 1484 2114 Ἀρταφρέ-

815 2132 913 2167 νης,
953 2119 1263 2167 quemadmodum
1300 2120 1406 2157 etiam
1444 2119 1484 2156 in

814 2173 996 2212 Herodot.
1023 2176 1096 2222 V‚I
1128 2177 1183 2216 30
1214 2176 1362 2225 quidam
1401 2175 1484 2213 libri

815 2231 998 2279 offerunt,
1037 2233 1184 2270 nomine
1206 2232 1353 2270 Persico
1375 2232 1484 2270 sorsi-

814 2291 877 2324 tan
897 2289 945 2325 ad
967 2289 1149 2327 Graecum
1171 2294 1319 2339 etymon
1336 2291 1483 2327 confor-

815 2348 936 2392 mato,
977 2350 1015 2382 ut
1052 2346 1280 2395 significetur
1323 2346 1376 2394 is,
1421 2347 1484 2396 qm:

815 2400 935 2449 recta,
975 2402 1070 2440 sami
1089 2407 1198 2440 mente
1219 2407 1354 2440 utatur.
1405 2403 1482 2440 lam

815 2459 1004 2505 convenit,
1054 2461 1242 2510 suspicor,
1297 2459 1480 2498 Herodoti

817 2512 1010 2567 Γωβρύης
1033 2521 1071 2554 et
1089 2517 1238 2555 Ctesiae
1263 2517 1478 2568 Νορονδα-

815 2568 964 2623 βοῖτης,
1014 2574 1198 2611 Herodoti
1237 2570 1478 2624 Μαρδόνιος

814 2633 851 2667 et
871 2629 1016 2668 Ctesiae
1037 2627 1298 2682 Μεγάβυζος
1334 2626 1479 2670 'Aona-

813 2686 937 2738 θίνης
967 2692 1005 2725 et
1025 2688 1245 2739 Βαρίσσης,
1274 2683 1479 2740 ΓΥὸοἷρνης

813 2748 925 2794 atque
944 2739 1123 2796 Ἱὸέρνης.
1182 2745 1222 2782 In
1245 2744 1361 2782 Dario
1387 2745 1479 2782 utri-

812 2813 886 2850 que
904 2802 1071 2852 scriptori
1091 2802 1275 2840 convenit.
1303 2801 1374 2838 Est
1389 2812 1476 2838 vero

812 2857 989 2896 Heerenii
1010 2859 1191 2909 suspicio,
1225 2871 1293 2896 nec
1315 2857 1374 2894 illa
1395 2856 1478 2905 qui·

813 2914 898 2954 dem
917 2915 1167 2967 improbabilis
1187 2914 1319 2965 (Ideen
1338 2912 1367 2960 Ι,
1393 2915 1412 2952 1
1437 2925 1475 2964 p.
