1946 3272
630 197 1096 240 THAI,1A.111.

194 308 378 352 3ἔπλεον
415 307 457 357 ἐς
485 307 808 363 Λακεδαίμονα.

1443 210 1499 251 83

869 308 970 352 Εἰσὶ
1002 308 1073 362 δὲ,
1115 312 1158 354 οἳ
1191 309 1370 365 λέγουσι
1398 314 1501 366 τοὺς

222 378 295 423 ἀπ’
327 377 553 432 Αἰγύπτου
587 381 766 434 νικῆσαι
797 379 1111 433 Πολυκράτεα”
1159 379 1379 436 λέγοντες,
1409 381 1558 438 ἐμοὶ40

223 450 409 499 δοκέειν,
449 445 532 491 οὐκ
562 446 721 503 ὀρθῶς.
770 447 904 494 οὐδὲν
940 448 1024 506 γὰρ
1064 451 1153 496 ἔδεε
1190 450 1327 506 σφέας
1363 456 1500 498 Λακε-

219 519 472 574 δαιμονίους
501 519 828 572 ἐπικαλέεσθαι,
872 522 993 576 εἴπερ
1033 520 1161 565 αὐτοὶ
1201 522 1349 566 ἱκανοὶ
1385 518 1500 580 ἦσαν

190 589 510 644 4Πολυκροὲτεα
526 591 903 648 παραστήσασθαι.
941 591 1054 646 πρὸς
1078 592 1124 636 δὲ
1146 591 1364 647 τούτοισι,
1396 594 1499 640 οὐδὲ

215 659 344 716 λόγος
372 660 526 715 αἱρέει,
557 665 618 720 τῷ
647 662 876 716 ἐπίκουροί
904 679 948 707 τε
977 664 1194 719 μισθωτοὶ
1223 665 1295 709 καὶ
1323 665 1497 719 τοξόται
1553 676 1636 717 219

217 731 379 788 οἰκήϊοι
417 727 531 788 ἦσαν
559 732 720 790 πλήθεϊ
747 735 927 786 πολλοὶ,
965 738 1126 778 τοῦτον
1164 732 1252 779 ὑπὸ
1291 741 1382 781 τῶν
1418 755 1491 782 κα-
1508 742 1554 780 46

186 803 405 847 5τιόντων
437 806 641 861 Σαμίων,
672 804 833 849 ἐόντων
863 803 1046 862 ὀλίγων,
1084 805 1346 863 ἑσσωθῆναι.
1405 812 1496 853 τῶν

215 874 261 919 δὲ
291 872 369 918 ὑπ’
406 874 555 931 ἑωυτῷ
591 874 754 919 ἐόντων
793 877 1035 934 πολιητέων
1073 876 1127 921 τὰ
1155 877 1286 922 τέκνα
1316 879 1389 923 καὶ
1417 881 1494 932 τὰς

211 951 423 1002 γυναῖκας
453 945 476 991 ὁ
511 947 797 1004 Πολυκράτης
837 948 880 1000 ἐς
909 948 1012 1000 τούς
1049 951 1318 1002 νεωσοίκους
1354 963 1494 996 συνει-

211 1015 373 1073 λήσας,
405 1015 487 1074 εἶχε
509 1018 729 1075 ἑτοίμους,
759 1019 817 1076 ἢν
841 1019 928 1074 ἄρα
957 1022 1196 1076 προδιδῶσι
1227 1016 1353 1065 οὗτοι
1380 1021 1493 1078 πρὸς

211 1088 315 1139 τοὺς
333 1087 579 1142 κατιόντας,
607 1089 861 1146 ὑποπρῆσαι
882 1089 1054 1134 αὐτοῖσι
1073 1097 1188 1135 τοῖσι
1205 1094 1491 1137 νεωσοίκοισι.
1506 1103 1551 1136 50

210 1359 331 1403 ου’δὲν
365 1361 440 1416 γοέρ
477 1360 583 1413 ἔδεε]
622 1361 704 1402 ἔδεε
737 1376 817 1400 cum

152 1421 357 1470 Schweigh.
389 1427 425 1458 et
450 1420 567 1456 Gaisf.
597 1420 696 1457 dedi.
728 1419 818 1456 Vul-

152 1483 276 1526 gatam
292 1478 369 1517 ἔδει
389 1478 537 1516 retinuit
558 1476 748 1514 Matthiae.
764 1501 815 1505 —

151 1535 193 1571 In
223 1547 326 1584 seqq.
355 1529 693 1584 παραστήσασθαι
722 1533 818 1571 valet

151 1591 202 1627 acl
231 1592 440 1629 deditionem
461 1590 670 1640 compellere,
698 1590 816 1640 expel—

150 1648 242 1695 lere,
271 1651 418 1686 vincere.
477 1648 537 1685 Tu
556 1648 650 1687 conf.
675 1648 739 1693 ΙΙΙ,
766 1649 813 1688 13

151 1705 275 1754 ibique
304 1710 398 1742 nott.
430 1703 652 1752 wesseling.
682 1705 814 1741 excitat

151 1761 357 1810 Thucydid.
378 1762 407 1808 Ι,
428 1764 494 1803 98.
512 1759 599 1801 124.
632 1760 755 1798 Schol.
777 1762 811 1797 in

149 1817 323 1868 Sophocl.
362 1819 498 1870 oedip.
544 1816 677 1854 Colon.
716 1820 813 1865 909,

147 1874 231 1914 alia.

206 1926 299 1970 ου’ὅέ
326 1926 443 1982 λόγος
471 1927 608 1981 αἱρέει]
639 1930 661 1967 i.
685 1943 717 1968 e.
747 1932 812 1966 mi—

147 1990 238 2026 m'me
253 1988 446 2038 probabile,
469 1990 736 2025 consentaneum
751 1991 812 2024 est.

148 2045 256 2082 Conf.
273 2046 303 2093 Ι,
319 2047 397 2086 132
421 2045 544 2094 ibique
562 2050 651 2081 nott.
676 2050 712 2081 et
726 2045 811 2081 add.

147 2101 273 2140 Usteri
310 2103 358 2140 ad
398 2101 494 2139 Plut.
536 2100 724 2139 consolat.
763 2101 812 2137 ad

146 2156 315 2209 Apollon.
346 2172 423 2209 cap.
453 2161 507 2200 22
544 2171 630 2209 pag.
661 2161 727 2198 67.
755 2180 811 2185 -

146 2214 204 2253 Ad
225 2228 328 2265 seqq.
349 2214 554 2266 ἐπίκουροι
574 2235 624 2241 -—
652 2209 810 2261 τοξόται

148 2273 242 2310 conf.
265 2277 361 2309 nott.
380 2273 428 2309 ad
449 2272 514 2318 ΙΙΙ,
537 2271 574 2311 4.
598 2272 664 2312 39.

208 2330 287 2367 τῶν
314 2327 356 2367 δὲ
385 2323 461 2367 ὑπ’
479 2327 614 2380 ἑωυτῷ
645 2323 807 2378 ἐόντων]

147 2384 328 2423 Sancrosti
339 2385 430 2423 liber
446 2384 502 2424 ἐω
516 2401 537 2424 υ
549 2382 600 2424 τό
613 2400 646 2423 ν.
660 2384 810 2422 Atmul—

148 2445 187 2477 to
209 2442 432 2492 frequentius
461 2443 643 2480 invenitur
666 2442 809 2479 dativus

149 2496 216 2534 hae
231 2499 267 2535 in
292 2498 456 2536 formula.
517 2499 576 2536 Tu
599 2500 695 2535 conf.
716 2504 809 2535 nott.

150 2553 197 2590 ad
215 2553 392 2593 Plutarch.
418 2555 544 2606 Pyrrh.
567 2570 605 2606 p.
628 2557 719 2596 182.
751 2556 810 2592 Ad

151 2607 384 2662 συνειλήσας
415 2612 591 2661 (cogens)
621 2613 715 2650 conf.
745 2612 809 2659 ΙΙΙ,

154 2666 205 2705 13
222 2666 306 2717 ibiq.
328 2674 422 2706 nott.
482 2670 603 2720 Ipsum
622 2669 739 2707 locum
758 2669 809 2705 sic

151 2721 334 2772 intelligo:
374 2725 510 2763 Civium
545 2727 614 2763 siba·
639 2727 809 2763 subiecto-

151 2790 229 2815 rum
244 2778 396 2828 seminas
417 2796 492 2820 una
519 2796 595 2820 cum
621 2785 719 2820 natis
742 2796 808 2819 mz-

150 2834 289 2873 valz'bus
299 2838 465 2885 inclusas,
483 2852 512 2877 s.
529 2842 569 2878 in
587 2840 738 2879 navalia
754 2852 808 2877 co—

85 1166 152 1210 46
208 1158 324 1203 Ἐπεί
362 1177 406 1204 τε
444 1162 490 1204 ὁὲ
521 1163 565 1204 οἱ
594 1161 893 1213 ἐξελασθέντες
921 1163 1107 1219 Σαμίων
1135 1162 1222 1206 ὑπό
1256 1166 1491 1219 Πολυκρά·

876 1366 989 1410 actm,
1020 1363 1146 1400 habuit
1171 1368 1348 1414 paratas,
1380 1380 1481 1416 quae,
1512 1370 1547 1404 δι’

875 1420 934 1456 ι’ίίί
963 1421 1079 1468 (cives
1111 1427 1182 1469 sc.)
1210 1435 1286 1459 cum
1317 1424 1545 1462 redeuntibus

875 1479 1127 1526 transigerent,
1158 1491 1233 1515 una
1259 1493 1335 1516 cum
1359 1483 1448 1530 ipsis
1476 1495 1544 1518 ηα-

873 1534 1013 1571 υαίίὸαε
1041 1536 1330 1573 comburerentur.
1372 1537 1454 1576 Nec
1478 1538 1543 1575 ali-

873 1595 929 1628 ter
956 1591 1112 1640 Lange,
1153 1593 1214 1642 qui
1240 1594 1434 1631 vernaculo
1465 1608 1542 1632 ser-

872 1661 981 1685 mone
999 1649 1159 1685 reddidit
1181 1649 1426 1698 Herodotum‚
1459 1651 1493 1688 h.
1515 1651 1538 1689 Ι.

872 1707 1022 1754 accepit.
1095 1705 1268 1743 Voculam
1307 1711 1408 1745 τοῖσι
1455 1715 1541 1746 ante

871 1761 1134 1809 νεωσοίκοισι,
1154 1763 1292 1801 Snidae
1305 1765 1535 1813 auctoritate,

871 1818 934 1866 qui
964 1818 1060 1855 idem
1089 1832 1156 1869 pro
1182 1817 1364 1869 ἑτοίμους
1391 1821 1538 1859 exhibet

871 1873 1057 1924 ἑτοίμως,
1110 1876 1267 1912 eiecerat
1308 1877 1540 1927 Wesseling.‚

873 1944 981 1980 quem
1023 1938 1059 1969 et
1088 1932 1290 1981 Schweigh.
1327 1939 1365 1971 et
1406 1933 1539 1971 Matth.

873 1988 956 2035 (Gr.
978 1988 1033 2025 Gr
1065 1988 1146 2030 405
1177 1994 1253 2026 not.
1276 1991 1302 2030 3
1328 2003 1414 2040 pag.
1436 1990 1538 2042 741)

871 2046 983 2081 secuti
1005 2050 1103 2081 sunt.
1144 2044 1176 2081 E
1196 2045 1296 2082 libris
1317 2047 1460 2097 scriptis
1479 2061 1539 2085 re-

871 2101 973 2138 duxit
1002 2102 1120 2139 Gaisf.
1181 2103 1405 2153 προδιδῶσι
1436 2101 1539 2154 πρός

869 2155 963 2204 τούς
992 2165 1075 2206 ete„
1107 2165 1281 2196 monente
1303 2160 1538 2210 Wesseling„

868 2215 964 2251 idem
984 2220 1039 2251 est
1061 2219 1194 2264 atque:
1225 2218 1318 2253 inita
1331 2218 1538 2266 proditione

867 2270 1133 2320 transfugiant.
1194 2272 1304 2310 Conf.
1342 2274 1396 2323 V,
1443 2276 1536 2316 113.

868 2329 932 2375 w,
954 2331 1046 2369 100.

1059 2386 1089 2422 C
1103 2399 1171 2437 ap.
1202 2384 1336 2424 XLVI.

926 2440 968 2480 οἱ
988 2440 1278 2493 ἐξελασθέντες]
1310 2442 1431 2491 Vulgo
1456 2441 1533 2490 ἐξε-

867 2496 1067 2546 λαθέντες.
1121 2499 1182 2537 Tu
1209 2499 1343 2536 consul.
1364 2504 1458 2537 nott.
1484 2501 1533 2538 ad

867 2555 904 2602 l,
943 2558 1035 2597 168.
1102 2557 1144 2594 In
1180 2569 1284 2606 seqq.
1320 2556 1368 2592 ad
1397 2557 1532 2594 verba:

867 2608 1130 2660 καταστάντες
1149 2612 1213 2652 ἐπὶ
1228 2609 1322 2659 τούς
1340 2609 1531 2665 ἄρχοντας

866 2670 961 2707 conf.
984 2669 1047 2717 ΙΙΙ,
1071 2672 1163 2712 156.
1217 2669 1390 2719 Namque
1414 2685 1530 2708 κατα-

866 2723 960 2772 στὰς
982 2727 1114 2764 dieitur
1135 2727 1179 2773 is,
1209 2727 1271 2776 qui
1291 2727 1366 2763 sive
1385 2727 1432 2763 ad
1454 2739 1531 2763 ma-

865 2783 1058 2832 gistratum
1081 2784 1263 2821 curiamve
1287 2783 1362 2820 sive
1392 2783 1440 2819 ad
1463 2796 1531 2832 po-

865 2839 941 2891 puli
957 2841 1169 2878 concionem
1191 2840 1386 2885 deductus,
1405 2838 1530 2875 dicen-

1251 2892 1310 2935 6.

1552 1167 1645 1197 Samii
1681 1179 1698 1198 a
1733 1172 1825 1201 Lace-

1552 1201 1718 1234 daemoniis
1740 1216 1826 1243 opem
