1863 3256
393 145 495 197 45⁰,
776 139 1240 182 HERODOT1

394 250 475 294 κᾶν
518 244 624 306 ἦγον
650 250 795 301 Ἴωνές
823 266 867 292 τε
895 250 968 292 καὶ
997 248 1170 296 Αἰολέες
1208 245 1278 288 καὶ
1313 241 1647 299 Ἑλλησπόντιοι.

364 321 444 364 2‘0
464 319 542 376 μὲν
571 321 624 375 δὴ
654 319 861 368 ναυτικὸς
892 315 1077 370 στρατὸς
1110 317 1186 367 τὰς
1217 314 1414 365 Κυανέας
1443 312 1646 357 διεκπλώ-

393 402 490 441 σας,
535 391 652 433 ἕπλεε
695 388 771 431 ἰθύ
817 391 896 429 τοῦ
930 385 1128 440 Ἴστρου·
1179 383 1436 434 ἀναπλώσας
1478 384 1523 427 δὲ
1563 382 1645 426 ἀνοὶ

393 461 468 504 τὸν
505 460 701 512 ποταμόν
740 459 860 500 δυῶν
897 455 1093 512 ἡμερέων
1129 452 1267 498 πλόον
1297 453 1381 496 «ind
1412 452 1644 509 θαλάσσης,
1660 460 1702 492 95

394 532 475 572 τοῦ
503 530 702 582 ποταμοῦ
732 527 809 569 τὸν
839 526 1023 581 αύχένα.
1071 526 1116 569 ἐκ
1145 529 1225 568 τοῦ
1256 526 1434 580 σχίζεται
1462 522 1514 566 τοὶ
1552 521 1648 566 στό-

369 606 390 639 3
401 614 512 653 ματα
541 600 621 638 τοῦ
639 597 831 650 Ἴστρου,
862 595 1069 652 ἐζεύγνυε.
1121 600 1309 650 Δαρεῖος
1337 595 1402 644 δὲ,
1443 592 1501 645 ὠς
1530 592 1650 648 διέβη

394 668 471 712 τὸν
490 664 724 721 Βόσπορον
753 666 860 710 κατὰ
891 666 971 722 τὴν
1001 667 1191 722 σχεδίην,
1225 663 1455 718 ἐπορεύετο
1479 662 1550 706 διὰ
1577 667 1651 717 τῆς

399 738 606 791 Θρηΐκηφ
648 735 909 792 ἀπικόμενος
947 736 992 779 δὲ
1029 735 1096 778 ἐπὶ
1138 736 1305 789 Τεάρου
1344 736 1541 789 ποταμοῦ
1579 732 1653 783 τὰς

273 819 339 863 90
396 804 558 862 πηγάς,
587 804 999 861 ἐστρατοπεδεύσατο
1028 805 1189 861 ἡμέρας
1218 810 1340 858 τρεῖς.
1393 803 1442 846 ‘O
1474 803 1518 846 δὲ
1551 802 1652 846 Τέα-
1664 808 1708 842 30

87 883 196 951 δ’ξιξὲῐῑ
217 882 314 943 ςῆοὲἷέἒ
401 893 476 932 ρος
505 876 669 931 λέγεται
704 875 791 920 ύπό
820 881 908 920 τῶν
936 877 1171 930 περιοίκων
1198 872 1308 917 εἶναι
1340 877 1544 928 ποταμῶν
1563 873 1651 927 ἄρι-

88 937 200 978 ωηῑῦ·
319 936 326 950 ’
401 958 523 996 στος,
562 943 615 988 τά
643 963 686 990 τε
722 946 829 990 ἄλλα
858 947 900 998 ἐς
930 945 1080 989 ἄκεσιν
1117 944 1334 1000 φέροντα,
1384 944 1456 986 καὶ
1495 942 1546 998 δὴ
1581 942 1653 985 καὶ

375 1015 593 1071 Ξᾶνδράσι
621 1017 693 1060 καὶ
723 1019 892 1061 ἵπποισι
921 1016 1075 1072 ψώρην
1103 1014 1351 1058 ἀκέσασθαι.
1409 1013 1490 1056 εἰσὶ
1511 1012 1556 1056 δὲ
1579 1011 1653 1056 αὕ-

405 1091 484 1132 tofi
515 1089 560 1131 αἱ
597 1086 728 1142 πηγαὶ
769 1089 887 1130 δυῶν
924 1086 1101 1131 δέουσαι
1137 1084 1470 1139 τεσσεράκοντα,
1510 1083 1557 1126 ἐκ
1583 1082 1655 1126 πέ-

406 1174 508 1214 τρης
543 1160 620 1214 τῆς
655 1155 787 1212 αὐτῆς
828 1157 1030 1212 ῥέουσαι·
1078 1157 1152 1200 καὶ
1190 1157 1235 1198 αἱ
1269 1155 1346 1211 μὲν
1381 1152 1548 1197 αὐτέων
1575 1152 1656 1197 εἰσὶ
1718 1166 1796 1206 323

377 1228 593 1285 3ψυχραί·
653 1229 697 1271 αἱ
727 1227 793 1280 δὲ,
831 1228 1000 1283 θερμαί.
1065 1225 1169 1276 ὁδὸς
1207 1224 1250 1268 δ’
1292 1223 1361 1267 ἐπ’
1399 1223 1533 1275 αὐτάς
1571 1225 1711 1268 ἐστι36

505 1413 614 1461 Cap.
643 1408 849 1447 LXXXIX.

391 1469 465 1506 τοῦ
491 1468 674 1517 ποταμοῦ
696 1462 766 1504 ‘cdv
783 1460 928 1515 αύχένα
947 1485 1002 1492 -

346 1520 551 1574 ἐζεύγνυε]
591 1517 735 1571 αὐχένα
761 1518 850 1557 Istra·
878 1520 1003 1557 collum

347 1592 374 1616 s.
380 1577 508 1628 fauces
518 1578 604 1615 dicit
615 1578 809 1624 (monente
820 1576 1005 1625 Schweig-

343 1634 514 1672 haeuser.
542 1633 580 1671 in
606 1633 696 1670 Lex.
720 1632 901 1681 Herod),
931 1632 1005 1681 qua

346 1691 476 1728 fluvius
511 1690 548 1726 in
579 1690 727 1727 diversa
754 1689 900 1726 brachia
940 1687 1004 1738 (ex

349 1759 423 1783 uno
456 1746 560 1795 quasi
593 1757 745 1795 corpore
774 1744 911 1782 collove
942 1756 1004 1782 ex-

351 1800 491 1850 euntia)
522 1801 702 1838 dividitur.
742 1801 800 1838 Cf.
833 1804 923 1837 nott.
957 1799 1004 1836 ad

351 1857 388 1904 1,
419 1859 485 1898 72.
515 1857 586 1903 IV,
618 1858 682 1898 85.
725 1856 856 1906 Incipit
884 1859 1004 1893 autem

352 1914 445 1951 later
478 1913 516 1950 in
547 1913 668 1963 plures
700 1924 824 1950 amnes
854 1911 966 1949 dividi
984 1924 1005 1949 e

350 1970 500 2018 regione
527 1969 624 2005 urbis
647 1967 779 2014 lsmail,
800 1980 894 2017 quae
912 1980 1007 2004 nunc

350 2029 522 2069 vocatur,
569 2025 618 2062 ad
667 2024 784 2062 locum
825 2023 1005 2068 Tiltscha;

352 2081 414 2118 ubi
437 2082 569 2117 flumen
588 2085 701 2131 ponte
717 2080 875 2117 iunctum
895 2080 1005 2116 fuisse

353 2137 548 2182 existimes,
570 2149 645 2173 nou
663 2136 772 2185 longe
793 2136 839 2173 ab
856 2148 899 2173 eo
911 2135 1004 2179 loco,

353 2192 414 2228 ubi
441 2192 593 2240 Pyretus
621 2205 649 2229 s.
673 2191 785 2228 Pruth
813 2192 908 2228 Istro
940 2191 1005 2228 ad-

353 2248 530 2284 miscetur.
556 2248 614 2284 Cf.
637 2247 792 2285 Bennel.
811 2249 1003 2297 pag-420·

354 2302 534 2339 Mannert.
556 2303 604 2340 IV
625 2305 766 2353 9220.
787 2325 843 2330 ——
859 2303 916 2340 Ad
929 2305 1004 2340 for-

354 2369 449 2395 mam
470 2357 579 2396 δυῶν
598 2360 689 2395 conf.
714 2363 807 2395 nott.
829 2359 876 2395 ad
890 2358 951 2407 lv,
970 2361 1002 2399 1.

410 2408 650 2464 ἀπικόμενος
686 2411 729 2451 δὲ
756 2412 820 2452 ἐπὶ
855 2411 1002 2464 Τεάρου

353 2471 532 2519 ποταμοῦ
548 2466 616 2515 τοὶς
639 2465 788 2520 πηγάς]
821 2470 926 2513 Quae
946 2470 1002 2506 via

352 2526 389 2562 in
405 2525 549 2562 Tabula
561 2526 840 2574 Peutingeriana
860 2526 906 2562 ab
924 2524 1000 2561 An-

353 2580 466 2618 chialo
513 2582 611 2618 rectit
651 2581 836 2618 meridiem
879 2593 1001 2617 versus

353 2637 401 2673 ad
428 2636 635 2674 Perinthum
663 2637 822 2682 ducitur,
853 2637 1001 2684 antiqua

353 2692 414 2729 illa
441 2697 477 2730 et
495 2692 643 2730 Graecis
663 2693 824 2741 cognita,
855 2693 898 2729 eii
925 2691 1002 2728 Da-

355 2749 442 2784 rium
468 2749 685 2798 processisse
712 2748 790 2785 vult
818 2747 1000 2785 Mannert.

1059 1408 1149 1455 Vll,
1178 1419 1262 1457 pag.
1281 1408 1385 1452 272,
1415 1405 1602 1455 Tearique
1630 1406 1712 1442 fon-

1059 1470 1115 1502 tes
1138 1464 1187 1500 ibi
1209 1461 1372 1508 collocat,
1393 1462 1454 1499 ubi
1476 1467 1625 1498 notatur
1644 1475 1711 1510 op-

1058 1521 1185 1571 pidum
1226 1516 1481 1566 Ut-Surgas,
1518 1518 1555 1554 in
1592 1517 1712 1554 medin

1059 1576 1121 1613 illa
1139 1576 1196 1611 via
1216 1574 1334 1610 situm.
1376 1573 1466 1611 Inde
1488 1574 1525 1610 in
1542 1572 1712 1610 Danvinii

1059 1643 1194 1682 mappa
1227 1628 1336 1667 Tean·
1372 1642 1511 1666 cursum
1548 1641 1621 1665 non
1655 1641 1713 1666 re·

1059 1692 1117 1724 cte
1155 1686 1303 1723 indicari
1333 1686 1501 1724 observat
1526 1685 1712 1722 Gatterer.

1060 1742 1259 1795 (Thracien
1290 1741 1381 1779 nach
1406 1741 1548 1779 Herod.
1577 1745 1643 1778 etc.
1675 1753 1712 1790 p.

1060 1801 1113 1841 42
1144 1799 1264 1848 seq.);
1305 1798 1441 1848 quippe
1467 1799 1527 1847 qni
1563 1796 1714 1834 Tearum

1059 1868 1139 1893 cum
1204 1854 1440 1892 Contadesdo
1497 1853 1713 1890 confuderit.

1060 1912 1216 1949 Auctore
1236 1911 1307 1948 Ios.
1328 1910 1374 1947 de
1392 1909 1577 1946 Hammer.
1595 1908 1711 1959 (Hist.

1061 1968 1210 2005 Osman.
1256 1967 1271 2003 l
1310 1980 1346 2016 p.
1383 1964 1460 2006 175
1498 1969 1573 2002 not.
1612 1964 1714 2013 645)

1065 2022 1224 2069 Teum-⁹,
1256 2023 1355 2060 cuius
1386 2025 1531 2071 praeter
1558 2020 1713 2058 Plinium

1061 2079 1110 2116 H.
1132 2079 1176 2116 N.
1197 2079 1270 2125 lv,
1305 2076 1394 2127 (18)
1427 2079 1473 2116 11
1507 2077 1713 2114 Simonides

1061 2148 1208 2185 quoque
1226 2134 1387 2171 meminit
1407 2132 1711 2183 CephaLAntho-

1060 2191 1132 2240 log.
1165 2205 1202 2241 p.
1235 2190 1314 2232 241
1345 2194 1381 2226 et
1407 2188 1579 2226 Libanius
1608 2189 1713 2225 Orat.

1061 2245 1229 2283 Antioch.
1261 2260 1296 2296 p.
1324 2245 1405 2286 346
1447 2244 1506 2292 [T.
1531 2244 1545 2280 I
1570 2257 1606 2294 p.
1631 2245 1712 2285 296

1061 2301 1218 2352 Reisk.],
1241 2315 1331 2350 quos
1349 2301 1445 2336 locos
1469 2300 1587 2337 debeo
1604 2299 1713 2336 Wes-

1060 2359 1232 2407 selingio,
1272 2369 1366 2393 nunc
1404 2360 1553 2392 vocatur
1595 2354 1713 2393 Teara

1059 2414 1171 2461 ssuji,
1208 2413 1269 2462 qui
1299 2413 1334 2448 in
1369 2411 1624 2449 Contadesdum
1654 2413 1711 2449 in-

1059 2471 1138 2507 fluit
1159 2470 1233 2506 sive
1255 2467 1534 2505 Karz'schcluran.

1276 2525 1386 2573 Cap.
1415 2524 1495 2560 XC.

1093 2579 1168 2618 εἰσὶ
1183 2577 1225 2618 δὲ
1241 2576 1364 2618 αὐτοῦ
1385 2579 1427 2618 αἱ
1438 2578 1559 2630 πηγαὶ
1571 2594 1605 2618 κ.
1616 2594 1648 2618 τ.
1661 2577 1711 2630 λ.]

1059 2637 1182 2672 Citant
1203 2636 1350 2673 adhaec
1367 2637 1475 2673 verba
1487 2636 1712 2673 Eustath.ad

1059 2692 1096 2728 ll.
1117 2689 1145 2742 χ’
1165 2705 1199 2741 p.
1224 2694 1342 2736 1263,
1366 2694 1432 2739 32,
1451 2705 1478 2728 S.
1503 2694 1621 2736 1362,
1649 2693 1710 2733 13.

1058 2748 1116 2785 Ad
1135 2761 1257 2785 vocem
1275 2748 1381 2786 δυῶν
1401 2749 1494 2785 conf.
1516 2747 1583 2795 lv,
1619 2750 1653 2787 1.
