1946 3272
594 206 1047 249 THALIA.111.
1402 212 1458 251 77

187 325 270 383 ἤδη
307 324 356 369 τὸ
392 319 477 366 α’πὸ
514 317 678 362 τούτου
719 319 765 362 αἱ
801 316 995 374 εὐτυχίαι
1033 333 1101 360 τοι
1131 320 1246 359 ταῖσι
1276 315 1461 360 πάθαισι

188 396 497 451 προσπίπτωσι,
534 389 680 446 τρόπῳ
711 393 772 446 τῷ
802 390 842 441 ἐξ
872 389 974 444 ἐμεῦ
1002 387 1273 444 ὑποκειμένῳ
1307 385 1445 429 ἆκεό.ι

189 471 332 510 Ταῦτα
363 459 662 515 ἐπιλεξάμενος
700 459 723 504 ὁ
748 459 1058 516 Πολυκοοίτης,
1088 459 1161 502 καὶ
1191 458 1282 516 νόῳ
1313 458 1463 514 λαβων
1521 461 1796 523 f‘ffihffmfflffiffi:

187 537 244 587 ὥς
274 537 316 577 οἱ
345 527 393 576 εὖ
424 532 651 575 ὑπετίθετο
680 530 886 587 Ἄμασις,
931 532 1096 587 ἐδίζητο
1124 530 1192 574 ἐπ’
1227 532 1260 586 ᾧ
1293 529 1348 573 ἄν
1376 528 1462 585 μά·
1524 535 1605 571 217
1675 585 1681 590 ι
1770 585 1795 611 ια

1634 593 1701 610 'mio
1718 594 1767 610 50>ss

183 613 305 650 λιστα
329 606 405 661 τὴν
429 602 574 658 ψυχὴν
597 601 780 660 ασηθε-ίη
814 602 1070 661 ἀπολομένῳ
1099 608 1187 646 τῶν
1216 602 1462 657 κειμηλίων·
1474 583 1794 683 763ιιάμίιοιωᾶιουιπὲ

864 676 920 730 ἠν
952 676 995 717 οἱ
1028 674 1216 730 σφρηγὶς
1246 673 1326 730 τὴν
1355 670 1458 728 ἐφό-
1517 685 1594 713 abii
1589 685 1630 711 ·it.

57 469 122 515 41

156 678 409 733 Ξδιζημενος
441 673 475 718 δ’
501 674 671 728 εὕρισκε
693 672 806 717 τόδε.

19 877 29 1605 *aff—m.—

126 815 299 851 secundae
318 828 382 864 per
410 817 498 851 vices
520 813 598 863 fere
619 828 695 851 cum
720 815 787 851 asl-

125 874 232 908 versz's
260 872 544 917 Ἰί·1)ι”(ιει;ιί[ρηι,
568 871 636 921 sac
672 876 709 908 ut
744 875 789 909 z'e's

125 942 161 965 eo
184 943 249 978 qno
272 929 353 965 dist
371 929 468 964 modo
487 929 697 966 medearis.“
746 931 787 966 ln

126 986 206 1036 ipso
240 989 340 1022 textu
376 987 633 1022 constituendo
672 987 788 1022 Gaisf.

126 1048 271 1079 secutus
282 1055 372 1079 sum.
387 1042 591 1089 Schweigh.
609 1049 645 1080 et
657 1043 789 1079 Matth.

125 1101 285 1135 retinent
304 1099 486 1148 vulgatam
498 1096 606 1138 τώπὸ
623 1114 688 1149 pro
709 1103 791 1137 ταῖ-

127 1167 178 1202 σι,
190 1156 359 1204 Schwgh.
381 1151 555 1203 αὕταῐσις
586 1162 694 1193 antea
715 1156 791 1191 vul-

125 1225 174 1260 go
194 1212 384 1261 legebatur
403 1217 633 1252 τοιαυταῐσι-
655 1236 705 1242 —
729 1211 790 1250 Ad

126 1264 219 1308 οἷκέο
242 1269 339 1305 conf.
362 1269 425 1316 ΙΙΙ,
451 1272 514 1310 17.

333 1325 444 1376 Cap.
475 1325 574 1363 XLI.

182 1378 574 1433 ἐπιλεξάμενος]
606 1383 676 1420 i.e.
700 1395 790 1433 quae

126 1451 202 1476 cum
218 1439 368 1487 legisset.
399 1440 507 1477 Conf.
528 1440 555 1486 l,
582 1438 671 1480 124.
696 1442 787 1481 125.

124 1496 170 1542 ΙΙ,
196 1496 287 1535 125.
309 1496 379 1543 ΙΙΙ,
403 1496 468 1537 43.
492 1498 570 1537 128
593 1502 659 1534 etc.
710 1497 788 1534 He-

123 1552 280 1601 sychius,
302 1557 452 1590 notante
464 1553 664 1600 Larchem,
678 1553 786 1591 haec:

123 1607 351 1655 ἐπελέξατο·
363 1607 410 1648 τοὶ
435 1605 786 1662 γεγοαιιιιέναεῖνὲ-

124 1677 287 1718 γνωσει.

181 1721 247 1760 καὶ
267 1737 347 1775 νοῳ
366 1719 515 1773 λείβων]
545 1723 566 1759 i.
591 1737 622 1760 e.
647 1736 790 1773 cumque

125 1779 211 1815 llaec
235 1781 351 1815 am'mo
384 1780 652 1827 swecomlzdelsset,
683 1780 791 1817 antel-

124 1836 266 1872 lexzsset
287 1849 329 1872 (ιε
346 1840 552 1886 reputasset.
584 1838 714 1874 Exstat
728 1850 790 1875 ea-

125 1893 210 1930 dem
229 1892 358 1929 locutio
379 1894 442 1939 ΙΙΙ,
462 1896 526 1934 51.
554 1894 643 1934 143.
664 1896 787 1940 V‚91.

124 1949 222 1996 Vlll,
237 1951 300 1989 19.
311 1950 480 1999 Schwgh.
500 1952 557 1987 cst.
571 1951 636 1998 IX,
650 1954 714 1998 10,
726 1951 788 1987 ubi

125 2010 200 2044 est:
222 2005 339 2056 φρενὶ
359 2002 548 2058 λαβόντες
567 2005 635 2046 τόν
654 2003 786 2059 λόγον.

124 2062 209 2106 Quo
257 2064 388 2100 eodem
440 2065 517 2102 fere
555 2065 790 2114 pertinebant

123 2119 232 2157 haec:
266 2118 329 2158 ἐπὶ
349 2115 442 2159 νόον
466 2120 622 2172 τρέπειν
641 2122 704 2169 ΙΙΙ,
720 2125 788 2168 21,

124 2176 185 2213 ubi
211 2176 300 2212 vid.-
293 2205 303 2223 ,
340 2176 382 2216 ἐν
411 2173 492 2231 νόῳ
521 2177 621 2228 ἔχειν
649 2178 686 2225 Ι,
724 2181 787 2219 10-

125 2235 189 2274 27.
220 2232 290 2281 ΙΙΙ,
316 2234 406 2275 143
434 2233 476 2273 ἐν
499 2231 581 2289 νόῳ
602 2235 789 2288 γίνεσθαι

124 2288 190 2336 IX,
211 2288 277 2329 46

182 2343 254 2394 τήν
273 2344 411 2398 ψυχην
433 2343 622 2399 α’σηθείη]
647 2350 787 2386 Obser-

124 2406 184 2438 vat
212 2403 364 2442 Wessel.
404 2400 507 2444 ἅσᾶν
539 2411 576 2443 et
607 2402 788 2444 α’σᾱσθαι

126 2459 223 2507 apud
251 2459 511 2511 Hippocratem
539 2465 684 2513 saepius
716 2464 788 2500 dici

129 2515 175 2551 de
206 2516 350 2553 fastidio
379 2524 416 2556 et
443 2520 591 2556 tristitia
624 2522 788 2568 itemque

130 2571 227 2619 apud
249 2571 457 2624 Theognid.
477 2576 573 2623 659,
593 2577 652 2612 ubi
681 2577 788 2613 addi-

129 2629 186 2661 tur
216 2626 354 2678 φοένα,
378 2636 414 2669 et
434 2634 530 2679 983,
557 2633 618 2670 ubi
641 2634 789 2670 additur

130 2679 274 2730 θυμόν

187 2738 238 2787 ὴν
267 2739 307 2777 οἷ
340 2743 509 2795 σφρηγὶς
543 2761 616 2796 την
651 2740 791 2797 ἐφόρεε

130 2789 378 2847 χουσόδετος]
400 2799 480 2837 Hac
501 2802 583 2839 der
559 2815 705 2851 gemma
726 2816 790 2840 ve-

130 2854 247 2887 terum
267 2851 364 2890 locos
382 2856 524 2906 collegit
543 2858 712 2898 Panofka
730 2859 789 2897 De

846 816 1020 852 Samiorr.
1054 815 1154 852 rebb.
1186 828 1270 863 pag.
1300 812 1354 855 34
1385 817 1461 850 not.
1488 816 1506 853 1

847 878 883 910 et
912 872 1024 909 multo
1060 877 1147 909 ante
1181 872 1414 908 l*Lircl]mann.
1452 870 1512 908 De

846 929 981 966 annull.
1003 942 1088 978 pag.
1114 932 1192 969 170
1215 942 1318 977 seqq.
1349 929 1512 972 Quibus-

847 1000 927 1023 cum
972 986 1038 1023 Cr.
1083 986 1240 1023 conferri
1277 986 1373 1032 vult,
1416 997 1512 1033 quae

848 1044 947 1092 apud
982 1043 1136 1079 Pansam.
1169 1043 1195 1087 l,
1232 1046 1282 1082 17
1312 1041 1348 1093 ἓ.
1380 1044 1404 1081 3
1435 1042 1513 1079 coll.

848 1100 984 1148 Hygin.
1008 1100 1110 1136 Poet.
1130 1097 1227 1134 Astr.
1249 1099 1292 1144 ΙΙ,
1315 1100 1338 1139 5
1361 1111 1514 1135 narran-

847 1161 905 1193 tur
930 1158 976 1193 de
996 1156 1132 1192 Minois
1154 1168 1312 1204 gemma,
1343 1167 1452 1203 quam
1476 1156 1513 1192 in

847 1226 947 1250 mare
984 1214 1160 1250 deiectam
1199 1212 1390 1258 Theseus,
1441 1225 1514 1261 quo

847 1269 1013 1320 Neptuni
1032 1269 1144 1306 filium
1167 1281 1206 1306 se
1227 1282 1308 1306 esse
1327 1269 1514 1318 probaret,

847 1327 1012 1364 retulisse
1044 1328 1181 1372 fertur,
1231 1330 1269 1363 et
1302 1338 1396 1374 quae
1423 1326 1510 1362 ibid.

847 1384 894 1430 X,
918 1386 971 1424 30
995 1381 1030 1434 ἓ.
1049 1386 1075 1423 2
1096 1384 1291 1420 traduntur
1309 1383 1356 1419 de
1374 1382 1514 1430 Phoco,

846 1439 957 1477 Aeaci
982 1440 1069 1486 filio,
1098 1441 1154 1477 cui
1178 1441 1301 1477 Iaseus
1329 1452 1510 1488 gemmam

846 1499 945 1534 dono
964 1498 1066 1534 dedit
1089 1510 1177 1534 auro
1205 1496 1382 1533 inclusam
1406 1509 1449 1542 s.,
1472 1500 1512 1532 ut

845 1555 927 1605 ipsa
976 1555 1087 1591 verba
1135 1567 1345 1603 apponam,
1388 1553 1510 1591 λίθου

846 1611 1048 1661 σφραγῖδα
1078 1609 1338 1660 ἐνδεδεμένην
1365 1611 1511 1662 χρυσῷ.

844 1668 902 1706 De
934 1668 1136 1716 Polycratis
1158 1668 1291 1704 annulo
1315 1680 1358 1704 ex
1389 1667 1513 1704 Hero-

847 1726 922 1762 doti
950 1725 1029 1761 loco
1069 1725 1270 1774 disputavit
1309 1724 1443 1761 Facius
1473 1725 1510 1761 in

846 1781 998 1818 Miscell.
1023 1795 1053 1817 z.
1070 1782 1204 1819 Gesch.
1224 1782 1260 1819 d.
1280 1781 1412 1818 Cultur
1435 1782 1510 1818 und

846 1839 970 1875 Kunst
987 1851 1071 1888 pag.
1086 1841 1137 1877 66
1152 1851 1253 1887 seqq.
1266 1842 1418 1875 notante
1431 1838 1510 1885 Cn,

847 1897 1008 1944 itemque
1033 1895 1203 1943 Lessing.
1226 1896 1280 1931 in:
1313 1896 1507 1944 Antiquar.

844 1953 956 1989 Brief,
980 1953 1099 2002 (Opp.
1124 1952 1172 1988 Τ.
1194 1952 1245 1988 ΧΙ
1265 1964 1350 2001 pag.
1367 1954 1511 1993 153-

849 2011 927 2049 161
952 2013 987 2046 et
1015 2009 1229 2045 additarum.
1260 2008 1510 2057 Eschenburg.

845 2066 932 2102 ibid.
966 2079 1052 2116 pag.
1078 2067 1158 2106 183
1182 2070 1218 2103 et
1241 2065 1310 2102 Xu
1332 2079 1368 2116 p.
1390 2063 1511 2118 5253),

846 2123 893 2159 ad
917 2136 1024 2171 quem
1054 2123 1209 2159 eundem
1232 2123 1308 2159 iure
1337 2127 1514 2172 provocat

846 2179 964 2228 Sillig.
987 2180 1022 2216 in
1043 2179 1216 2227 Catalog.
1239 2179 1394 2217 Artificc.
1421 2192 1509 2229 pag.

846 2235 940 2276 442.
962 2235 1015 2272 Ac
1025 2235 1241 2285 Lessingius
1255 2236 1403 2285 quidem
1417 2236 1512 2274 hunc

845 2293 1047 2342 Polycratis
1100 2293 1273 2329 annulum
1326 2306 1511 2342 gemmam

846 2350 1023 2387 caelatam
1037 2378 1047 2396 ,
1079 2363 1174 2398 quae
1195 2350 1356 2399 effigiem
1374 2350 1513 2388 habue-

845 2407 892 2442 rit
913 2407 1141 2457 insculptam,
1167 2407 1277 2444 fuisse
1296 2411 1422 2456 negat,
1444 2408 1509 2444 sed

844 2462 1002 2513 lapidem
1047 2463 1264 2513 simplicem,
1314 2464 1510 2513 integrum,

846 2532 934 2556 auro
975 2520 1164 2557 inclusum.
1241 2520 1375 2570 Neque
1411 2521 1509 2558 enim

846 2576 1109 2624 Theodorum,
1149 2578 1213 2627 qui
1246 2582 1323 2614 tum
1355 2579 1392 2614 in
1426 2589 1511 2615 aere

849 2632 1088 2680 elaborasset,
1118 2639 1193 2671 tum
1217 2635 1435 2671 architectus
1456 2634 1513 2670 in-

848 2690 963 2739 signis
999 2692 1110 2728 fuisse
1141 2691 1280 2737 fertur,
1322 2689 1511 2741 sculpendi

847 2748 1005 2797 peritum
1035 2748 1106 2784 dici
1134 2760 1156 2784 a
1193 2748 1399 2794 veteribus3
1443 2758 1510 2782 nec

847 2805 1018 2849 omnino,
1054 2808 1151 2842 teste
1185 2805 1301 2842 Plinio
1338 2805 1375 2840 in
1412 2803 1509 2839 Hist.

845 2859 935 2898 Nat.
955 2861 1147 2908 XXXVII,
1170 2864 1206 2907 1,
1226 2865 1312 2898 ante
1336 2859 1509 2909 Polycra-
