1946 3272
346 888 413 933 45

144 954 238 982 Samii
289 954 402 981 reilcun
411 969 418 973 -

234 989 418 1022 Polycratem

143 994 190 1016 tes

144 1023 258 1058 praelio
283 1021 382 1048 navali

144 1057 265 1083 vincunt
275 1065 282 1082 ι
292 1053 418 1093 ega-essi,

144 1094 175 1116 et
193 1091 222 1116 in
239 1094 323 1115 terra
335 1092 419 1122 vicu,

142 1122 398 1149 Lacedaemonem

144 1156 241 1182 classe
270 1155 398 1182 abeunt:

144 1197 268 1219 errare,
294 1188 345 1223 qui
362 1187 416 1214 Sa-

144 1223 210 1249 miis
236 1222 326 1248 etiam
355 1226 418 1247 ter-

143 1260 270 1283 restrem
296 1254 418 1282 victori-

145 1297 192 1317 am
209 1290 352 1316 tribuant.

471 220 528 260 82

871 217 1338 256 HERODOTI

476 327 714 384 Καμβύσεα
743 326 820 370 τόν
850 325 1029 379 Κύρου,
1059 325 1323 381 συλλέγοντα
1352 323 1538 378 στρατὸν
1568 323 1642 368 ἐπ’
1672 326 1747 367 Αἲ-

471 415 665 453 γυπτον,
704 397 862 452 ἐδεήθη
901 395 1014 445 ὅκως
1044 395 1102 438 ἄν
1131 397 1204 439 καὶ
1232 395 1337 450 παρ’
1380 396 1546 439 ἑωυτὸν
1575 396 1747 450 πέμψας

443 471 520 521 3ἐς
549 467 726 524 Σάμον,
770 468 912 510 δέοιτο
949 471 1144 519 στρατοῦ.
1204 467 1446 524 Καμβύσης
1477 468 1523 511 δὲ
1554 464 1747 516 ἀκούσας
1760 471 1803 505 25

471 540 663 590 τούτων,
695 535 937 592 προθύμως
968 535 1129 590 ἔπεμψε
1161 537 1203 587 ἐς
1226 537 1406 593 Σάμον,
1438 537 1641 592 δεόμενος
1665 540 1748 580 Πο-

475 610 712 662 λυκράτεος
741 607 930 661 στρατὸν
959 606 1171 650 ναυτικόν
1200 607 1290 663 ἅμα
1319 607 1485 664 πέμψαι
1515 608 1663 665 ἑωυτῷ
1685 605 1747 650 ἐπ’

448 688 469 721 4
483 683 718 734 Αἴγυπτον.
769 676 792 722 ὁ
818 679 887 728 δὲ,
918 677 1110 730 ἐπιλέξας
1131 682 1222 722 τῶν
1240 676 1386 722 ἀστῶν
1401 677 1504 728 τοὺς
1523 678 1749 722 ὑπώπτευε

475 753 658 809 μάλιστα
706 749 748 800 ἐς
796 748 1110 797 ἐπανάστασιν,
1164 747 1386 805 ἀπέπεμπε
1437 748 1751 802 τεσσεράκοντα

475 821 696 876 τριήρεσι,
737 819 1034 874 ἐντειλάμενος
1065 820 1281 877 Καμβύσῃ
1309 820 1448 864 ὀπίσω
1475 818 1661 869 τούτους
1690 818 1749 874 μὴ

472 891 758 947 ἀποπέμπειν.

822 893 877 933 Οἱ
905 891 984 945 μὲν
1014 890 1066 946 δή
1097 891 1271 946 λέγουσι
1309 891 1414 942 τούς
1445 888 1807 946 ἀποπεμφθέν-30

475 980 552 1014 τας
573 964 758 1017 Σαμίων
781 960 869 1004 ὑπὸ
903 960 1209 1015 Πολυκράτεος
1239 962 1320 1005 οὐκ
1351 960 1586 1005 ἀπικέσθαι
1616 961 1659 1012 ἐς
1677 962 1750 1003 Αἴ-

474 1049 662 1088 γυπτον·
706 1032 800 1076 ἀλλ’
833 1033 925 1076 έπεί
953 1049 997 1075 τε
1025 1031 1227 1087 ἐγένοντο
1258 1032 1304 1076 έν
1336 1032 1567 1088 Καρπάθῳ
1597 1032 1755 1089 πλέον--

474 1120 564 1156 τες,
595 1105 754 1147 δοῦναί
783 1115 863 1159 σφι
893 1103 1048 1159 λόγον,
1093 1106 1167 1146 καί
1193 1116 1273 1159 σφι
1303 1103 1425 1147 ἁδεῖν
1454 1103 1503 1147 τὸ
1534 1103 1752 1158 προσωτέ-

475 1191 536 1229 ρω
567 1173 716 1230 μηκέτι
747 1175 912 1218 πλέειν·
967 1176 1011 1217 οἱ
1049 1174 1095 1217 δὲ
1132 1175 1332 1229 λέγουσι,
1374 1174 1669 1228 ἀπικομένους
1707 1189 1752 1216 τε

476 1246 518 1296 ἐς
547 1247 774 1301 Αἴγυπτον
809 1247 883 1289 καὶ
914 1244 1302 1302 φυλασσομένους,
1345 1246 1550 1289 ἐνθεῦτεν
1589 1242 1752 1295 αὐτούς

447 1314 744 1372 Ξᾶποδρῆναι·
799 1317 1089 1360 καταπλέουσι
1129 1317 1174 1360 δὲ
1213 1317 1254 1366 ἐς
1292 1316 1372 1371 την
1412 1316 1568 1372 Σάμον
1607 1320 1808 1359 Hom-35

476 1386 639 1444 κράτης
660 1387 791 1443 νηυσὶ
821 1386 1046 1439 ἀντιάσας,
1077 1388 1119 1439 ές
1148 1387 1288 1444 μάχην
1312 1388 1513 1444 κατέστη·
1546 1386 1751 1443 νικήσαν-

477 1474 545 1509 τες
575 1459 621 1502 δὲ
651 1460 695 1501 οἱ
723 1457 962 1510 κατιόντες,
994 1458 1218 1517 ἀπέβησαν
1248 1459 1291 1510 ἐς
1319 1458 1401 1514 τήν
1431 1463 1589 1515 νῆσον·
1634 1462 1752 1511 πεζο-

478 1529 747 1585 μαχήσαντες
777 1530 823 1573 δὲ
853 1529 900 1573 ἐν
930 1529 1063 1588 αὐτῇ,
1101 1530 1380 1586 ἑσσώθησαν·
1431 1530 1505 1574 καὶ
1541 1529 1656 1573 οὕτω
1696 1529 1750 1586 δή

475 1710 626 1765 ἐδεήθη
656 1710 761 1760 ὅκως
789 1710 840 1752 ἂν
869 1739 920 1744 -
953 1712 1081 1754 δέοιτο

423 1770 607 1822 στρατοῦ]
639 1771 662 1808 i.
683 1785 714 1809 e.
737 1773 879 1820 ‘rogavit
900 1772 944 1807 ab
968 1785 1017 1817 eo,
1041 1774 1082 1807 ut

419 1828 468 1864 ad
496 1829 611 1878 ipsum
634 1827 770 1876 legatos
793 1827 940 1864 Samum
967 1830 1083 1864 mitte-

418 1889 472 1921 ret
494 1886 678 1934 copiasque
698 1886 742 1920 ab
764 1886 838 1933 ipso
851 1888 992 1934 peteret.
1027 1885 1085 1921 De

419 1940 597 1991 particula
617 1937 719 1986 ’όκως
732 1936 782 1978 ἂν
799 1943 935 1978 consul.
949 1940 1084 1977 Matth.

425 1997 491 2034 Gr.
511 1997 574 2033 Gr.
592 1995 629 2046 ξ.
651 1998 746 2042 531,
767 2000 843 2033 not.
862 2000 888 2037 2
911 2010 945 2045 p.
967 1998 1082 2036 1037.

429 2077 479 2081 —
505 2053 546 2088 ln
571 2065 675 2102 seqq.
705 2066 785 2089 cum
813 2058 965 2089 reeentt.
999 2053 1085 2089 edd.

426 2109 653 2159 reposuimus
677 2107 828 2159 ἔπεμψε
843 2122 908 2158 pro
927 2108 1084 2159 ἔπεμπε.

632 2165 742 2215 Cap.
773 2165 886 2202 XLV.

483 2219 524 2259 έν
552 2216 780 2274 Καρπάθῳ]
813 2222 833 2258 i.
861 2235 891 2258 e.
923 2221 972 2257 all
1000 2220 1088 2257 Car-

423 2277 572 2326 pathum
593 2278 761 2324 insulam,
783 2291 812 2314 s.
834 2279 871 2313 in
894 2277 1088 2327 Carpathio

426 2335 528 2369 mari.
572 2334 629 2370 De
654 2347 720 2370 usu
745 2335 1024 2384 praepositionis
1046 2333 1088 2371 ἐν

428 2390 582 2426 diximus
607 2391 653 2425 ad
678 2391 723 2436 ΙΙ,
750 2391 837 2430 163.
869 2390 1088 2438 i‘Vesseling.

427 2446 556 2482 laudat
576 2446 732 2493 Diogen.
755 2447 878 2483 Laert.
907 2447 1007 2493 l,81,
1027 2446 1087 2482 ubi

429 2500 472 2540 ἔν
496 2505 580 2547 ταῖς
602 2496 805 2552 Ἀθήναις,
827 2503 847 2538 i.
874 2516 905 2539 e.
930 2505 962 2538 1'11
984 2504 1086 2547 muri,

430 2558 521 2607 quod
541 2559 697 2594 Athenas
720 2560 847 2604 alluit,
879 2573 956 2595 cuni
975 2557 1000 2609 ὃ
1034 2562 1081 2598 31

428 2615 581 2650 dixisset
622 2614 714 2664 περὶ
752 2612 826 2664 τήν
863 2610 1088 2665 Ἀθηναίων

428 2666 648 2709 θάλασσαν.
664 2692 709 2698 --
737 2672 939 2720 Carpathus
959 2671 1088 2716 insula,

429 2728 714 2777 septentrionem
733 2740 856 2764 versus
878 2741 899 2763 a
913 2729 1024 2765 Creta
1040 2728 1089 2763 si-

430 2787 480 2829 ta,
510 2796 606 2820 nunc
636 2783 839 2833 appellatur
865 2783 1090 2832 Scarpant05

431 2838 529 2877 uude
551 2841 649 2889 quod
678 2839 780 2877 alluit
803 2839 952 2876 insulam
976 2853 1088 2887 mare,

1140 1716 1329 1753 meridiem
1359 1727 1486 1753 versus
1515 1714 1562 1751 ab
1588 1713 1723 1750 Rhodo
1753 1715 1809 1750 in-

1140 1772 1239 1818 sula,
1272 1772 1508 1822 Carpathium
1528 1775 1690 1808 vocatur.
1722 1770 1808 1807 Vid.

1139 1829 1269 1866 Horat.
1296 1829 1370 1865 Od.
1395 1829 1422 1876 l,
1439 1827 1506 1874 35,
1528 1830 1566 1874 8,
1589 1839 1636 1864 ne
1655 1826 1776 1877 plura.

1198 1912 1344 1951 δοῦναί
1372 1923 1443 1960 σφι
1474 1907 1594 1962 λόγον
1627 1925 1661 1949 κ.
1692 1925 1723 1948 τ.
1754 1909 1804 1960 λ.]

1141 1970 1164 2006 ἰ.
1186 1982 1218 2006 e.
1251 1981 1319 2005 rem
1346 1968 1424 2004 illos
1444 1981 1557 2004 secum
1587 1967 1807 2014 deliberasse,

1142 2039 1170 2061 s.
1203 2038 1241 2061 re
1263 2025 1457 2061 deliberata
1487 2026 1665 2061 statuisse.
1697 2025 1806 2061 Conf.

1144 2082 1172 2126 Ι,
1198 2084 1263 2121 97.
1296 2081 1367 2126 111,
1394 2085 1446 2122 25
1479 2081 1601 2130 ibique
1631 2085 1724 2118 nott.
1766 2081 1807 2117 ln

1143 2151 1244 2186 seqq.
1268 2137 1367 2186 quod
1381 2138 1591 2174 Herodotus
1608 2138 1696 2175 dicit
1710 2131 1807 2176 ἀπο-

1144 2194 1310 2244 δρῆναι,
1338 2194 1422 2231 inde
1449 2194 1548 2244 apud
1584 2194 1805 2231 Pausaniam

1145 2250 1188 2293 ΙΙ,
1218 2251 1265 2290 31
1303 2248 1340 2300 §.
1371 2253 1389 2290 1
1431 2245 1656 2300 ἀποδρᾶναι
1686 2262 1807 2299 neque

1145 2302 1375 2356 ἀποδράναι
1409 2307 1517 2343 scribi
1543 2308 1619 2343 vult
1650 2306 1805 2344 Siebelis

1144 2364 1192 2399 ad
1223 2362 1244 2399 l.
1269 2363 1289 2399 Ι.

1200 2443 1462 2483 καταπλέουσι
1485 2442 1527 2483 δὲ
1546 2465 1602 2472 -
1622 2440 1803 2492 κατέστη]

1144 2502 1166 2539 ἰ.
1192 2515 1222 2538 e.
1252 2502 1375 2551 quibus
1404 2502 1550 2537 Samum
1576 2504 1667 2537 retro
1702 2501 1804 2536 nam·-

1143 2559 1314 2606 gaute‘bus
1346 2558 1561 2607 Polycrates,
1593 2569 1668 2593 cum
1697 2556 1806 2593 classi

1143 2616 1277 2650 obviam
1303 2614 1497 2664 profectus>
1523 2614 1692 2664 proelium
1716 2625 1804 2650 com-

1144 2673 1249 2707 misit.
1313 2671 1383 2707 Ubi
1419 2672 1573 2707 observa
1603 2671 1672 2707 vim
1699 2682 1805 2720 prae-

1146 2728 1336 2777 positionis
1361 2723 1459 2764 κατά
1482 2728 1516 2763 in
1538 2727 1648 2764 verbo
1665 2741 1804 2764 κατα-

1146 2782 1310 2821 πλέουσι
1333 2789 1373 2820 ut
1395 2783 1422 2828 l,
1450 2784 1523 2823 165
1553 2789 1590 2820 et
1618 2783 1727 2833 paulo
1746 2783 1802 2819 in-

1145 2840 1199 2877 fra
1220 2840 1256 2877 in
1280 2852 1367 2877 voce
1388 2835 1655 2879 κατιόντων.
