1946 3272
577 204 930 248 THALIA.
988 203 1052 242 111.
1397 210 1454 249 47

151 326 228 380 Ξὲξ
256 325 414 373 ὑέλου,
446 319 594 377 τρόπῳ
624 319 792 375 τοιῷδε.

854 313 984 358 ἐπεὰν
1011 311 1092 357 τὸν
1122 311 1283 366 νεκρὸν
1314 314 1512 371 ἰσχνῄ-35

179 410 304 447 νωσι,
346 396 428 439 εἴτε
459 392 511 448 δὴ
547 388 739 443 κατάπερ
771 385 1029 444 Αἰγύπτιοι,
1070 386 1151 429 εἴτε
1183 382 1323 436 ἄλλως
1356 401 1457 437 κως,

179 466 459 526 γυψώσαντες
487 463 660 506 ἅπαντα
690 459 851 512 αὐτὸν,
888 460 1039 515 γραφῇ
1066 454 1328 512 κοσμέουσι,
1371 455 1459 508 ἐξο·

177 542 397 595 μοιεῦντες
425 535 474 582 τό
507 532 622 585 εἶδος
651 533 694 583 ἐς
718 532 768 576 τὸ
800 529 1011 575 δυνατόν·
1058 528 1201 572 ἔπειτα
1234 526 1280 570 δέ
1314 527 1359 570 οἱ
1386 542 1459 570 πε-

178 612 367 664 ριϊστᾶσι
397 607 558 663 στήλην
588 606 630 658 ἐξ
663 603 795 649 ὑέλου
825 601 1125 657 πεποιημένην
1153 599 1330 654 κοίλην·
1365 596 1457 654 ἡδὲ

149 689 260 736 Βσφι
289 677 429 735 πολλή
459 678 533 723 καὶ
563 675 745 732 εὐεργὸς
782 673 1028 729 ὀρύσσεται.
1087 672 1134 717 ἐν
1173 670 1281 727 μέσῃ
1319 670 1365 714 δὲ
1403 674 1516 726 τῇ4ο

178 752 312 809 στήλῃ
344 750 478 795 ἐνεὼν
517 750 797 804 διαφαίνεται
828 744 851 788 ὁ
882 744 1034 796 νέκυς,
1084 742 1186 788 οὔτε
1219 741 1358 799 ὀδμὴν
1387 740 1460 787 οὕ-

178 826 331 879 δεμίαυ
367 822 524 879 ἄχαριν
561 819 873 876 παρεχόμενος,
926 814 1029 860 οὔτε
1069 813 1175 858 ἄλλο
1208 812 1347 866 ἀεικὲς
1385 811 1458 858 ου’-

179 894 275 940 δὲν·
313 895 388 940 καὶ
417 894 501 950 ἔχει
519 894 662 937 πάντα
681 889 855 949 φανεροὶ
889 887 1051 946 ὁμοίως
1082 885 1202 944 αὐτῷ
1231 890 1293 942 τῷ
1323 886 1459 931 νέκυϊ.

124 1045 470 1096 chaeolog.d.Mahl.
484 1060 521 1097 p.
535 1045 603 1094 57,
614 1045 792 1083 Blumen-

125 1105 227 1142 bach.
263 1105 299 1140 in
332 1105 531 1153 Beytraeg.
566 1117 631 1140 zur
654 1102 793 1139 Natur-

125 1161 247 1209 gesch.
261 1161 292 1197 ΙΙ
326 1174 361 1210 p.
378 1163 478 1208 122)
501 1161 591 1198 haec
608 1160 790 1207 legerem:

122 1217 376 1264 „Pellucidum
408 1217 553 1267 penitus
594 1214 792 1265 sarcopha-

123 1287 210 1323 gum
241 1287 284 1312 ex
318 1287 389 1310 uno
425 1273 549 1324 lapide
577 1272 793 1310 alabastrite

123 1331 346 1376 consectum,
386 1330 474 1380 ipsis
503 1330 642 1368 Thebis
667 1329 793 1378 Aegy-

123 1387 251 1438 ptiacis
271 1400 291 1425 e
322 1386 488 1437 sepulcro
516 1399 634 1437 nuper
663 1386 793 1422 admo-

126 1445 211 1481 dum
233 1445 327 1482 eruit
347 1444 521 1491 Belzoni,
551 1449 592 1482 ut
610 1444 690 1493 ipse
712 1443 793 1492 qui-

125 1501 211 1538 dem
238 1501 450 1551 perscripsit
479 1502 517 1538 in
554 1499 710 1551 epistola
743 1499 792 1537 ad

122 1557 351 1595 Viscontium
375 1558 462 1594 data
481 1558 627 1605 (Journ.
646 1557 682 1594 d.
696 1556 790 1594 Deb.

126 1616 181 1656 30
198 1614 305 1651 Mart.
328 1616 467 1663 1818).
500 1614 607 1658 Quae
618 1627 675 1651 res
688 1627 792 1650 num-

127 1671 217 1720 quid
247 1671 295 1707 ad
327 1671 582 1709 Herodoteum
616 1671 638 1709 l.
671 1671 794 1717 faciat,

126 1740 201 1764 non
223 1727 393 1764 decerno.
427 1728 474 1765 Et
493 1727 574 1777 lege
593 1740 689 1777 quae
701 1727 794 1764 hanc

128 1784 165 1821 in
182 1797 257 1821 rem
276 1785 443 1822 modeste
461 1785 634 1822 dubitans
654 1784 795 1821 monuit

126 1840 285 1878 Iomard.
309 1842 346 1878 in
365 1841 494 1878 Journ.
515 1842 562 1879 de
585 1842 669 1879 Sav.
686 1842 794 1882 1818

127 1910 174 1934 m.
194 1896 281 1935 Mai.
305 1910 390 1948 pag.
415 1900 496 1939 310
518 1911 622 1947 seqq.
661 1897 796 1946 Neque

126 1953 243 2002 magis
263 1954 380 1991 dicam
402 1955 448 1992 de
468 1953 702 1992 Alabastrite.
733 1954 794 1992 Tu

125 2011 196 2048 vid.
216 2010 309 2048 Plin.
329 2011 378 2048 H.
397 2011 446 2049 N.
468 2011 605 2059 XXVI,
625 2012 663 2058 8,
686 2013 739 2053 12
760 2015 795 2048 et

126 2066 232 2104 Hillii
264 2068 373 2105 Obss.
403 2068 528 2118 physs.
561 2073 598 2105 et
626 2068 720 2105 critt.
747 2068 796 2104 ad

128 2123 377 2174 Theophrast.
397 2124 457 2162 De
478 2124 611 2175 lapidd.
633 2137 719 2175 pag.
740 2123 794 2166 45

128 2183 233 2230 seq.“
265 2181 374 2219 Nune
388 2186 427 2219 tu
447 2182 559 2219 adeas
581 2182 697 2232 ipsum
711 2181 798 2219 Bel-

128 2250 211 2274 zon.
232 2238 269 2275 in
299 2238 487 2276 itinerario
512 2238 662 2276 eximias
692 2239 797 2275 huius

127 2294 340 2344 sarcophagi
358 2296 506 2332 virtutes
526 2296 798 2346 praedicantem

128 2351 301 2400 (Voyage
320 2365 365 2389 en
389 2352 525 2403 Egypt.
553 2357 590 2390 et
609 2366 654 2390 en
674 2351 798 2391 Nubie

128 2408 268 2444 traduit
286 2422 352 2458 par
362 2409 551 2459 Depping.
571 2410 674 2446 Paris
690 2410 797 2451 1821

131 2464 174 2501 Τ.
196 2464 210 2500 Ι
233 2478 269 2515 p.
290 2467 373 2506 380
396 2467 546 2515 seqq),
585 2466 647 2503 ubi
681 2467 796 2516 potis—

132 2520 258 2558 simum
281 2521 371 2559 haec
382 2524 523 2560 attendi
540 2522 704 2560 volumus
716 2536 796 2561 ver-

133 2576 200 2614 ba:
239 2577 299 2624 „il
321 2584 376 2617 est
403 2580 471 2616 fait
494 2581 544 2616 du
562 2580 647 2631 plus
669 2579 721 2616 bel
740 2580 796 2617 al-

133 2631 231 2669 bat-re
250 2635 420 2673 oriental:
450 2636 600 2686 n’ayant
614 2649 687 2686 que
699 2637 796 2675 deux

134 2702 268 2739 pouces
296 2692 542 2743 d'epaisseur‚
592 2693 615 2730 il
647 2694 797 2733 devient

134 2749 366 2797 tramparent,
387 2751 514 2799 quand
530 2763 576 2787 on
600 2750 704 2801 place
727 2765 797 2790 une

134 2802 284 2841 lumiere
298 2805 456 2847 derriere
468 2820 539 2845 une
550 2808 615 2845 des
635 2809 798 2858 parois.“

135 2859 313 2904 —Quem
324 2864 590 2914 sarcophagum
601 2877 698 2903 nune
709 2867 799 2904 satis

850 1046 993 1080 constat
1022 1041 1057 1078 in
1085 1054 1212 1079 museo
1234 1041 1414 1078 asservari
1435 1040 1519 1078 Bri-

849 1099 1007 1137 tannico.
1039 1099 1147 1136 Cons.
1167 1098 1328 1137 Heeren.
1345 1097 1366 1135 l.
1388 1097 1410 1136 l.
1426 1098 1472 1145 11,
1490 1100 1517 1138 2

849 1169 935 1207 pag.
958 1157 1040 1196 267
1060 1160 1138 1192 not.

907 1208 1029 1251 ἐπεάν
1057 1209 1126 1250 τόν
1156 1207 1297 1260 νεκρὸν
1325 1208 1519 1266 ἰσχνήνω-

851 1268 907 1320 σι]
940 1269 962 1307 i.
983 1282 1014 1306 e.
1036 1269 1174 1320 quando
1193 1269 1347 1306 cadaver
1364 1269 1520 1320 arefece-

849 1329 932 1364 rint.
973 1326 1084 1370 Quod
1109 1327 1157 1363 ad
1180 1327 1418 1377 septuaginta
1439 1327 1519 1364 illos

849 1385 928 1422 dies
948 1383 1078 1434 opinor
1106 1388 1269 1434 spectat,
1309 1384 1356 1422 de
1386 1384 1519 1433 quibus

850 1453 963 1491 supra
988 1440 1035 1486 ΙΙ,
1062 1442 1130 1488 86,
1149 1441 1210 1478 ubi
1230 1442 1325 1478 conf.
1349 1445 1444 1479 nott.
1463 1462 1517 1468 —

849 1499 1014 1550 γυψοῦν
1053 1503 1130 1536 est:
1188 1511 1303 1549 gypso
1346 1498 1519 1536 obducere.

850 1555 912 1594 Tu
936 1554 1008 1592 vid.
1029 1555 1234 1603 Boettiger.
1257 1555 1279 1593 l.
1299 1555 1324 1593 l.

909 1614 1048 1667 γραφῇ
1065 1610 1296 1663 κοσμέουσι]
1311 1613 1333 1651 ι’.
1348 1626 1379 1652 e.
1392 1611 1521 1664 ,‚(c0r-

849 1682 918 1720 pus
940 1682 1058 1720 gypso
1076 1669 1296 1719 obductum)
1302 1670 1453 1720 picturct
1467 1672 1522 1709 ita

851 1730 1044 1772 exornant,
1085 1730 1127 1763 ut
1146 1729 1292 1777 speciem
1314 1740 1420 1777 quam
1444 1739 1521 1764 ma-

851 1785 945 1819 xime
968 1783 1114 1821 similem
1143 1787 1222 1821 vivo
1248 1785 1384 1835 referat
1414 1798 1443 1822 s.
1473 1783 1523 1821 ad

851 1841 928 1877 veri
957 1853 1000 1877 ac
1024 1843 1103 1878 vivi
1129 1843 1280 1891 corporis
1313 1841 1522 1879 similitudi-

851 1909 925 1933 nem
947 1911 1052 1947 quam
1068 1901 1229 1948 proxime
1249 1899 1418 1948 accedat,
1459 1898 1521 1935 ‹le-

851 1953 932 1990 inde
955 1967 1082 1992 cavam
1113 1957 1146 1992 ei
1171 1955 1393 1993 circumdant
1424 1955 1523 1992 colu-

853 2023 969 2048 mnam
991 2025 1035 2049 ex
1058 2014 1151 2049 vitro
1179 2012 1421 2062 consectam.“
1461 2012 1522 2051 Tu

853 2070 951 2106 conf.
975 2068 1022 2115 II,
1047 2070 1100 2110 86
1131 2073 1169 2108 et
1199 2071 1246 2108 ad
1272 2083 1398 2107 vocem
1427 2085 1521 2121 γρα-

854 2127 915 2178 φῇ
940 2125 986 2172 ΙΙ,
1008 2127 1073 2166 73.
1097 2127 1162 2166 78.
1182 2148 1238 2155 -·-
1269 2121 1399 2174 οἷεικὲς
1428 2128 1466 2172 (i.
1488 2139 1522 2164 e.

852 2181 1047 2231 molestum,
1077 2185 1275 2231 ingratum)
1296 2184 1428 2222 eodem
1445 2184 1523 2222 fere

855 2252 988 2286 sensu,
1017 2253 1090 2289 quo
1107 2240 1172 2287 ΙΙΙ,
1191 2242 1257 2281 33.

911 2295 977 2335 καὶ
1000 2295 1076 2347 ἔχει
1096 2292 1229 2336 πάντα
1247 2293 1421 2348 φανερά]
1446 2298 1470 2336 ἰ.
1489 2310 1522 2336 e.

855 2353 1042 2401 „columna
1063 2357 1179 2392 omnia
1193 2355 1386 2406 manifesta
1404 2368 1524 2392 scon-

854 2412 978 2460 spicua
1009 2411 1111 2448 hahet
1140 2414 1233 2449 sicut
1264 2415 1382 2462 ipsum
1414 2411 1525 2449 cada-

853 2469 975 2514 ver‚“
1019 2473 1059 2505 ut
1081 2469 1204 2506 reddit
1220 2469 1429 2519 Schweigh.
1454 2469 1524 2508 hoc

853 2525 1040 2572 adiiciens,
1059 2527 1214 2563 mumias
1226 2525 1429 2577 Aegyptias
1448 2538 1523 2563 non

853 2581 922 2618 nisi
934 2582 1116 2620 anteriore
1126 2587 1231 2634 parte
1243 2584 1401 2634 conspici
1413 2587 1522 2633 potu-

851 2638 937 2685 isse,
970 2651 1083 2688 quum
1107 2640 1254 2677 dorsum
1280 2639 1404 2678 arcula
1425 2643 1524 2677 esset

853 2699 1003 2742 tectum,
1023 2695 1092 2734 hoe
1103 2709 1189 2734 vero
1200 2698 1358 2736 cadaver
1370 2697 1467 2735 omni
1478 2708 1523 2733 ex

854 2757 980 2803 parte,
1015 2756 1051 2790 et
1071 2755 1266 2803 posteriori
1293 2759 1330 2793 et
1348 2752 1523 2791 anteriori

855 2809 1091 2860 conspicuum
1115 2811 1228 2849 fuisse
1249 2812 1295 2848 ob
1318 2810 1523 2848 columnam

854 2867 1030 2914 vitream,
1068 2867 1107 2906 in
1129 2867 1203 2917 qua
1227 2867 1404 2906 inclusum
1431 2868 1523 2913 erat,
