1863 3256
435 149 519 190 :310
837 149 1313 188 HERODOTI

408 257 604 301 Βὲνδεκα.
662 259 688 314 ἡ
728 258 774 301 δὲ
813 257 1059 312 κατύπερθε
1099 256 1268 300 τούτων
1312 255 1470 313 ἐρῆμός
1507 255 1596 300 ἐστι
1631 256 1704 300 ἐπὶ

437 326 615 371 πολλόν.
678 328 782 383 μετὰ
806 329 852 371 δὲ
872 327 953 383 τὴν
983 328 1147 384 ἐρῆμον
1171 325 1468 385 Ἀνδροφάγοι
1493 325 1702 381 οἰκέουσι,
1713 331 1758 368 95

409 398 573 449 4ἔθνος
621 398 697 442 ἐόν
736 401 854 442 ἰ’διον
894 399 967 442 καὶ
1009 396 1214 453 οὐδαμῶς
1253 398 1497 443 Σκυθικόν.
1565 396 1615 440 τὸ
1656 397 1704 441 δὲ

437 467 608 512 τούτων
627 469 896 523 κατύπερθε,
929 468 1087 524 ἐρῆμος
1116 468 1199 525 ἤδη
1229 466 1446 526 α’ληθὲως,
1477 469 1552 512 καὶ
1574 469 1706 520 ἔθνος

311 538 375 583 19
434 538 687 594 ἀνθρώπων
717 538 874 589 οὐδὲν,
915 538 1022 584 ὅσον
1051 538 1175 596 ἡμεῖς
1210 540 1349 594 ἴδμεν.
1413 539 1471 582 Τὸ
1511 538 1557 583 δὲ
1597 539 1707 594 πρὸς

105 601 384 672 (ἔξξξὲυῗῖῗὴξξῑ,
441 611 522 666 τήν
563 610 618 653 ἔω
656 613 864 665 γεωργῶν
902 610 1071 654 τούτων
1100 611 1340 663 Σκυθέων,
1388 609 1589 666 διαβάντι
1627 609 1708 654 τὸν

105 669 383 743 ἱῃᾶξιῗᾰρςῗοξῖῧῖῗ
443 679 731 736 Παντικάπην
764 680 988 736 ποταμὸν,
1033 679 1237 736 Νομάδες
1274 680 1356 737 ἤδη
1399 680 1580 725 Σκύθαι
1618 680 1734 724 νέ-1

105 737 317 809 0¹2³r¹ssi1¹fissss⁰ss¹0
335 740 384 796 ‘32
440 767 617 807 μονται,
664 749 765 794 οὔτε
795 767 836 794 τι
865 752 1115 804 σπείροντες
1144 749 1298 803 οὐδὲν,
1339 751 1440 795 οὔτε
1468 751 1706 806 ἀροῦντες·

106 804 306 865 ῗιῗιιΙᾶῑῑιῖὲΝ
340 812 382 831 '²'
440 819 543 876 ψιλή
575 820 621 863 δὲ
650 820 864 876 δενδρέων
892 826 1011 865 πᾶσα
1041 821 1152 878 αὕτη
1171 825 1250 877 γῆ,
1279 821 1394 877 πλὴν
1416 826 1492 878 τῆς
1516 821 1703 879 Ὑλαίης.

409 892 486 934 2οἱ
534 891 580 934 δὲ
619 890 825 947 Νομάδες
865 887 990 936 οὗτοι
1029 892 1078 934 τὸ
1119 891 1229 946 πρὸς
1264 891 1345 948 τὴν
1384 892 1464 944 ἔω,
1512 891 1710 949 ἡμερέων

435 961 650 1017 τεσσέρων
681 963 755 1006 καὶ
786 963 892 1007 δέκα
921 961 1056 1015 ὁδόν,
1094 961 1301 1019 νέμονται
1330 961 1477 1020 χώρην
1506 964 1707 1008 κατατεί-

382 1106 460 1132 rum
493 1100 593 1132 terra
626 1094 774 1133 minime
806 1097 916 1135 fuerit
949 1096 1044 1136 culta

381 1152 535 1201 ipsaque
561 1151 621 1189 illa
648 1152 796 1189 deserta
824 1153 893 1191 illic
920 1154 1044 1193 incoe-

382 1207 514 1258 perint,
538 1219 611 1256 quo
630 1208 798 1245 undecim
817 1210 957 1248 dierum
978 1223 1043 1249 na-

382 1264 588 1312 vigatione,
626 1264 780 1302 adverso
801 1266 1043 1316 Borysthene,

381 1320 563 1371 perveniri
581 1321 750 1370 potuerit.

442 1372 537 1426 μετὰ
558 1374 600 1415 δὲ
620 1372 694 1427 τήν
715 1376 867 1428 ἐρῆμον
883 1372 1045 1429 Ἀνδρο-

385 1428 509 1485 φάγοι
532 1431 722 1484 οἰκέουσι]
754 1434 811 1472 De
829 1435 1045 1485 Andropha-

384 1491 444 1538 gz‘s
470 1490 565 1526 conf.
597 1489 666 1536 ΙΨ,
713 1492 806 1531 100.
840 1493 918 1532 106
955 1492 1042 1541 ibiq.

376 1550 474 1583 nott.
541 1545 581 1582 In
629 1545 808 1594 gubernio
848 1547 1045 1586 Smolensk

382 1606 532 1650 gentem
556 1601 741 1639 habitasse
759 1604 864 1653 ponit
883 1604 1043 1642 Heeren.

384 1660 411 1704 1,
431 1661 457 1698 2
483 1671 568 1708 pag.
589 1660 686 1705 277,
711 1671 778 1696 nec
797 1659 906 1697 valde
926 1661 1044 1698 disce-

385 1715 501 1760 dunt,
539 1727 633 1763 quae
672 1716 719 1752 de
760 1716 906 1753 sedibus
940 1716 1045 1753 huius

383 1772 504 1820 gentis
524 1771 649 1807 statuit
665 1771 861 1809 Reichard.
879 1772 900 1810 l.
921 1773 942 1810 l.
959 1786 1045 1823 pag.

386 1828 451 1867 58.
494 1826 650 1865 Renuel.
673 1827 694 1864 l.
718 1827 740 1864 l.
769 1841 855 1878 pag.
885 1827 966 1870 414
998 1830 1046 1866 ad

385 1884 500 1934 ripam
533 1884 632 1920 fluvii
653 1884 812 1934 Prypetz
841 1886 876 1922 in
905 1887 1048 1923 Russo-

385 1953 463 1976 rum
488 1939 643 1977 Polonia
666 1940 938 1991 Androphagos
971 1942 1046 1979 col-

385 1996 507 2042 locat,
569 1997 737 2045 adeoque
784 1999 820 2034 in
869 1999 1046 2047 gubernio

386 2052 522 2088 Minsk.
572 2052 621 2088 Et
649 2065 737 2090 sane
769 2055 816 2090 ad
845 2054 939 2092 hanc
962 2068 1046 2092 sen-

386 2109 540 2146 tentiam
563 2109 695 2146 ducere
719 2110 861 2147 videtur
879 2110 972 2149 alter
992 2111 1046 2147 lo-

387 2177 449 2201 cus
473 2165 534 2212 ΙΨ,
563 2167 652 2204 100.

595 2255 706 2305 cap.
738 2256 836 2293 xix.

446 2328 632 2382 Νομάδες
670 2331 750 2384 ἤδη
787 2331 948 2373 Σκύθαι
984 2334 1047 2375 νέ-

389 2402 527 2437 μονται
550 2403 584 2426 κ.
611 2404 642 2426 τ.
665 2388 713 2439 t]
754 2390 961 2428 Reichardo
985 2405 1050 2429 au-

388 2448 488 2481 ctore
510 2458 594 2494 pag.
621 2448 673 2486 28
705 2448 892 2494 regionem
925 2448 1051 2485 deser-

389 2504 485 2547 tam,
524 2514 617 2549 quae
649 2514 744 2538 nunc
770 2502 936 2551 Nogaz'ca
964 2504 1051 2541 dici-

388 2561 448 2593 tur
461 2585 472 2602 ,
519 2557 555 2593 hi
606 2556 796 2596 Nomades
846 2565 1048 2597 tenuerunt,

390 2612 491 2649 Idem
530 2614 658 2650 statuit
697 2615 865 2653 Volcker.
934 2616 1049 2664 Myth.

389 2668 528 2718 Geogr.
539 2683 574 2719 p.
594 2671 681 2710 180.
695 2692 739 2696 —
751 2672 808 2710 De
821 2672 966 2721 Hylaea
978 2673 1051 2710 vid.

389 2730 480 2762 nott.
511 2726 558 2762 ad
582 2726 656 2772 ΙΨ,
690 2728 736 2773 9;
775 2729 822 2766 de
854 2728 1052 2779 Panticape

389 2786 480 2819 nott.
499 2783 548 2819 ad
571 2782 633 2828 ΙΨ,
654 2781 719 2825 54.

1156 1095 1339 1149 ἡμερέων
1358 1095 1554 1149 τεσσέρων
1581 1095 1648 1137 καὶ
1669 1094 1766 1136 δέκα

1100 1150 1215 1204 ὁδὸν]
1264 1154 1419 1192 Rennel.
1450 1154 1472 1191 l.
1500 1154 1521 1191 l.
1550 1166 1636 1206 pag.
1666 1153 1765 1201 407,

1099 1223 1256 1260 quocum
1284 1211 1372 1247 facit
1402 1210 1521 1258 Mi0t‚
1561 1210 1652 1248 alter
1675 1209 1766 1247 Gal-

1099 1267 1155 1305 lus
1186 1267 1368 1304 Herodoti
1408 1268 1618 1318 interpres,
1668 1266 1767 1303 hunc

1100 1324 1313 1361 diurnorum
1357 1323 1527 1361 itinerum
1573 1335 1765 1360 numerum

1102 1392 1182 1418 esse
1205 1380 1361 1430 probum
1390 1385 1525 1429 negat,
1574 1392 1654 1416 cum
1673 1379 1766 1428 Scy-

1100 1436 1187 1474 thae
1218 1436 1333 1485 regii,
1375 1436 1522 1474 accolae
1553 1435 1765 1482 nomadum,

1100 1504 1123 1529 a
1143 1493 1274 1542 quibus
1297 1504 1372 1529 non
1393 1493 1462 1530 nisi
1483 1491 1627 1530 Gerrho
1656 1504 1767 1542 sepa-

1102 1549 1171 1586 rati
1199 1549 1289 1595 sint,
1329 1549 1516 1587 meridiem
1546 1560 1672 1586 versus
1703 1560 1767 1585 us-

1103 1617 1175 1654 que
1208 1605 1257 1641 ad
1275 1603 1471 1642 Tauricam
1494 1604 1767 1642 Chersonesum

1102 1660 1184 1709 (IV,
1205 1662 1278 1709 20)
1298 1661 1483 1711 pertinere
1501 1661 1689 1708 dicantur,
1715 1660 1768 1699 ita

1102 1722 1140 1754 ut
1160 1729 1181 1754 a
1203 1717 1456 1767 Borysthene,
1494 1729 1516 1754 a
1540 1718 1641 1754 cuius
1672 1717 1767 1754 ostio

1103 1774 1180 1811 fere
1223 1774 1347 1823 incipit
1386 1774 1662 1819 Chersonesus,
1709 1785 1769 1810 se·

1102 1829 1311 1880 ptendecim
1331 1830 1470 1867 dierum
1491 1831 1619 1867 itinere
1636 1830 1768 1866 remoti

1104 1898 1184 1923 esse
1207 1892 1404 1934 nequeant.
1453 1886 1578 1930 Quare
1599 1889 1768 1935 quatuor-

1105 1942 1214 1979 decim
1249 1942 1389 1979 dierum
1428 1942 1499 1979 iter
1536 1942 1573 1979 in
1619 1945 1769 1992 quatuor

1104 1999 1243 2036 dierum
1257 1999 1325 2035 iter
1337 2000 1462 2035 forsan
1473 1999 1769 2036 commutandum

1106 2067 1185 2093 esse
1203 2055 1406 2105 suspicatur
1425 2069 1460 2105 p.
1473 2055 1568 2096 409.
1597 2056 1639 2092 In
1657 2067 1769 2104 quam

1105 2112 1260 2149 eandem
1322 2112 1541 2149 sententiam
1597 2112 1771 2149 observat

1105 2180 1252 2217 quoque
1270 2167 1466 2205 Reichard.
1493 2168 1516 2205 l.
1537 2167 1561 2204 l.
1592 2179 1677 2218 pag.
1700 2169 1770 2214 27,

1106 2236 1312 2261 mensuram
1334 2224 1473 2261 dierum
1492 2223 1769 2273 quatuordecim

1106 2281 1153 2317 ab
1184 2281 1372 2317 occidente
1404 2281 1452 2317 ad
1480 2280 1656 2317 orientem
1688 2291 1769 2317 esse

1106 2336 1303 2382 maiorem,
1334 2348 1442 2384 quam
1467 2348 1563 2385 quae
1586 2349 1605 2373 e
1626 2335 1768 2386 mappis

1106 2392 1363 2441 geographicis
1381 2393 1470 2428 sumi
1492 2397 1624 2440 queat·‚
1663 2392 1769 2429 item-

1107 2461 1179 2497 que
1204 2447 1371 2484 Viilcker.
1388 2447 1411 2483 l.
1433 2447 1454 2483 l.
1476 2461 1562 2498 pag.
1583 2450 1662 2489 180
1683 2460 1769 2498 spa-

1108 2505 1198 2541 tium
1219 2504 1492 2552 quatuordecim
1515 2506 1655 2541 dierum
1683 2516 1770 2541 con-

1108 2560 1232 2597 venire
1251 2565 1383 2608 negat3
1415 2561 1467 2597 ita
1484 2566 1522 2597 ut
1538 2560 1593 2598 vel
1611 2573 1769 2598 errorem

1108 2616 1146 2652 in
1173 2617 1227 2652 his
1251 2617 1402 2654 subesse
1425 2621 1626 2654 statuamus
1645 2628 1770 2654 neces-

1111 2685 1149 2709 se
1170 2673 1237 2720 sit,
1280 2672 1335 2709 vei
1358 2673 1428 2709 alia
1451 2679 1550 2712 certe
1578 2674 1770 2722 minusque

1111 2728 1215 2765 solita
1252 2741 1420 2766 mensura
1448 2729 1630 2768 Nostrum
1667 2742 1769 2767 usum

1112 2797 1192 2823 esse
1213 2798 1406 2836 ponamus-
