1863 3256
57 663 155 708 153

610 116 964 158 THALIA.

1025 117 1089 155 111.
1395 123 1478 163 233

179 232 352 283 Ξπάσας
382 228 577 288 μηχανὰς
607 227 858 283 ἐπεποιήκεε
893 227 935 278 ἐς
969 225 1132 276 αὐτούς
1162 230 1360 279 Δαρεῖος.
1392 228 1479 273 ἀλλ’

208 302 312 347 οὐδ’
344 301 404 353 ὥς
433 301 614 345 ἐδύνατο
645 299 758 342 ἑλεῖν
789 297 938 352 σφέας,
962 297 1133 340 ἄλλοισί
1162 313 1205 340 τε
1238 301 1480 353 σοφίσμασι

204 373 539 429 πειρησάμενος,
578 371 649 413 καὶ
700 370 752 426 δή
795 370 868 412 καὶ
909 373 969 426 τῷ
1012 372 1162 421 Κῦρος
1207 366 1288 411 εἷλέ
1331 381 1481 423 σφεας,

176 446 282 488 Ξκαὶ
319 442 461 500 τούτῳ
509 440 732 497 ἐπειρήθη.

203 519 426 572 φυλακῇσι
470 515 514 557 οἱ
543 511 848 569 Βαβυλώνιοι,

201 587 322 631 ἑλεῖν.

199 799 280 843 τὸν
317 797 482 855 ΝΙάγον
523 798 820 850 κατελόντων,

200 870 403 929 Ζωπύρῳ
447 870 616 926 ἐγένετο
661 870 786 925 τέρας
826 870 949 916 τόδε·

740 940 800 995 ὥς
839 943 884 986 δέ
917 945 961 987 οἰ
999 941 1256 998 ἐξαγγέλθη,
1288 941 1360 984 καὶ
1389 939 1478 984 ὑπὸ
1492 949 1538 982 10

170 950 191 983 2
202 941 402 999 ἡμιόνων
435 944 514 998 μία
552 941 678 986 ἔτεκε.

351 1115 382 1152 c
396 1128 463 1166 ap.
494 1115 606 1153 CLu.

197 1195 431 1249 ἐπεποιήκεε
457 1199 496 1246 ἐς
525 1193 698 1252 τιν’τοῦς]
748 1202 807 1240 De

141 1261 323 1294 structura
334 1257 437 1294 verbi
454 1260 585 1296 ποιεῖν
604 1271 683 1295 cum
699 1271 807 1309 prae-

137 1315 322 1365 positione
342 1313 382 1360 ἐς
400 1316 496 1351 conf.
514 1314 540 1361 1,
561 1312 626 1354 41.
649 1315 712 1362 ΙΙΙ,
739 1317 804 1356 49.

138 1393 194 1398 -—
221 1370 280 1407 Ad
309 1366 403 1410 οὐδ’
432 1367 483 1416 ὥς
510 1372 547 1407 in
577 1383 681 1421 seqq.
710 1374 804 1410 conf.

137 1426 200 1471 ΙΙΙ,
223 1430 285 1468 13.
313 1430 405 1469 109.
453 1428 511 1465 Ad
539 1441 642 1478 seqq.
666 1443 807 1479 πειρη-

140 1479 314 1535 σάμενος
346 1500 382 1523 κ.
413 1499 444 1522 τ.
478 1487 512 1522 λ.
563 1487 636 1523 vid.
669 1486 803 1524 Matth.

138 1541 204 1578 Gr.
230 1542 294 1580 Gr.
316 1544 470 1593 p.930.
495 1544 611 1582 1316

198 1625 340 1672 δεινῶς
369 1627 474 1675 ἦσαν
503 1625 544 1666 ἔν
576 1628 802 1681 φυλακῆσι]

136 1684 243 1733 ’ἦσαν
267 1697 287 1721 e
313 1683 475 1733 pluribus
506 1684 605 1720 libris
634 1698 738 1721 rex-co
742 1686 800 1721 axi

137 1753 219 1777 cum
241 1740 358 1777 Gaisf.
388 1746 424 1778 et
448 1740 582 1777 Matth.
609 1755 676 1790 pro
706 1741 800 1790 vulg.

136 1795 245 1836 ἔσαν.
294 1797 432 1834 Sensus
456 1804 530 1834 est:
561 1799 715 1834 studmse
739 1812 801 1834 cu-

137 1854 273 1890 stodias
305 1855 472 1902 agebant.
539 1855 654 1892 Haud
685 1856 798 1892 infre-

135 1923 253 1960 quens
276 1911 377 1960 apud
403 1910 582 1948 =Nostrum
607 1910 649 1950 ἐν
675 1915 800 1961 φυλα-

135 1969 190 2022 κῇ
200 1966 315 2017 ἔχειν,
328 1981 356 2004 ε.
371 1971 502 2016 φυλακ
512 1965 559 2018 ἠν
574 1967 674 2017 ἔχειν
687 1985 697 2017 ,·
712 1970 800 2015 vid„

136 2037 229 2073 quos
269 2024 388 2062 attulit
422 2025 523 2062 locos
553 2026 726 2075 Schwgh.
762 2026 800 2062 in

134 2080 226 2119 Lex.
246 2081 386 2119 Herod.

328 2172 359 2209 C
373 2185 393 2210 a
406 2186 442 2224 p.
475 2171 605 2210 CL111.

193 2247 394 2304 Ζωπύρῳ]
427 2251 575 2290 Nomen
598 2252 739 2302 Zopyri
760 2253 799 2289 in

133 2307 326 2345 Persarum
348 2310 457 2346 rebus
481 2309 719 2346 decantatum
740 2310 799 2346 di-

133 2364 181 2401 cit
191 2364 342 2402 Dorvill.
364 2366 414 2402 ad
425 2366 566 2402 Charit.
579 2379 614 2415 p.
629 2367 798 2412 472‚ubi

134 2420 182 2458 de
201 2422 355 2459 nominis
373 2422 506 2460 Graeci
524 2423 665 2460 ratione
684 2436 798 2472 quae·

134 2477 193 2513 rit.
212 2477 292 2515 Nec
307 2478 458 2516 meliora
477 2479 599 2516 attulit
611 2479 800 2543 Bochart„

135 2545 244 2581 quem
277 2534 404 2572 laudat
434 2536 468 2572 in
495 2536 545 2572 Hi
534 2537 703 2573 nerozoic.
734 2536 799 2584 ΙΙΙ,

138 2590 186 2629 11
210 2603 245 2639 p
258 2590 350 2632 414.
369 2613 424 2620 —
445 2591 648 2643 Megabyzi
665 2605 799 2631 nomeu

135 2643 266 2693 legitur
289 2659 437 2698 quoque
454 2649 517 2696 ΙΙΙ,
540 2652 618 2691 160
641 2653 677 2687 et
699 2650 799 2700 apud

134 2701 298 2739 Ctesiam
320 2703 438 2742 Perss.
464 2705 651 2757 Excerptt.
674 2703 711 2756 ἓ
732 2709 799 2747 22.

135 2759 202 2799 33.
234 2758 333 2797 Alibi
350 2761 520 2800 scribitur
540 2758 798 2816 Μεγάβαζος,

308 655 555 703 Ἐνθαῦτα,
594 657 777 711 εἰκοστῷ
809 656 936 710 μηνὶ,
981 655 1184 714 Ζωπύρῳ
1224 659 1286 710 τῷ
1327 657 1478 708 Astya-

200 728 340 785 βύζου
369 727 556 780 τούτου,
602 727 650 778 ὃς
690 731 778 770 τῶν
820 727 926 771 ἑπτὰ
965 726 1142 781 ἀνδρῶν
1183 725 1350 781 ἐγένετο
1388 729 1476 768 τῶν

802 439 911 484 αλλοέ
951 441 1036 496 γάρ
1082 443 1235 491 δεινῶς
1275 441 1388 496 ἡσαν
1433 440 1511 482 ἐιό

893 510 998 557 οὐδὲ
1038 525 1174 568 σφεας
1213 509 1307 563 οἶός
1348 528 1391 555 τε
1428 527 1484 567 ην

860 797 1003 858 τούτῳ
1042 797 1313 854 ΛΙΙεγαβύζου
1354 797 1478 839 παιὸι

1000 875 1086 914 τῶν
1136 871 1178 913 οἱ
1222 866 1479 923 σιτοφόρων

866 1118 912 1155 de
925 1129 997 1167 qua
1010 1115 1210 1166 scripturae
1220 1115 1434 1153 diversitate
1444 1128 1534 1152 con-

864 1175 919 1212 fer
930 1176 978 1211 sis
991 1173 1130 1210 Duker.
1154 1172 1200 1208 ad
1222 1172 1432 1221 Thucydd,
1456 1173 1533 1212 109

866 1236 903 1269 et
940 1230 1171 1282 potissimum
1203 1229 1454 1267 Hemsterhus.
1486 1229 1534 1265 ad

862 1287 1016 1325 Lucian.
1038 1286 1159 1322 Tim.1
1181 1300 1217 1337 p.
1231 1288 1312 1327 383
1331 1287 1414 1336 Bip.
1435 1285 1535 1322 Dor-

862 1344 934 1381 vill.
966 1345 1014 1381 ad
1043 1344 1182 1380 charit.
1207 1345 1228 1380 l.
1251 1345 1272 1380 l.
1299 1343 1532 1380 Perizonium

863 1402 913 1438 ad
927 1399 1124 1439 Aelian.V.
1140 1400 1189 1436 H.
1212 1400 1258 1446 ΙΙ,
1280 1403 1315 1441 2.
1340 1400 1532 1448 Frequens

864 1459 961 1496 enim
992 1458 1062 1494 hoc
1098 1470 1234 1494 nomen
1270 1457 1306 1493 in
1336 1456 1531 1493 Persarum

863 1516 1044 1566 reperitur
1063 1513 1228 1560 historia,
1245 1513 1443 1565 pluresque
1463 1514 1531 1548 du-

862 1585 922 1610 ces
946 1573 996 1608 ita
1024 1578 1222 1615 vocantur,
1255 1583 1298 1608 ex
1329 1571 1441 1619 stirpe
1466 1583 1532 1605 no-

862 1629 1026 1666 biiissimi
1065 1627 1158 1664 illius
1195 1626 1417 1676 Megabyzi,
1468 1627 1531 1674 qui

860 1691 1002 1749 septem
1053 1685 1147 1721 inter
1195 1686 1408 1721 coniuratos
1448 1684 1531 1728 suit,

858 1743 1003 1793 opinor,
1034 1740 1189 1778 oriundi.

917 1795 960 1845 ὃς
978 1801 1056 1837 τῶν
1078 1794 1175 1837 ἓπτᾶ
1198 1792 1358 1848 ἅνδρωι
1379 1810 1416 1834 κ.
1432 1810 1463 1834 τ.
1476 1795 1525 1845 λ.]

859 1856 969 1893 Conf.
991 1855 1056 1900 ΙΙΙ,
1080 1858 1146 1896 70.

916 1908 1102 1963 ἡμιόνων
1130 1910 1201 1961 μία
1232 1909 1351 1962 ἔτεκε]
1383 1911 1525 1948 Eadem

858 1970 1006 2007 Ctesias
1034 1968 1057 2005 Ι.
1083 1969 1105 2005 Ι.
1138 1967 1175 2019 §-
1205 1970 1268 2010 22.
1336 1970 1388 2005 Ac
1413 1973 1526 2016 negat

857 2025 1072 2064 Aristoteles
1099 2026 1148 2062 H.
1178 2027 1220 2062 A.
1252 2025 1310 2071 VI,
1340 2024 1404 2066 24.
1437 2037 1524 2074 pag.

860 2085 942 2125 882
976 2084 1060 2133 Bip.
1090 2081 1222 2119 mulam
1266 2094 1426 2131 unquam
1459 2094 1526 2130 pe-

857 2141 1007 2191 perisse,
1037 2139 1136 2176 unde
1158 2152 1232 2176 non
1254 2140 1397 2183 mirum,
1424 2137 1526 2187 apud

856 2204 1000 2234 veteres
1028 2196 1101 2233 hoc
1124 2197 1154 2232 si
1182 2196 1368 2242 acciderit,
1398 2194 1525 2245 prodi-

857 2254 907 2303 gii
929 2254 1009 2290 loco
1033 2253 1146 2290 fuisse
1175 2253 1355 2289 habitum.
1414 2251 1524 2288 conf.

857 2311 952 2347 Plin.
981 2310 1031 2346 H.
1057 2309 1107 2346 N.
1137 2309 1238 2355 Vm,
1266 2311 1332 2350 44.
1372 2309 1525 2346 Praeter

854 2367 1024 2404 Bochart.
1046 2366 1195 2403 Hieroz.
1217 2367 1326 2411 11,2o
1348 2365 1468 2402 omnia
1488 2369 1526 2402 et

855 2429 1018 2462 veterum
1043 2427 1079 2460 et
1096 2423 1338 2460 recentiorum
1357 2422 1525 2459 testimo-

855 2481 917 2518 nia
927 2480 996 2517 hac
1012 2480 1059 2518 de
1071 2493 1110 2517 re
1128 2480 1279 2529 collegit
1298 2479 1526 2517 Beckmann.

857 2538 905 2575 ad
925 2536 1074 2574 Aristot.
1093 2536 1270 2574 Auscultt.
1293 2536 1451 2574 Mirabb.
1484 2547 1521 2585 p.

856 2596 911 2635 70
938 2607 974 2643 P·
999 2593 1078 2634 142
1105 2599 1141 2631 et
1169 2594 1249 2635 427
1278 2593 1520 2643 comprobans

855 2651 1071 2688 recentioris
1091 2651 1172 2688 aevi
1204 2650 1434 2687 documentis
1465 2660 1521 2692 ea,

856 2719 952 2756 quae
974 2707 1020 2745 de
1040 2706 1146 2744 mulis
1167 2707 1350 2744 rarissime
1373 2705 1520 2755 parien-

854 2764 954 2802 tibus
973 2764 1125 2802 tradidit
1143 2763 1353 2813 antiquitas.

1537 658 1625 685 wenc
1612 667 1645 685 se
1694 660 1775 687 ἐει-ἰ

1537 701 1583 719 mn
1610 701 1661 727 pro
1646 668 1694 719 odi
1698 695 1726 722 gi
1719 703 1778 722 um

1535 726 1576 752 Zu
1562 735 1612 760 um
1602 735 1654 753 rn
1639 724 1715 753 osae
1702 733 1780 756 ctum

1538 765 1626 795 partu
1645 762 1754 790 mulae.
