<?xml version="1.0" encoding="UTF-8"?>
<!DOCTYPE html PUBLIC "-//W3C//DTD XHTML 1.0 Transitional//EN"
    "http://www.w3.org/TR/xhtml1/DTD/xhtml1-transitional.dtd">
<html xmlns="http://www.w3.org/1999/xhtml" xml:lang="en" lang="en">
 <head>
  <title>
</title>
<meta http-equiv="Content-Type" content="text/html;charset=utf-8" />
  <meta name='ocr-system' content='tesseract 3.04.00' />
  <meta name='ocr-capabilities' content='ocr_page ocr_carea ocr_par ocr_line ocrx_word'/>
</head>
<body>
  <div class='ocr_page' id='page_1' title='image "./musaeher02hero/musaeher02hero_0019.png"; bbox 0 0 1879 3255; ppageno 0'>
   <div class='ocr_carea' id='block_1_1' title="bbox 573 192 1435 239">
    <p class='ocr_par' dir='ltr' id='par_1_1' title="bbox 573 192 1435 239">
     <span class='ocr_line' id='line_1_1' title="bbox 573 192 1435 239; baseline -0.01 -3"><span class='ocrx_word' id='word_1_1' title='bbox 573 193 923 236; x_wconf 77' lang='lat' dir='ltr'><strong>THALIA.</strong></span> <span class='ocrx_word' id='word_1_2' title='bbox 981 192 1044 233; x_wconf 92' lang='lat'>111.</span> <span class='ocrx_word' id='word_1_3' title='bbox 1389 199 1435 239; x_wconf 75' lang='grc' dir='ltr'><strong>ῃ</strong></span> 
     </span>
    </p>
   </div>
   <div class='ocr_carea' id='block_1_2' title="bbox 145 300 1503 647">
    <p class='ocr_par' dir='ltr' id='par_1_2' title="bbox 145 300 1503 647">
     <span class='ocr_line' id='line_1_2' title="bbox 145 300 1442 362; baseline -0.005 -8"><span class='ocrx_word' id='word_1_4' title='bbox 145 311 267 357; x_wconf 52' lang='lat' dir='ltr'><strong>‘dael</strong></span> <span class='ocrx_word' id='word_1_5' title='bbox 294 323 340 354; x_wconf 78' lang='grc' dir='ltr'><strong>τε</strong></span> <span class='ocrx_word' id='word_1_6' title='bbox 365 304 545 362; x_wconf 78' lang='grc' dir='ltr'><em>τάχιστα</em></span> <span class='ocrx_word' id='word_1_7' title='bbox 574 303 829 362; x_wconf 75' lang='grc' dir='ltr'><strong><em>παρέλαβον</em></strong></span> <span class='ocrx_word' id='word_1_8' title='bbox 847 305 1090 361; x_wconf 81' lang='grc' dir='ltr'><em>Αἴγυπτον.</em></span> <span class='ocrx_word' id='word_1_9' title='bbox 1145 300 1251 346; x_wconf 83' lang='grc' dir='ltr'><strong>Τότε</strong></span> <span class='ocrx_word' id='word_1_10' title='bbox 1282 303 1329 346; x_wconf 76' lang='grc' dir='ltr'><strong>δὲ</strong></span> <span class='ocrx_word' id='word_1_11' title='bbox 1359 303 1442 348; x_wconf 81' lang='grc' dir='ltr'><strong>οὐκ</strong></span> 
     </span>
     <span class='ocr_line' id='line_1_3' title="bbox 171 372 1445 433; baseline -0.008 -5"><span class='ocrx_word' id='word_1_12' title='bbox 171 383 320 431; x_wconf 77' lang='grc' dir='ltr'><strong>ἐόντος</strong></span> <span class='ocrx_word' id='word_1_13' title='bbox 358 393 422 422; x_wconf 79' lang='grc' dir='ltr'><strong>κω</strong></span> <span class='ocrx_word' id='word_1_14' title='bbox 460 376 621 428; x_wconf 85' lang='grc' dir='ltr'><em>ὕδατος</em></span> <span class='ocrx_word' id='word_1_15' title='bbox 651 376 852 433; x_wconf 80' lang='grc' dir='ltr'><em>ἑτοίμου,</em></span> <span class='ocrx_word' id='word_1_16' title='bbox 900 374 1144 431; x_wconf 82' lang='grc' dir='ltr'><strong><em>Καμβύσης</em></strong></span> <span class='ocrx_word' id='word_1_17' title='bbox 1183 372 1445 429; x_wconf 81' lang='grc' dir='ltr'><em>πυθόμενος</em></span> 
     </span>
     <span class='ocr_line' id='line_1_4' title="bbox 168 442 1448 505; baseline -0.006 -10"><span class='ocrx_word' id='word_1_18' title='bbox 168 456 249 497; x_wconf 81' lang='grc' dir='ltr'><strong>τοῦ</strong></span> <span class='ocrx_word' id='word_1_19' title='bbox 271 449 632 505; x_wconf 77' lang='grc' dir='ltr'><strong><em>Ἁλικαρνησσέος</em></strong></span> <span class='ocrx_word' id='word_1_20' title='bbox 661 450 830 502; x_wconf 82' lang='grc' dir='ltr'><em>ξείνου,</em></span> <span class='ocrx_word' id='word_1_21' title='bbox 870 446 1042 503; x_wconf 78' lang='grc' dir='ltr'><em>πέμψας</em></span> <span class='ocrx_word' id='word_1_22' title='bbox 1071 445 1193 498; x_wconf 79' lang='grc' dir='ltr'><em>παρὰ</em></span> <span class='ocrx_word' id='word_1_23' title='bbox 1220 444 1300 488; x_wconf 79' lang='grc' dir='ltr'><strong>τόν</strong></span> <span class='ocrx_word' id='word_1_24' title='bbox 1327 442 1448 500; x_wconf 86' lang='grc' dir='ltr'><strong>Ἀρά-</strong></span> 
     </span>
     <span class='ocr_line' id='line_1_5' title="bbox 166 515 1503 581; baseline -0.007 -14"><span class='ocrx_word' id='word_1_25' title='bbox 166 527 269 581; x_wconf 82' lang='grc' dir='ltr'><em>βιον</em></span> <span class='ocrx_word' id='word_1_26' title='bbox 308 520 540 577; x_wconf 75' lang='grc' dir='ltr'><em>ἀγγέλους,</em></span> <span class='ocrx_word' id='word_1_27' title='bbox 593 520 668 564; x_wconf 80' lang='grc' dir='ltr'><strong>καὶ</strong></span> <span class='ocrx_word' id='word_1_28' title='bbox 708 520 880 577; x_wconf 83' lang='grc' dir='ltr'><em>δεηθεὶς</em></span> <span class='ocrx_word' id='word_1_29' title='bbox 917 522 994 574; x_wconf 85' lang='grc' dir='ltr'><strong>τῆς</strong></span> <span class='ocrx_word' id='word_1_30' title='bbox 1035 515 1276 573; x_wconf 75' lang='grc' dir='ltr'><em>ἀσφαλείης</em></span> <span class='ocrx_word' id='word_1_31' title='bbox 1317 517 1503 574; x_wconf 79' lang='grc' dir='ltr'><em>ἔτυχε,15</em></span> 
     </span>
     <span class='ocr_line' id='line_1_6' title="bbox 168 586 1223 647; baseline -0.008 -9"><span class='ocrx_word' id='word_1_32' title='bbox 168 595 311 645; x_wconf 82' lang='grc' dir='ltr'><strong><em>πίστις</em></strong></span> <span class='ocrx_word' id='word_1_33' title='bbox 341 590 451 642; x_wconf 84' lang='grc' dir='ltr'><em>δούς</em></span> <span class='ocrx_word' id='word_1_34' title='bbox 479 606 523 633; x_wconf 86' lang='grc' dir='ltr'><strong>τε</strong></span> <span class='ocrx_word' id='word_1_35' title='bbox 557 591 633 634; x_wconf 78' lang='grc' dir='ltr'><strong>καὶ</strong></span> <span class='ocrx_word' id='word_1_36' title='bbox 663 587 895 647; x_wconf 71' lang='grc' dir='ltr'><em>δεξᾶμενος</em></span> <span class='ocrx_word' id='word_1_37' title='bbox 923 587 1034 643; x_wconf 81' lang='grc' dir='ltr'><em>παρ’</em></span> <span class='ocrx_word' id='word_1_38' title='bbox 1067 586 1223 632; x_wconf 74' lang='grc' dir='ltr'><em>αὐτοῦ.</em></span> 
     </span>
    </p>
   </div>
   <div class='ocr_carea' id='block_1_3' title="bbox 165 656 1782 791">
    <p class='ocr_par' dir='ltr' id='par_1_3' title="bbox 165 656 1782 791">
     <span class='ocr_line' id='line_1_7' title="bbox 281 656 1782 719; baseline -0.008 -11"><span class='ocrx_word' id='word_1_39' title='bbox 281 663 502 719; x_wconf 83' lang='grc' dir='ltr'><em>Σέβονται</em></span> <span class='ocrx_word' id='word_1_40' title='bbox 542 663 588 707; x_wconf 76' lang='grc' dir='ltr'><strong>δὲ</strong></span> <span class='ocrx_word' id='word_1_41' title='bbox 621 660 814 719; x_wconf 76' lang='grc' dir='ltr'><em>Ἀράβιοι</em></span> <span class='ocrx_word' id='word_1_42' title='bbox 843 663 986 712; x_wconf 78' lang='grc' dir='ltr'><em>πίστις</em></span> <span class='ocrx_word' id='word_1_43' title='bbox 1027 657 1280 714; x_wconf 73' lang='grc' dir='ltr'><em>ἀνθρώπων</em></span> <span class='ocrx_word' id='word_1_44' title='bbox 1313 656 1448 715; x_wconf 83' lang='grc' dir='ltr'><em>ὁμοῖα</em></span> <span class='ocrx_word' id='word_1_45' title='bbox 1508 656 1637 684; x_wconf 52' lang='lat' dir='ltr'><strong>*fabum</strong></span> <span class='ocrx_word' id='word_1_46' title='bbox 1672 661 1782 691; x_wconf 55' lang='lat' dir='ltr'><strong>quum</strong></span> 
     </span>
     <span class='ocr_line' id='line_1_8' title="bbox 165 728 1443 791; baseline -0.004 -11"><span class='ocrx_word' id='word_1_47' title='bbox 165 739 280 780; x_wconf 88' lang='grc' dir='ltr'><em>τοῖσι</em></span> <span class='ocrx_word' id='word_1_48' title='bbox 308 733 508 791; x_wconf 79' lang='grc' dir='ltr'><em>μάλιστα.</em></span> <span class='ocrx_word' id='word_1_49' title='bbox 561 740 790 779; x_wconf 78' lang='grc' dir='ltr'><em>ποιεῦνται</em></span> <span class='ocrx_word' id='word_1_50' title='bbox 832 735 877 779; x_wconf 80' lang='grc' dir='ltr'><strong>δὲ</strong></span> <span class='ocrx_word' id='word_1_51' title='bbox 919 731 1055 782; x_wconf 73' lang='grc' dir='ltr'><em>αὐτὰς</em></span> <span class='ocrx_word' id='word_1_52' title='bbox 1085 728 1234 787; x_wconf 81' lang='grc' dir='ltr'><em>τρόπῳ</em></span> <span class='ocrx_word' id='word_1_53' title='bbox 1265 733 1443 788; x_wconf 78' lang='grc' dir='ltr'><em>τοιῷδε·</em></span> 
     </span>
    </p>
   </div>
   <div class='ocr_carea' id='block_1_4' title="bbox 1505 691 1785 828">
    <p class='ocr_par' dir='ltr' id='par_1_4' title="bbox 1505 691 1785 828">
     <span class='ocr_line' id='line_1_9' title="bbox 1506 691 1783 725; baseline 0 -8"><span class='ocrx_word' id='word_1_54' title='bbox 1506 691 1601 722; x_wconf 67' lang='lat' dir='ltr'><strong>fides„</strong></span> <span class='ocrx_word' id='word_1_55' title='bbox 1630 692 1679 725; x_wconf 87' lang='lat' dir='ltr'><strong>qui</strong></span> <span class='ocrx_word' id='word_1_56' title='bbox 1710 692 1783 717; x_wconf 77' lang='lat' dir='ltr'><strong>ritus</strong></span> 
     </span>
     <span class='ocr_line' id='line_1_10' title="bbox 1505 723 1783 752; baseline -0.004 0"><span class='ocrx_word' id='word_1_57' title='bbox 1505 725 1535 752; x_wconf 88' lang='lat' dir='ltr'><strong>in</strong></span> <span class='ocrx_word' id='word_1_58' title='bbox 1556 723 1679 752; x_wconf 79' lang='lat' dir='ltr'><strong>foedere</strong></span> <span class='ocrx_word' id='word_1_59' title='bbox 1710 724 1783 751; x_wconf 80' lang='lat' dir='ltr'><strong>saei-</strong></span> 
     </span>
     <span class='ocr_line' id='line_1_11' title="bbox 1506 757 1784 792; baseline -0.007 -7"><span class='ocrx_word' id='word_1_60' title='bbox 1506 758 1601 792; x_wconf 79' lang='lat' dir='ltr'><strong>endo,</strong></span> <span class='ocrx_word' id='word_1_61' title='bbox 1649 758 1698 791; x_wconf 87' lang='lat' dir='ltr'><strong>qui</strong></span> <span class='ocrx_word' id='word_1_62' title='bbox 1726 757 1784 792; x_wconf 65' lang='lat' dir='ltr'><strong>Dii,</strong></span> 
     </span>
     <span class='ocr_line' id='line_1_12' title="bbox 1507 792 1785 828; baseline 0.007 -10"><span class='ocrx_word' id='word_1_63' title='bbox 1507 800 1584 827; x_wconf 83' lang='lat' dir='ltr'><strong>quae</strong></span> <span class='ocrx_word' id='word_1_64' title='bbox 1609 792 1785 828; x_wconf 68' lang='lat' dir='ltr'><strong>capillorum</strong></span> 
     </span>
    </p>
   </div>
   <div class='ocr_carea' id='block_1_5' title="bbox 142 800 1643 1222">
    <p class='ocr_par' dir='ltr' id='par_1_5' title="bbox 166 800 1643 936">
     <span class='ocr_line' id='line_1_13' title="bbox 166 800 1643 863; baseline -0.005 -12"><span class='ocrx_word' id='word_1_65' title='bbox 166 811 258 851; x_wconf 76' lang='grc' dir='ltr'><strong>τῶν</strong></span> <span class='ocrx_word' id='word_1_66' title='bbox 294 805 578 863; x_wconf 82' lang='grc' dir='ltr'><em>βουλομένων</em></span> <span class='ocrx_word' id='word_1_67' title='bbox 617 806 670 850; x_wconf 85' lang='grc' dir='ltr'><strong>τὰ</strong></span> <span class='ocrx_word' id='word_1_68' title='bbox 707 805 837 851; x_wconf 64' lang='grc' dir='ltr'><em>πιστοὶ</em></span> <span class='ocrx_word' id='word_1_69' title='bbox 868 805 1125 854; x_wconf 81' lang='grc' dir='ltr'><em>ποιέεσθαι,</em></span> <span class='ocrx_word' id='word_1_70' title='bbox 1170 802 1303 853; x_wconf 80' lang='grc' dir='ltr'><em>ἄλλος</em></span> <span class='ocrx_word' id='word_1_71' title='bbox 1334 800 1448 859; x_wconf 73' lang='grc' dir='ltr'><em>ἀνὴρ</em></span> <span class='ocrx_word' id='word_1_72' title='bbox 1506 833 1643 854; x_wconf 74' lang='lat' dir='ltr'><strong>tonsura.</strong></span> 
     </span>
     <span class='ocr_line' id='line_1_14' title="bbox 171 872 1448 936; baseline -0.003 -15"><span class='ocrx_word' id='word_1_73' title='bbox 171 876 436 935; x_wconf 72' lang='grc' dir='ltr'><em>ἀμφοτέρων</em></span> <span class='ocrx_word' id='word_1_74' title='bbox 477 875 624 922; x_wconf 74' lang='grc' dir='ltr'><em>αὐτῶν</em></span> <span class='ocrx_word' id='word_1_75' title='bbox 664 877 711 922; x_wconf 84' lang='grc' dir='ltr'><em>έν</em></span> <span class='ocrx_word' id='word_1_76' title='bbox 744 878 862 936; x_wconf 80' lang='grc' dir='ltr'><em>μέσῳ</em></span> <span class='ocrx_word' id='word_1_77' title='bbox 897 875 1074 926; x_wconf 74' lang='grc' dir='ltr'><em>ἑστεώς,</em></span> <span class='ocrx_word' id='word_1_78' title='bbox 1117 877 1228 934; x_wconf 83' lang='grc' dir='ltr'><em>λίθῳ</em></span> <span class='ocrx_word' id='word_1_79' title='bbox 1269 872 1360 927; x_wconf 83' lang='grc' dir='ltr'><em>ὀξέϊ</em></span> <span class='ocrx_word' id='word_1_80' title='bbox 1398 872 1448 918; x_wconf 86' lang='grc' dir='ltr'><strong>τὸ</strong></span> 
     </span>
    </p>

    <p class='ocr_par' dir='ltr' id='par_1_6' title="bbox 142 943 1507 1076">
     <span class='ocr_line' id='line_1_15' title="bbox 170 943 1507 1005; baseline -0.004 -12"><span class='ocrx_word' id='word_1_81' title='bbox 170 949 255 993; x_wconf 77' lang='grc' dir='ltr'><strong>ἔσω</strong></span> <span class='ocrx_word' id='word_1_82' title='bbox 293 953 382 993; x_wconf 80' lang='grc' dir='ltr'><strong>τῶν</strong></span> <span class='ocrx_word' id='word_1_83' title='bbox 419 954 577 1005; x_wconf 76' lang='grc' dir='ltr'><em>χειρῶν</em></span> <span class='ocrx_word' id='word_1_84' title='bbox 611 949 730 1005; x_wconf 79' lang='grc' dir='ltr'><strong>παρά</strong></span> <span class='ocrx_word' id='word_1_85' title='bbox 760 950 864 1001; x_wconf 82' lang='grc' dir='ltr'><strong>τούς</strong></span> <span class='ocrx_word' id='word_1_86' title='bbox 896 945 1144 998; x_wconf 65' lang='grc' dir='ltr'><em>δακτύλους</em></span> <span class='ocrx_word' id='word_1_87' title='bbox 1173 944 1281 997; x_wconf 76' lang='grc' dir='ltr'><em>τους</em></span> <span class='ocrx_word' id='word_1_88' title='bbox 1317 943 1507 1002; x_wconf 71' lang='grc' dir='ltr'><em>μεγά-ΞΟ</em></span> 
     </span>
     <span class='ocr_line' id='line_1_16' title="bbox 142 1017 1451 1076; baseline -0.002 -14"><span class='ocrx_word' id='word_1_89' title='bbox 142 1024 281 1072; x_wconf 73' lang='grc' dir='ltr'><em>Ξλους</em></span> <span class='ocrx_word' id='word_1_90' title='bbox 321 1019 544 1076; x_wconf 72' lang='grc' dir='ltr'><em>ἐπιτάμνει</em></span> <span class='ocrx_word' id='word_1_91' title='bbox 592 1025 682 1065; x_wconf 77' lang='grc' dir='ltr'><strong>τῶν</strong></span> <span class='ocrx_word' id='word_1_92' title='bbox 731 1020 1007 1076; x_wconf 80' lang='grc' dir='ltr'><em>ποιευμένων</em></span> <span class='ocrx_word' id='word_1_93' title='bbox 1046 1019 1122 1070; x_wconf 76' lang='grc' dir='ltr'><strong>τὰς</strong></span> <span class='ocrx_word' id='word_1_94' title='bbox 1161 1019 1321 1068; x_wconf 81' lang='grc' dir='ltr'><em>πίστις·</em></span> <span class='ocrx_word' id='word_1_95' title='bbox 1377 1017 1451 1060; x_wconf 77' lang='grc' dir='ltr'><strong>καὶ</strong></span> 
     </span>
    </p>

    <p class='ocr_par' dir='ltr' id='par_1_7' title="bbox 172 1089 1587 1222">
     <span class='ocr_line' id='line_1_17' title="bbox 172 1089 1587 1148; baseline -0.003 -13"><span class='ocrx_word' id='word_1_96' title='bbox 172 1091 316 1135; x_wconf 79' lang='grc' dir='ltr'><em>ἔπειτα</em></span> <span class='ocrx_word' id='word_1_97' title='bbox 354 1091 504 1148; x_wconf 72' lang='grc' dir='ltr'><em>λαβὼν</em></span> <span class='ocrx_word' id='word_1_98' title='bbox 553 1092 600 1135; x_wconf 77' lang='grc' dir='ltr'><strong>ἐκ</strong></span> <span class='ocrx_word' id='word_1_99' title='bbox 637 1096 719 1136; x_wconf 91' lang='grc' dir='ltr'><strong>τοῦ</strong></span> <span class='ocrx_word' id='word_1_100' title='bbox 760 1093 936 1148; x_wconf 83' lang='grc' dir='ltr'><em>ἱματίου</em></span> <span class='ocrx_word' id='word_1_101' title='bbox 979 1089 1188 1144; x_wconf 80' lang='grc' dir='ltr'><em>ἑκατέρου</em></span> <span class='ocrx_word' id='word_1_102' title='bbox 1235 1089 1447 1144; x_wconf 78' lang='grc' dir='ltr'><em>κροκύδα,</em></span> <span class='ocrx_word' id='word_1_103' title='bbox 1506 1101 1587 1141; x_wconf 80' lang='lat'><strong>197</strong></span> 
     </span>
     <span class='ocr_line' id='line_1_18' title="bbox 172 1160 1449 1222; baseline -0.002 -16"><span class='ocrx_word' id='word_1_104' title='bbox 172 1161 340 1219; x_wconf 79' lang='grc' dir='ltr'><em>ἀλείφει</em></span> <span class='ocrx_word' id='word_1_105' title='bbox 368 1166 429 1222; x_wconf 78' lang='grc' dir='ltr'><strong>τῷ</strong></span> <span class='ocrx_word' id='word_1_106' title='bbox 461 1164 610 1219; x_wconf 81' lang='grc' dir='ltr'><em>αἵματι</em></span> <span class='ocrx_word' id='word_1_107' title='bbox 639 1163 686 1207; x_wconf 89' lang='grc' dir='ltr'><em>έν</em></span> <span class='ocrx_word' id='word_1_108' title='bbox 715 1165 830 1221; x_wconf 82' lang='grc' dir='ltr'><em>μέσῳ</em></span> <span class='ocrx_word' id='word_1_109' title='bbox 862 1162 1090 1219; x_wconf 79' lang='grc' dir='ltr'><em>κειμένους</em></span> <span class='ocrx_word' id='word_1_110' title='bbox 1132 1162 1290 1213; x_wconf 78' lang='grc' dir='ltr'><em>λίθους</em></span> <span class='ocrx_word' id='word_1_111' title='bbox 1322 1160 1449 1204; x_wconf 84' lang='grc' dir='ltr'><em>έπτά·</em></span> 
     </span>
    </p>
   </div>
   <div class='ocr_carea' id='block_1_6' title="bbox 111 1310 783 1980">
    <p class='ocr_par' dir='ltr' id='par_1_8' title="bbox 111 1310 783 1980">
     <span class='ocr_line' id='line_1_19' title="bbox 169 1310 775 1366; baseline 0.003 -15"><span class='ocrx_word' id='word_1_112' title='bbox 169 1314 245 1352; x_wconf 82' lang='grc' dir='ltr'><strong>τοῦ</strong></span> <span class='ocrx_word' id='word_1_113' title='bbox 271 1310 597 1366; x_wconf 77' lang='grc' dir='ltr'><em>Ἁλικαρνησσέος</em></span> <span class='ocrx_word' id='word_1_114' title='bbox 624 1313 775 1366; x_wconf 82' lang='grc' dir='ltr'><em>ξείνου]</em></span> 
     </span>
     <span class='ocr_line' id='line_1_20' title="bbox 111 1366 779 1421; baseline 0.001 -13"><span class='ocrx_word' id='word_1_115' title='bbox 111 1366 400 1421; x_wconf 78' lang='grc' dir='ltr'><em>Ἁλικαρνησσέ</em></span> <span class='ocrx_word' id='word_1_116' title='bbox 413 1386 433 1411; x_wconf 92' lang='grc' dir='ltr'><em>ο</em></span> <span class='ocrx_word' id='word_1_117' title='bbox 446 1387 465 1418; x_wconf 89' lang='grc' dir='ltr'><em>ς</em></span> <span class='ocrx_word' id='word_1_118' title='bbox 500 1385 544 1409; x_wconf 73' lang='lat' dir='ltr'><strong>ex</strong></span> <span class='ocrx_word' id='word_1_119' title='bbox 565 1372 779 1410; x_wconf 79' lang='lat' dir='ltr'>Florentino</span> 
     </span>
     <span class='ocr_line' id='line_1_21' title="bbox 113 1426 779 1480; baseline 0.005 -17"><span class='ocrx_word' id='word_1_120' title='bbox 113 1426 284 1477; x_wconf 77' lang='lat' dir='ltr'>binisque</span> <span class='ocrx_word' id='word_1_121' title='bbox 320 1427 398 1465; x_wconf 90' lang='lat' dir='ltr'><strong>aliis</strong></span> <span class='ocrx_word' id='word_1_122' title='bbox 427 1429 548 1479; x_wconf 84' lang='lat' dir='ltr'><strong>recepi</strong></span> <span class='ocrx_word' id='word_1_123' title='bbox 577 1429 676 1467; x_wconf 88' lang='lat' dir='ltr'><strong>libris</strong></span> <span class='ocrx_word' id='word_1_124' title='bbox 712 1442 779 1480; x_wconf 84' lang='lat' dir='ltr'><strong>pro</strong></span> 
     </span>
     <span class='ocr_line' id='line_1_22' title="bbox 115 1482 779 1535; baseline 0.003 -15"><span class='ocrx_word' id='word_1_125' title='bbox 115 1483 213 1533; x_wconf 71' lang='lat' dir='ltr'><strong>vulg.</strong></span> <span class='ocrx_word' id='word_1_126' title='bbox 247 1482 637 1535; x_wconf 72' lang='grc' dir='ltr'><em>Ἁλικαρνησσ-ῆος,</em></span> <span class='ocrx_word' id='word_1_127' title='bbox 678 1486 779 1535; x_wconf 91' lang='lat' dir='ltr'><strong>quod</strong></span> 
     </span>
     <span class='ocr_line' id='line_1_23' title="bbox 114 1541 778 1593; baseline 0.006 -16"><span class='ocrx_word' id='word_1_128' title='bbox 114 1541 211 1578; x_wconf 86' lang='lat' dir='ltr'><strong>idem</strong></span> <span class='ocrx_word' id='word_1_129' title='bbox 235 1541 425 1580; x_wconf 75' lang='lat' dir='ltr'><strong>damnavit</strong></span> <span class='ocrx_word' id='word_1_130' title='bbox 448 1543 583 1580; x_wconf 77' lang='lat' dir='ltr'><strong>Strnve</strong></span> <span class='ocrx_word' id='word_1_131' title='bbox 608 1544 645 1580; x_wconf 90' lang='lat' dir='ltr'><strong>in</strong></span> <span class='ocrx_word' id='word_1_132' title='bbox 668 1543 778 1593; x_wconf 90' lang='lat' dir='ltr'><strong>Spec.</strong></span> 
     </span>
     <span class='ocr_line' id='line_1_24' title="bbox 113 1596 778 1650; baseline 0.008 -16"><span class='ocrx_word' id='word_1_133' title='bbox 113 1596 160 1635; x_wconf 87' lang='lat' dir='ltr'><strong>Il.</strong></span> <span class='ocrx_word' id='word_1_134' title='bbox 191 1597 344 1641; x_wconf 86' lang='lat' dir='ltr'><strong>Quaest.</strong></span> <span class='ocrx_word' id='word_1_135' title='bbox 366 1599 413 1636; x_wconf 90' lang='lat' dir='ltr'><strong>de</strong></span> <span class='ocrx_word' id='word_1_136' title='bbox 429 1599 611 1637; x_wconf 88' lang='lat' dir='ltr'><strong>Herodot.</strong></span> <span class='ocrx_word' id='word_1_137' title='bbox 628 1599 712 1636; x_wconf 91' lang='lat' dir='ltr'><strong>dial.</strong></span> <span class='ocrx_word' id='word_1_138' title='bbox 741 1613 778 1650; x_wconf 89' lang='lat' dir='ltr'><strong>p.</strong></span> 
     </span>
     <span class='ocr_line' id='line_1_25' title="bbox 119 1655 782 1703; baseline 0 -9"><span class='ocrx_word' id='word_1_139' title='bbox 119 1655 141 1694; x_wconf 85' lang='grc'>1</span> <span class='ocrx_word' id='word_1_140' title='bbox 163 1667 268 1703; x_wconf 85' lang='lat' dir='ltr'><strong>seqq.</strong></span> <span class='ocrx_word' id='word_1_141' title='bbox 295 1656 356 1694; x_wconf 83' lang='lat'><strong>16.</strong></span> <span class='ocrx_word' id='word_1_142' title='bbox 399 1655 498 1693; x_wconf 86' lang='lat' dir='ltr'><strong>Illam</strong></span> <span class='ocrx_word' id='word_1_143' title='bbox 524 1655 716 1694; x_wconf 88' lang='lat' dir='ltr'><strong>lectionem</strong></span> <span class='ocrx_word' id='word_1_144' title='bbox 745 1658 782 1694; x_wconf 92' lang='lat' dir='ltr'><strong>in</strong></span> 
     </span>
     <span class='ocr_line' id='line_1_26' title="bbox 117 1711 778 1759; baseline 0.006 -12"><span class='ocrx_word' id='word_1_145' title='bbox 117 1711 281 1749; x_wconf 88' lang='lat' dir='ltr'><strong>secundo</strong></span> <span class='ocrx_word' id='word_1_146' title='bbox 313 1712 491 1749; x_wconf 68' lang='lat' dir='ltr'><strong>vocabulo</strong></span> <span class='ocrx_word' id='word_1_147' title='bbox 526 1714 664 1750; x_wconf 76' lang='lat' dir='ltr'><strong>exordii</strong></span> <span class='ocrx_word' id='word_1_148' title='bbox 693 1713 720 1759; x_wconf 90' lang='grc' dir='ltr'><strong>Ι,</strong></span> <span class='ocrx_word' id='word_1_149' title='bbox 759 1715 778 1752; x_wconf 92' lang='grc'>1</span> 
     </span>
     <span class='ocr_line' id='line_1_27' title="bbox 114 1770 782 1819; baseline 0.003 -15"><span class='ocrx_word' id='word_1_150' title='bbox 114 1778 138 1804; x_wconf 83' lang='lat' dir='ltr'><strong>a</strong></span> <span class='ocrx_word' id='word_1_151' title='bbox 170 1780 231 1805; x_wconf 88' lang='lat' dir='ltr'><strong>me</strong></span> <span class='ocrx_word' id='word_1_152' title='bbox 269 1774 442 1819; x_wconf 85' lang='lat' dir='ltr'><strong>receptae</strong></span> <span class='ocrx_word' id='word_1_153' title='bbox 486 1770 782 1807; x_wconf 81' lang='lat' dir='ltr'><strong>substituendam</strong></span> 
     </span>
     <span class='ocr_line' id='line_1_28' title="bbox 115 1824 783 1863; baseline 0.001 -1"><span class='ocrx_word' id='word_1_154' title='bbox 115 1824 294 1862; x_wconf 85' lang='lat' dir='ltr'><strong>existimo.</strong></span> <span class='ocrx_word' id='word_1_155' title='bbox 338 1847 385 1853; x_wconf 88' lang='lat'>—</span> <span class='ocrx_word' id='word_1_156' title='bbox 442 1825 501 1862; x_wconf 87' lang='lat' dir='ltr'><strong>Ad</strong></span> <span class='ocrx_word' id='word_1_157' title='bbox 540 1826 783 1863; x_wconf 73' lang='lat' dir='ltr'><strong>accusativum</strong></span> 
     </span>
     <span class='ocr_line' id='line_1_29' title="bbox 115 1879 782 1934; baseline 0.001 -15"><span class='ocrx_word' id='word_1_158' title='bbox 115 1880 248 1927; x_wconf 87' lang='grc' dir='ltr'><em>πίστις</em></span> <span class='ocrx_word' id='word_1_159' title='bbox 276 1882 373 1919; x_wconf 79' lang='lat' dir='ltr'><strong>conf.</strong></span> <span class='ocrx_word' id='word_1_160' title='bbox 401 1881 535 1920; x_wconf 79' lang='lat' dir='ltr'><strong>Matth.</strong></span> <span class='ocrx_word' id='word_1_161' title='bbox 558 1883 625 1920; x_wconf 91' lang='lat' dir='ltr'><strong>Gr.</strong></span> <span class='ocrx_word' id='word_1_162' title='bbox 652 1882 719 1920; x_wconf 93' lang='lat' dir='ltr'><strong>Gr.</strong></span> <span class='ocrx_word' id='word_1_163' title='bbox 741 1879 782 1934; x_wconf 84' lang='lat'><strong>§.</strong></span> 
     </span>
     <span class='ocr_line' id='line_1_30' title="bbox 117 1938 327 1980; baseline 0.005 -6"><span class='ocrx_word' id='word_1_164' title='bbox 117 1938 172 1979; x_wconf 85' lang='grc'><strong>80</strong></span> <span class='ocrx_word' id='word_1_165' title='bbox 191 1943 270 1975; x_wconf 85' lang='lat' dir='ltr'><strong>not.</strong></span> <span class='ocrx_word' id='word_1_166' title='bbox 289 1940 327 1980; x_wconf 90' lang='lat'><strong>6.</strong></span> 
     </span>
    </p>
   </div>
   <div class='ocr_carea' id='block_1_7' title="bbox 115 2041 789 2900">
    <p class='ocr_par' dir='ltr' id='par_1_9' title="bbox 338 2041 567 2092">
     <span class='ocr_line' id='line_1_31' title="bbox 338 2041 567 2092; baseline -0.004 -13"><span class='ocrx_word' id='word_1_167' title='bbox 338 2042 447 2092; x_wconf 85' lang='lat' dir='ltr'><strong>Cap.</strong></span> <span class='ocrx_word' id='word_1_168' title='bbox 474 2041 567 2080; x_wconf 76' lang='lat' dir='ltr'>VIII.</span> 
     </span>
    </p>

    <p class='ocr_par' dir='ltr' id='par_1_10' title="bbox 115 2105 787 2670">
     <span class='ocr_line' id='line_1_32' title="bbox 174 2105 786 2160; baseline 0 -12"><span class='ocrx_word' id='word_1_169' title='bbox 174 2105 295 2159; x_wconf 78' lang='grc' dir='ltr'><em>ὁμοῖα</em></span> <span class='ocrx_word' id='word_1_170' title='bbox 314 2111 418 2147; x_wconf 86' lang='grc' dir='ltr'><em>τοῖσι</em></span> <span class='ocrx_word' id='word_1_171' title='bbox 439 2105 622 2160; x_wconf 71' lang='grc' dir='ltr'><em>μάλιστα]</em></span> <span class='ocrx_word' id='word_1_172' title='bbox 653 2109 713 2148; x_wconf 90' lang='lat' dir='ltr'><strong>De</strong></span> <span class='ocrx_word' id='word_1_173' title='bbox 730 2108 786 2147; x_wconf 90' lang='lat' dir='ltr'><strong>lo-</strong></span> 
     </span>
     <span class='ocr_line' id='line_1_33' title="bbox 115 2164 785 2217; baseline 0 -15"><span class='ocrx_word' id='word_1_174' title='bbox 115 2165 261 2203; x_wconf 83' lang='lat' dir='ltr'><strong>cutione</strong></span> <span class='ocrx_word' id='word_1_175' title='bbox 293 2166 366 2202; x_wconf 70' lang='lat' dir='ltr'><strong>vid.</strong></span> <span class='ocrx_word' id='word_1_176' title='bbox 396 2165 528 2203; x_wconf 82' lang='lat' dir='ltr'><strong>Matth.</strong></span> <span class='ocrx_word' id='word_1_177' title='bbox 561 2167 629 2205; x_wconf 91' lang='lat' dir='ltr'><strong>Gr.</strong></span> <span class='ocrx_word' id='word_1_178' title='bbox 649 2167 714 2203; x_wconf 90' lang='lat' dir='ltr'><strong>Gr.</strong></span> <span class='ocrx_word' id='word_1_179' title='bbox 748 2164 785 2217; x_wconf 60' lang='grc' dir='ltr'><strong>ξ.</strong></span> 
     </span>
     <span class='ocr_line' id='line_1_34' title="bbox 117 2222 787 2272; baseline 0.003 -13"><span class='ocrx_word' id='word_1_180' title='bbox 117 2223 201 2263; x_wconf 82' lang='grc'><strong>290</strong></span> <span class='ocrx_word' id='word_1_181' title='bbox 224 2226 262 2260; x_wconf 85' lang='lat' dir='ltr'><strong>et</strong></span> <span class='ocrx_word' id='word_1_182' title='bbox 282 2223 378 2259; x_wconf 90' lang='lat' dir='ltr'><strong>conf.</strong></span> <span class='ocrx_word' id='word_1_183' title='bbox 403 2222 467 2267; x_wconf 88' lang='lat' dir='ltr'><strong>Ill,</strong></span> <span class='ocrx_word' id='word_1_184' title='bbox 501 2225 567 2263; x_wconf 81' lang='grc'><strong>57.</strong></span> <span class='ocrx_word' id='word_1_185' title='bbox 617 2224 787 2272; x_wconf 87' lang='lat' dir='ltr'><strong>Sequen-</strong></span> 
     </span>
     <span class='ocr_line' id='line_1_35' title="bbox 116 2279 786 2329; baseline 0 -13"><span class='ocrx_word' id='word_1_186' title='bbox 116 2279 168 2316; x_wconf 85' lang='lat' dir='ltr'><strong>tia</strong></span> <span class='ocrx_word' id='word_1_187' title='bbox 195 2279 308 2316; x_wconf 72' lang='lat' dir='ltr'><strong>verba</strong></span> <span class='ocrx_word' id='word_1_188' title='bbox 337 2280 389 2315; x_wconf 88' lang='lat' dir='ltr'><strong>sic</strong></span> <span class='ocrx_word' id='word_1_189' title='bbox 413 2279 598 2329; x_wconf 81' lang='lat' dir='ltr'><strong>intellige:</strong></span> <span class='ocrx_word' id='word_1_190' title='bbox 653 2280 695 2316; x_wconf 87' lang='lat' dir='ltr'><strong>Si</strong></span> <span class='ocrx_word' id='word_1_191' title='bbox 723 2280 786 2329; x_wconf 89' lang='lat' dir='ltr'><strong>qui</strong></span> 
     </span>
     <span class='ocr_line' id='line_1_36' title="bbox 115 2334 785 2381; baseline 0.001 -9"><span class='ocrx_word' id='word_1_192' title='bbox 115 2334 232 2372; x_wconf 72' lang='lat' dir='ltr'><strong>velint</strong></span> <span class='ocrx_word' id='word_1_193' title='bbox 250 2336 382 2373; x_wconf 71' lang='lat' dir='ltr'><strong>foedus</strong></span> <span class='ocrx_word' id='word_1_194' title='bbox 402 2336 493 2374; x_wconf 88' lang='lat' dir='ltr'><strong>inire</strong></span> <span class='ocrx_word' id='word_1_195' title='bbox 521 2350 661 2381; x_wconf 85' lang='lat' dir='ltr'><strong>secum,</strong></span> <span class='ocrx_word' id='word_1_196' title='bbox 693 2336 785 2373; x_wconf 88' lang='lat' dir='ltr'><strong>alius</strong></span> 
     </span>
     <span class='ocr_line' id='line_1_37' title="bbox 117 2392 787 2443; baseline 0.001 -14"><span class='ocrx_word' id='word_1_197' title='bbox 117 2392 269 2442; x_wconf 90' lang='lat' dir='ltr'><strong>quidam</strong></span> <span class='ocrx_word' id='word_1_198' title='bbox 293 2393 348 2429; x_wconf 77' lang='lat' dir='ltr'><strong>vir</strong></span> <span class='ocrx_word' id='word_1_199' title='bbox 367 2393 463 2430; x_wconf 86' lang='lat' dir='ltr'><strong>inter</strong></span> <span class='ocrx_word' id='word_1_200' title='bbox 482 2398 677 2442; x_wconf 81' lang='lat' dir='ltr'><strong>utrumque</strong></span> <span class='ocrx_word' id='word_1_201' title='bbox 698 2392 787 2443; x_wconf 52' lang='lat' dir='ltr'><strong>(pa-‘-</strong></span> 
     </span>
     <span class='ocr_line' id='line_1_38' title="bbox 118 2449 786 2495; baseline 0.001 -9"><span class='ocrx_word' id='word_1_202' title='bbox 118 2449 316 2486; x_wconf 83' lang='lat' dir='ltr'><strong>ciscentem</strong></span> <span class='ocrx_word' id='word_1_203' title='bbox 337 2451 408 2495; x_wconf 82' lang='lat' dir='ltr'><strong>sc.)</strong></span> <span class='ocrx_word' id='word_1_204' title='bbox 424 2451 568 2488; x_wconf 89' lang='lat' dir='ltr'><strong>medius</strong></span> <span class='ocrx_word' id='word_1_205' title='bbox 589 2450 786 2487; x_wconf 83' lang='lat' dir='ltr'><strong>collocatus</strong></span> 
     </span>
     <span class='ocr_line' id='line_1_39' title="bbox 118 2503 785 2556; baseline 0.003 -14"><span class='ocrx_word' id='word_1_206' title='bbox 118 2503 241 2556; x_wconf 90' lang='lat' dir='ltr'><strong>lapide</strong></span> <span class='ocrx_word' id='word_1_207' title='bbox 269 2511 376 2543; x_wconf 83' lang='lat' dir='ltr'><strong>acuto</strong></span> <span class='ocrx_word' id='word_1_208' title='bbox 398 2507 607 2544; x_wconf 78' lang='lat' dir='ltr'><strong>interiorem</strong></span> <span class='ocrx_word' id='word_1_209' title='bbox 638 2520 785 2544; x_wconf 89' lang='lat' dir='ltr'><strong>manum</strong></span> 
     </span>
     <span class='ocr_line' id='line_1_40' title="bbox 120 2562 787 2613; baseline 0.003 -15"><span class='ocrx_word' id='word_1_210' title='bbox 120 2562 310 2612; x_wconf 86' lang='lat' dir='ltr'><strong>utriusque</strong></span> <span class='ocrx_word' id='word_1_211' title='bbox 330 2562 436 2609; x_wconf 87' lang='lat' dir='ltr'><strong>illius,</strong></span> <span class='ocrx_word' id='word_1_212' title='bbox 467 2565 529 2613; x_wconf 92' lang='lat' dir='ltr'><strong>qui</strong></span> <span class='ocrx_word' id='word_1_213' title='bbox 547 2564 679 2601; x_wconf 84' lang='lat' dir='ltr'><strong>foedus</strong></span> <span class='ocrx_word' id='word_1_214' title='bbox 696 2565 787 2600; x_wconf 89' lang='lat' dir='ltr'><strong>inire</strong></span> 
     </span>
     <span class='ocr_line' id='line_1_41' title="bbox 120 2617 786 2670; baseline 0.003 -15"><span class='ocrx_word' id='word_1_215' title='bbox 120 2617 227 2666; x_wconf 72' lang='lat' dir='ltr'><strong>velit,</strong></span> <span class='ocrx_word' id='word_1_216' title='bbox 256 2619 359 2657; x_wconf 73' lang='lat' dir='ltr'><strong>iuxta</strong></span> <span class='ocrx_word' id='word_1_217' title='bbox 379 2619 546 2670; x_wconf 84' lang='lat' dir='ltr'><strong>pollicem</strong></span> <span class='ocrx_word' id='word_1_218' title='bbox 571 2621 696 2657; x_wconf 75' lang='lat' dir='ltr'><strong>incidit</strong></span> <span class='ocrx_word' id='word_1_219' title='bbox 717 2626 786 2658; x_wconf 89' lang='lat' dir='ltr'><strong>etc.</strong></span> 
     </span>
    </p>

    <p class='ocr_par' dir='ltr' id='par_1_11' title="bbox 122 2673 789 2900">
     <span class='ocr_line' id='line_1_42' title="bbox 178 2673 787 2727; baseline 0.003 -14"><span class='ocrx_word' id='word_1_220' title='bbox 178 2673 221 2713; x_wconf 79' lang='grc' dir='ltr'><strong>ἐκ</strong></span> <span class='ocrx_word' id='word_1_221' title='bbox 247 2678 321 2714; x_wconf 85' lang='grc' dir='ltr'><strong>τοῦ</strong></span> <span class='ocrx_word' id='word_1_222' title='bbox 355 2675 515 2726; x_wconf 82' lang='grc' dir='ltr'><em>ἷματίου</em></span> <span class='ocrx_word' id='word_1_223' title='bbox 543 2675 787 2727; x_wconf 78' lang='grc' dir='ltr'><em>ἑκατέρου</em></span> 
     </span>
     <span class='ocr_line' id='line_1_43' title="bbox 122 2727 788 2783; baseline 0.005 -16"><span class='ocrx_word' id='word_1_224' title='bbox 122 2727 281 2781; x_wconf 61' lang='lat' dir='ltr'><strong>aponi</strong></span> <span class='ocrx_word' id='word_1_225' title='bbox 299 2731 380 2783; x_wconf 87' lang='grc' dir='ltr'><strong>δα]</strong></span> <span class='ocrx_word' id='word_1_226' title='bbox 446 2732 547 2771; x_wconf 81' lang='lat' dir='ltr'><strong>Male</strong></span> <span class='ocrx_word' id='word_1_227' title='bbox 597 2734 669 2770; x_wconf 93' lang='lat' dir='ltr'><strong>duo</strong></span> <span class='ocrx_word' id='word_1_228' title='bbox 707 2733 788 2771; x_wconf 85' lang='lat' dir='ltr'><strong>libri</strong></span> 
     </span>
     <span class='ocr_line' id='line_1_44' title="bbox 122 2786 789 2840; baseline 0.006 -16"><span class='ocrx_word' id='word_1_229' title='bbox 122 2786 312 2837; x_wconf 78' lang='grc' dir='ltr'><em>κροκίδα;</em></span> <span class='ocrx_word' id='word_1_230' title='bbox 351 2789 480 2839; x_wconf 80' lang='lat' dir='ltr'><strong>reliqui</strong></span> <span class='ocrx_word' id='word_1_231' title='bbox 516 2789 706 2840; x_wconf 73' lang='lat' dir='ltr'><strong>vulgatum</strong></span> <span class='ocrx_word' id='word_1_232' title='bbox 731 2796 789 2828; x_wconf 88' lang='lat' dir='ltr'><strong>te-</strong></span> 
     </span>
     <span class='ocr_line' id='line_1_45' title="bbox 123 2842 787 2900; baseline 0.017 -21"><span class='ocrx_word' id='word_1_233' title='bbox 123 2846 225 2881; x_wconf 86' lang='lat' dir='ltr'><strong>nent.</strong></span> <span class='ocrx_word' id='word_1_234' title='bbox 247 2842 373 2884; x_wconf 79' lang='lat' dir='ltr'><strong>Pollux</strong></span> <span class='ocrx_word' id='word_1_235' title='bbox 389 2846 472 2895; x_wconf 67' lang='lat' dir='ltr'><strong>Vn,</strong></span> <span class='ocrx_word' id='word_1_236' title='bbox 490 2848 543 2888; x_wconf 83' lang='lat'><strong>63</strong></span> <span class='ocrx_word' id='word_1_237' title='bbox 561 2861 600 2900; x_wconf 86' lang='lat' dir='ltr'><strong>p.</strong></span> <span class='ocrx_word' id='word_1_238' title='bbox 612 2849 693 2890; x_wconf 81' lang='lat'><strong>732</strong></span> <span class='ocrx_word' id='word_1_239' title='bbox 715 2847 787 2885; x_wconf 72' lang='lat' dir='ltr'><strong>ita:</strong></span> 
     </span>
    </p>
   </div>
   <div class='ocr_carea' id='block_1_8' title="bbox 835 1307 1518 2899">
    <p class='ocr_par' dir='ltr' id='par_1_12' title="bbox 835 1307 1516 2269">
     <span class='ocr_line' id='line_1_46' title="bbox 836 1307 1508 1367; baseline -0.007 -13"><span class='ocrx_word' id='word_1_240' title='bbox 836 1312 939 1367; x_wconf 82' lang='grc' dir='ltr'><em>λέγει</em></span> <span class='ocrx_word' id='word_1_241' title='bbox 972 1307 1047 1354; x_wconf 75' lang='grc' dir='ltr'><strong>οὖν</strong></span> <span class='ocrx_word' id='word_1_242' title='bbox 1075 1309 1308 1365; x_wconf 86' lang='grc' dir='ltr'><em>Ἡρόδοτος·</em></span> <span class='ocrx_word' id='word_1_243' title='bbox 1350 1308 1508 1363; x_wconf 70' lang='grc' dir='ltr'><em>Λαβιόν</em></span> 
     </span>
     <span class='ocr_line' id='line_1_47' title="bbox 836 1368 1509 1421; baseline -0.007 -11"><span class='ocrx_word' id='word_1_244' title='bbox 836 1369 1036 1421; x_wconf 77' lang='grc' dir='ltr'><em>κρόκυν</em></span> <span class='ocrx_word' id='word_1_245' title='bbox 1062 1369 1104 1410; x_wconf 79' lang='grc' dir='ltr'><strong>ἐκ</strong></span> <span class='ocrx_word' id='word_1_246' title='bbox 1132 1372 1206 1410; x_wconf 77' lang='grc' dir='ltr'><strong>τοῦ</strong></span> <span class='ocrx_word' id='word_1_247' title='bbox 1228 1368 1398 1420; x_wconf 76' lang='grc' dir='ltr'><em>ἱματίου.</em></span> <span class='ocrx_word' id='word_1_248' title='bbox 1430 1368 1509 1406; x_wconf 86' lang='lat' dir='ltr'><strong>De-</strong></span> 
     </span>
     <span class='ocr_line' id='line_1_48' title="bbox 835 1426 1508 1479; baseline -0.003 -13"><span class='ocrx_word' id='word_1_249' title='bbox 835 1429 922 1467; x_wconf 87' lang='lat' dir='ltr'><strong>inde</strong></span> <span class='ocrx_word' id='word_1_250' title='bbox 945 1441 989 1466; x_wconf 76' lang='lat' dir='ltr'><strong>ex</strong></span> <span class='ocrx_word' id='word_1_251' title='bbox 1011 1428 1258 1479; x_wconf 79' lang='lat' dir='ltr'><strong>Aristophane</strong></span> <span class='ocrx_word' id='word_1_252' title='bbox 1272 1426 1400 1463; x_wconf 89' lang='lat' dir='ltr'><strong>laudat</strong></span> <span class='ocrx_word' id='word_1_253' title='bbox 1416 1440 1508 1475; x_wconf 81' lang='grc' dir='ltr'><em>κρο-</em></span> 
     </span>
     <span class='ocr_line' id='line_1_49' title="bbox 836 1481 1509 1534; baseline -0.009 -9"><span class='ocrx_word' id='word_1_254' title='bbox 836 1481 952 1524; x_wconf 76' lang='grc' dir='ltr'><em>κύδα.</em></span> <span class='ocrx_word' id='word_1_255' title='bbox 987 1485 1224 1534; x_wconf 79' lang='lat' dir='ltr'><strong>Significatur</strong></span> <span class='ocrx_word' id='word_1_256' title='bbox 1237 1484 1377 1534; x_wconf 81' lang='lat' dir='ltr'><strong>floccus</strong></span> <span class='ocrx_word' id='word_1_257' title='bbox 1399 1483 1509 1534; x_wconf 87' lang='lat' dir='ltr'><strong>plane</strong></span> 
     </span>
     <span class='ocr_line' id='line_1_50' title="bbox 837 1540 1507 1592; baseline 0 -13"><span class='ocrx_word' id='word_1_258' title='bbox 837 1548 877 1580; x_wconf 90' lang='lat' dir='ltr'><strong>ut</strong></span> <span class='ocrx_word' id='word_1_259' title='bbox 914 1543 950 1579; x_wconf 91' lang='lat' dir='ltr'><strong>in</strong></span> <span class='ocrx_word' id='word_1_260' title='bbox 986 1541 1235 1592; x_wconf 85' lang='lat' dir='ltr'><strong>Theophrast.</strong></span> <span class='ocrx_word' id='word_1_261' title='bbox 1267 1540 1441 1577; x_wconf 86' lang='lat' dir='ltr'><strong>Charact.</strong></span> <span class='ocrx_word' id='word_1_262' title='bbox 1480 1541 1507 1579; x_wconf 78' lang='lat'><strong>2</strong></span> 
     </span>
     <span class='ocr_line' id='line_1_51' title="bbox 839 1597 1512 1649; baseline -0.006 -13"><span class='ocrx_word' id='word_1_263' title='bbox 839 1599 989 1649; x_wconf 85' lang='lat' dir='ltr'><strong>aliisque</strong></span> <span class='ocrx_word' id='word_1_264' title='bbox 1009 1599 1099 1636; x_wconf 86' lang='lat' dir='ltr'><strong>locis</strong></span> <span class='ocrx_word' id='word_1_265' title='bbox 1123 1611 1145 1636; x_wconf 91' lang='lat' dir='ltr'><strong>a</strong></span> <span class='ocrx_word' id='word_1_266' title='bbox 1169 1597 1392 1646; x_wconf 67' lang='lat' dir='ltr'><strong>wesseling.</strong></span> <span class='ocrx_word' id='word_1_267' title='bbox 1415 1597 1512 1633; x_wconf 84' lang='lat' dir='ltr'><strong>indi-</strong></span> 
     </span>
     <span class='ocr_line' id='line_1_52' title="bbox 840 1653 1512 1705; baseline -0.006 -12"><span class='ocrx_word' id='word_1_268' title='bbox 840 1657 941 1693; x_wconf 87' lang='lat' dir='ltr'><strong>catis.</strong></span> <span class='ocrx_word' id='word_1_269' title='bbox 983 1655 1056 1693; x_wconf 91' lang='lat' dir='ltr'><strong>Pro</strong></span> <span class='ocrx_word' id='word_1_270' title='bbox 1081 1653 1270 1705; x_wconf 78' lang='grc' dir='ltr'><em>ἑκατέρου</em></span> <span class='ocrx_word' id='word_1_271' title='bbox 1293 1655 1402 1691; x_wconf 85' lang='lat' dir='ltr'><strong>iidem</strong></span> <span class='ocrx_word' id='word_1_272' title='bbox 1427 1653 1512 1690; x_wconf 89' lang='lat' dir='ltr'><strong>libri</strong></span> 
     </span>
     <span class='ocr_line' id='line_1_53' title="bbox 841 1708 1512 1762; baseline -0.006 -11"><span class='ocrx_word' id='word_1_273' title='bbox 841 1708 1068 1751; x_wconf 78' lang='grc' dir='ltr'><em>ἑκάστου.</em></span> <span class='ocrx_word' id='word_1_274' title='bbox 1102 1712 1314 1762; x_wconf 78' lang='lat' dir='ltr'><strong>Pei-peram.</strong></span> <span class='ocrx_word' id='word_1_275' title='bbox 1338 1710 1512 1760; x_wconf 71' lang='lat' dir='ltr'><strong>Namque</strong></span> 
     </span>
     <span class='ocr_line' id='line_1_54' title="bbox 841 1764 1513 1817; baseline -0.007 -9"><span class='ocrx_word' id='word_1_276' title='bbox 841 1764 1026 1817; x_wconf 74' lang='grc' dir='ltr'><em>ἑκάτερος</em></span> <span class='ocrx_word' id='word_1_277' title='bbox 1053 1769 1208 1816; x_wconf 85' lang='lat' dir='ltr'><strong>dicitur,</strong></span> <span class='ocrx_word' id='word_1_278' title='bbox 1246 1781 1326 1804; x_wconf 90' lang='lat' dir='ltr'><strong>cum</strong></span> <span class='ocrx_word' id='word_1_279' title='bbox 1357 1774 1513 1816; x_wconf 84' lang='lat' dir='ltr'><strong>uterque</strong></span> 
     </span>
     <span class='ocr_line' id='line_1_55' title="bbox 841 1825 1512 1874; baseline -0.004 -12"><span class='ocrx_word' id='word_1_280' title='bbox 841 1826 1029 1864; x_wconf 87' lang='lat' dir='ltr'><strong>seiunctim</strong></span> <span class='ocrx_word' id='word_1_281' title='bbox 1048 1839 1152 1862; x_wconf 89' lang='lat' dir='ltr'><strong>suum</strong></span> <span class='ocrx_word' id='word_1_282' title='bbox 1170 1825 1326 1874; x_wconf 87' lang='lat' dir='ltr'><strong>quisque</strong></span> <span class='ocrx_word' id='word_1_283' title='bbox 1346 1825 1512 1874; x_wconf 81' lang='lat' dir='ltr'><strong>peragit3</strong></span> 
     </span>
     <span class='ocr_line' id='line_1_56' title="bbox 841 1877 1511 1934; baseline -0.006 -13"><span class='ocrx_word' id='word_1_284' title='bbox 841 1877 1085 1934; x_wconf 74' lang='grc' dir='ltr'><em>ἆμφότεροι,</em></span> <span class='ocrx_word' id='word_1_285' title='bbox 1126 1895 1206 1918; x_wconf 91' lang='lat' dir='ltr'><strong>cum</strong></span> <span class='ocrx_word' id='word_1_286' title='bbox 1230 1887 1387 1930; x_wconf 89' lang='lat' dir='ltr'><strong>uterque</strong></span> <span class='ocrx_word' id='word_1_287' title='bbox 1414 1881 1511 1918; x_wconf 87' lang='lat' dir='ltr'><strong>idem</strong></span> 
     </span>
     <span class='ocr_line' id='line_1_57' title="bbox 841 1937 1512 1987; baseline -0.004 -10"><span class='ocrx_word' id='word_1_288' title='bbox 841 1940 970 1978; x_wconf 85' lang='lat' dir='ltr'><strong>eadem</strong></span> <span class='ocrx_word' id='word_1_289' title='bbox 989 1939 1027 1975; x_wconf 87' lang='lat' dir='ltr'><strong>in</strong></span> <span class='ocrx_word' id='word_1_290' title='bbox 1042 1952 1082 1976; x_wconf 89' lang='lat' dir='ltr'><strong>re</strong></span> <span class='ocrx_word' id='word_1_291' title='bbox 1101 1938 1192 1987; x_wconf 69' lang='lat' dir='ltr'><strong>agit.</strong></span> <span class='ocrx_word' id='word_1_292' title='bbox 1252 1938 1342 1975; x_wconf 89' lang='lat' dir='ltr'><strong>Post</strong></span> <span class='ocrx_word' id='word_1_293' title='bbox 1360 1937 1512 1974; x_wconf 78' lang='lat' dir='ltr'><strong>Ammo·</strong></span> 
     </span>
     <span class='ocr_line' id='line_1_58' title="bbox 841 1992 1511 2045; baseline -0.003 -11"><span class='ocrx_word' id='word_1_294' title='bbox 841 1996 940 2034; x_wconf 87' lang='lat' dir='ltr'><strong>nium</strong></span> <span class='ocrx_word' id='word_1_295' title='bbox 961 1996 1008 2033; x_wconf 91' lang='lat' dir='ltr'><strong>de</strong></span> <span class='ocrx_word' id='word_1_296' title='bbox 1035 1995 1153 2033; x_wconf 83' lang='lat' dir='ltr'><strong>differ.</strong></span> <span class='ocrx_word' id='word_1_297' title='bbox 1173 1995 1327 2031; x_wconf 72' lang='lat' dir='ltr'><strong>vocabb.</strong></span> <span class='ocrx_word' id='word_1_298' title='bbox 1349 2006 1436 2045; x_wconf 83' lang='lat' dir='ltr'><strong>pag.</strong></span> <span class='ocrx_word' id='word_1_299' title='bbox 1459 1992 1511 2033; x_wconf 76' lang='lat'><strong>14</strong></span> 
     </span>
     <span class='ocr_line' id='line_1_59' title="bbox 841 2051 1512 2100; baseline -0.004 -9"><span class='ocrx_word' id='word_1_300' title='bbox 841 2053 1005 2099; x_wconf 82' lang='lat' dir='ltr'><strong>monuit,</strong></span> <span class='ocrx_word' id='word_1_301' title='bbox 1033 2052 1104 2089; x_wconf 88' lang='lat' dir='ltr'><strong>hoc</strong></span> <span class='ocrx_word' id='word_1_302' title='bbox 1129 2051 1209 2089; x_wconf 87' lang='lat' dir='ltr'><strong>loco</strong></span> <span class='ocrx_word' id='word_1_303' title='bbox 1240 2051 1374 2097; x_wconf 88' lang='lat' dir='ltr'><strong>allato,</strong></span> <span class='ocrx_word' id='word_1_304' title='bbox 1405 2051 1512 2100; x_wconf 55' lang='lat' dir='ltr'><strong>wyt-</strong></span> 
     </span>
     <span class='ocr_line' id='line_1_60' title="bbox 842 2107 1511 2154; baseline -0.004 -7"><span class='ocrx_word' id='word_1_305' title='bbox 842 2109 1010 2147; x_wconf 84' lang='lat' dir='ltr'><strong>tenbach.</strong></span> <span class='ocrx_word' id='word_1_306' title='bbox 1037 2110 1084 2146; x_wconf 87' lang='lat' dir='ltr'><strong>ad</strong></span> <span class='ocrx_word' id='word_1_307' title='bbox 1108 2108 1294 2146; x_wconf 84' lang='lat' dir='ltr'><strong>Plutarch.</strong></span> <span class='ocrx_word' id='word_1_308' title='bbox 1317 2107 1461 2145; x_wconf 74' lang='lat' dir='ltr'><strong>Mox-all.</strong></span> <span class='ocrx_word' id='word_1_309' title='bbox 1482 2107 1511 2154; x_wconf 89' lang='lat' dir='ltr'><strong>I,</strong></span> 
     </span>
     <span class='ocr_line' id='line_1_61' title="bbox 843 2165 1513 2217; baseline -0.007 -11"><span class='ocrx_word' id='word_1_310' title='bbox 843 2168 869 2206; x_wconf 80' lang='lat'><strong>2</strong></span> <span class='ocrx_word' id='word_1_311' title='bbox 900 2179 987 2217; x_wconf 83' lang='lat' dir='ltr'><strong>pag.</strong></span> <span class='ocrx_word' id='word_1_312' title='bbox 1010 2167 1118 2206; x_wconf 84' lang='lat'>1060</span> <span class='ocrx_word' id='word_1_313' title='bbox 1137 2178 1217 2215; x_wconf 88' lang='lat' dir='ltr'><strong>seq.</strong></span> <span class='ocrx_word' id='word_1_314' title='bbox 1258 2165 1321 2203; x_wconf 92' lang='lat' dir='ltr'><strong>Tu</strong></span> <span class='ocrx_word' id='word_1_315' title='bbox 1343 2166 1437 2202; x_wconf 87' lang='lat' dir='ltr'><strong>conf.</strong></span> <span class='ocrx_word' id='word_1_316' title='bbox 1456 2165 1513 2202; x_wconf 89' lang='lat' dir='ltr'><strong>in-</strong></span> 
     </span>
     <span class='ocr_line' id='line_1_62' title="bbox 842 2223 1516 2269; baseline -0.006 -8"><span class='ocrx_word' id='word_1_317' title='bbox 842 2223 986 2269; x_wconf 78' lang='lat' dir='ltr'><strong>stalli,</strong></span> <span class='ocrx_word' id='word_1_318' title='bbox 1021 2225 1084 2262; x_wconf 77' lang='lat'><strong>12.</strong></span> <span class='ocrx_word' id='word_1_319' title='bbox 1103 2225 1168 2262; x_wconf 87' lang='lat'><strong>60.</strong></span> <span class='ocrx_word' id='word_1_320' title='bbox 1513 2254 1516 2257; x_wconf 83' lang='lat'><strong>.</strong></span> 
     </span>
    </p>

    <p class='ocr_par' dir='ltr' id='par_1_13' title="bbox 842 2273 1518 2899">
     <span class='ocr_line' id='line_1_63' title="bbox 901 2273 1511 2329; baseline -0.003 -11"><span class='ocrx_word' id='word_1_321' title='bbox 901 2275 1056 2329; x_wconf 65' lang='grc' dir='ltr'><em>ἀλείφει</em></span> <span class='ocrx_word' id='word_1_322' title='bbox 1092 2299 1150 2306; x_wconf 89' lang='lat'><strong>-—</strong></span> <span class='ocrx_word' id='word_1_323' title='bbox 1185 2278 1330 2325; x_wconf 74' lang='grc' dir='ltr'><em>λίθους</em></span> <span class='ocrx_word' id='word_1_324' title='bbox 1372 2273 1511 2328; x_wconf 54' lang='lat' dir='ltr'><strong>gard]</strong></span> 
     </span>
     <span class='ocr_line' id='line_1_64' title="bbox 842 2335 1514 2386; baseline -0.006 -11"><span class='ocrx_word' id='word_1_325' title='bbox 842 2336 1028 2375; x_wconf 70' lang='lat' dir='ltr'><strong>‘Numerus</strong></span> <span class='ocrx_word' id='word_1_326' title='bbox 1058 2339 1275 2386; x_wconf 74' lang='lat' dir='ltr'><strong>septenarius</strong></span> <span class='ocrx_word' id='word_1_327' title='bbox 1301 2336 1399 2386; x_wconf 89' lang='lat' dir='ltr'><strong>apud</strong></span> <span class='ocrx_word' id='word_1_328' title='bbox 1419 2335 1514 2372; x_wconf 81' lang='lat' dir='ltr'><strong>Ara-</strong></span> 
     </span>
     <span class='ocr_line' id='line_1_65' title="bbox 844 2392 1518 2443; baseline -0.004 -12"><span class='ocrx_word' id='word_1_329' title='bbox 844 2394 909 2431; x_wconf 86' lang='lat' dir='ltr'><strong>bes</strong></span> <span class='ocrx_word' id='word_1_330' title='bbox 933 2406 1081 2443; x_wconf 85' lang='lat' dir='ltr'><strong>quoque</strong></span> <span class='ocrx_word' id='word_1_331' title='bbox 1103 2405 1206 2431; x_wconf 90' lang='lat' dir='ltr'><strong>sacer</strong></span> <span class='ocrx_word' id='word_1_332' title='bbox 1226 2393 1339 2429; x_wconf 87' lang='lat' dir='ltr'><strong>fuisse</strong></span> <span class='ocrx_word' id='word_1_333' title='bbox 1352 2392 1518 2437; x_wconf 70' lang='lat' dir='ltr'><strong>videtur,</strong></span> 
     </span>
     <span class='ocr_line' id='line_1_66' title="bbox 844 2450 1516 2500; baseline 0 -14"><span class='ocrx_word' id='word_1_334' title='bbox 844 2451 933 2500; x_wconf 80' lang='lat' dir='ltr'><strong>quin</strong></span> <span class='ocrx_word' id='word_1_335' title='bbox 952 2450 1001 2487; x_wconf 92' lang='lat' dir='ltr'><strong>ad</strong></span> <span class='ocrx_word' id='word_1_336' title='bbox 1021 2453 1146 2499; x_wconf 78' lang='lat' dir='ltr'><strong>septem</strong></span> <span class='ocrx_word' id='word_1_337' title='bbox 1168 2463 1254 2487; x_wconf 75' lang='lat' dir='ltr'><strong>ores</strong></span> <span class='ocrx_word' id='word_1_338' title='bbox 1271 2450 1516 2487; x_wconf 88' lang='lat' dir='ltr'><strong>iuramentum</strong></span> 
     </span>
     <span class='ocr_line' id='line_1_67' title="bbox 845 2506 1516 2556; baseline -0.004 -12"><span class='ocrx_word' id='word_1_339' title='bbox 845 2507 999 2556; x_wconf 72' lang='lat' dir='ltr'><strong>exigitur</strong></span> <span class='ocrx_word' id='word_1_340' title='bbox 1019 2507 1057 2543; x_wconf 91' lang='lat' dir='ltr'><strong>in</strong></span> <span class='ocrx_word' id='word_1_341' title='bbox 1071 2506 1209 2544; x_wconf 88' lang='lat' dir='ltr'><strong>Genes.</strong></span> <span class='ocrx_word' id='word_1_342' title='bbox 1224 2506 1326 2552; x_wconf 64' lang='lat' dir='ltr'><strong>m,</strong></span> <span class='ocrx_word' id='word_1_343' title='bbox 1345 2508 1399 2546; x_wconf 73' lang='lat'><strong>28</strong></span> <span class='ocrx_word' id='word_1_344' title='bbox 1412 2518 1516 2555; x_wconf 91' lang='lat' dir='ltr'><strong>seqq.</strong></span> 
     </span>
     <span class='ocr_line' id='line_1_68' title="bbox 844 2562 1517 2614; baseline -0.004 -14"><span class='ocrx_word' id='word_1_345' title='bbox 844 2563 895 2600; x_wconf 84' lang='lat' dir='ltr'><strong>Et</strong></span> <span class='ocrx_word' id='word_1_346' title='bbox 922 2565 1044 2614; x_wconf 90' lang='lat' dir='ltr'><strong>ipsum</strong></span> <span class='ocrx_word' id='word_1_347' title='bbox 1072 2564 1221 2600; x_wconf 72' lang='lat' dir='ltr'><strong>verbum</strong></span> <span class='ocrx_word' id='word_1_348' title='bbox 1254 2564 1341 2600; x_wconf 69' lang='lat'><strong>2⁸:125</strong></span> <span class='ocrx_word' id='word_1_349' title='bbox 1371 2562 1429 2599; x_wconf 70' lang='lat' dir='ltr'><strong>vel</strong></span> <span class='ocrx_word' id='word_1_350' title='bbox 1450 2576 1517 2613; x_wconf 89' lang='lat' dir='ltr'><strong>po-</strong></span> 
     </span>
     <span class='ocr_line' id='line_1_69' title="bbox 845 2619 1518 2672; baseline -0.004 -14"><span class='ocrx_word' id='word_1_351' title='bbox 845 2622 917 2658; x_wconf 86' lang='lat' dir='ltr'><strong>tius</strong></span> <span class='ocrx_word' id='word_1_352' title='bbox 949 2623 1062 2672; x_wconf 58' lang='grc' dir='ltr'><strong>ἳζςέξ</strong></span> <span class='ocrx_word' id='word_1_353' title='bbox 1090 2619 1212 2669; x_wconf 90' lang='lat' dir='ltr'><strong>(quod</strong></span> <span class='ocrx_word' id='word_1_354' title='bbox 1241 2619 1358 2656; x_wconf 89' lang='lat' dir='ltr'><strong>solum</strong></span> <span class='ocrx_word' id='word_1_355' title='bbox 1386 2620 1422 2656; x_wconf 80' lang='lat' dir='ltr'><strong>in</strong></span> <span class='ocrx_word' id='word_1_356' title='bbox 1451 2631 1518 2655; x_wconf 86' lang='lat' dir='ltr'><strong>usu</strong></span> 
     </span>
     <span class='ocr_line' id='line_1_70' title="bbox 846 2677 1517 2725; baseline -0.004 -10"><span class='ocrx_word' id='word_1_357' title='bbox 846 2678 922 2725; x_wconf 89' lang='lat' dir='ltr'><strong>est)</strong></span> <span class='ocrx_word' id='word_1_358' title='bbox 949 2678 1108 2723; x_wconf 75' lang='lat' dir='ltr'><strong>iuravit,</strong></span> <span class='ocrx_word' id='word_1_359' title='bbox 1150 2677 1343 2714; x_wconf 89' lang='lat' dir='ltr'><strong>deducitur</strong></span> <span class='ocrx_word' id='word_1_360' title='bbox 1378 2688 1399 2712; x_wconf 91' lang='lat' dir='ltr'><strong>a</strong></span> <span class='ocrx_word' id='word_1_361' title='bbox 1428 2687 1517 2712; x_wconf 77' lang='lat' dir='ltr'><strong>voce</strong></span> 
     </span>
     <span class='ocr_line' id='line_1_71' title="bbox 848 2730 1515 2784; baseline -0.009 -12"><span class='ocrx_word' id='word_1_362' title='bbox 848 2737 932 2782; x_wconf 62' lang='lat'><strong>2⁹:35</strong></span> <span class='ocrx_word' id='word_1_363' title='bbox 962 2734 985 2770; x_wconf 91' lang='lat' dir='ltr'><strong>i.</strong></span> <span class='ocrx_word' id='word_1_364' title='bbox 1006 2746 1038 2771; x_wconf 93' lang='lat' dir='ltr'><strong>e.</strong></span> <span class='ocrx_word' id='word_1_365' title='bbox 1057 2737 1203 2784; x_wconf 72' lang='lat' dir='ltr'><strong>septem,</strong></span> <span class='ocrx_word' id='word_1_366' title='bbox 1233 2746 1313 2771; x_wconf 82' lang='lat' dir='ltr'><strong>eam</strong></span> <span class='ocrx_word' id='word_1_367' title='bbox 1331 2733 1447 2783; x_wconf 82' lang='lat' dir='ltr'><strong>ipsam</strong></span> <span class='ocrx_word' id='word_1_368' title='bbox 1469 2730 1515 2766; x_wconf 94' lang='lat' dir='ltr'><strong>ob</strong></span> 
     </span>
     <span class='ocr_line' id='line_1_72' title="bbox 846 2782 1516 2840; baseline -0.009 -12"><span class='ocrx_word' id='word_1_369' title='bbox 846 2782 1016 2837; x_wconf 75' lang='lat' dir='ltr'><strong>causam,</strong></span> <span class='ocrx_word' id='word_1_370' title='bbox 1057 2791 1178 2840; x_wconf 90' lang='lat' dir='ltr'><strong>quod,</strong></span> <span class='ocrx_word' id='word_1_371' title='bbox 1227 2802 1306 2827; x_wconf 90' lang='lat' dir='ltr'><strong>cum</strong></span> <span class='ocrx_word' id='word_1_372' title='bbox 1346 2798 1516 2825; x_wconf 87' lang='lat' dir='ltr'><strong>numerus</strong></span> 
     </span>
     <span class='ocr_line' id='line_1_73' title="bbox 847 2846 1515 2899; baseline -0.009 -14"><span class='ocrx_word' id='word_1_373' title='bbox 847 2848 1074 2899; x_wconf 81' lang='lat' dir='ltr'><strong>septenarius</strong></span> <span class='ocrx_word' id='word_1_374' title='bbox 1092 2848 1133 2885; x_wconf 87' lang='lat' dir='ltr'><strong>in</strong></span> <span class='ocrx_word' id='word_1_375' title='bbox 1152 2847 1251 2885; x_wconf 90' lang='lat' dir='ltr'><strong>omni</strong></span> <span class='ocrx_word' id='word_1_376' title='bbox 1270 2846 1411 2883; x_wconf 87' lang='lat' dir='ltr'><strong>oriente</strong></span> <span class='ocrx_word' id='word_1_377' title='bbox 1429 2853 1515 2880; x_wconf 87' lang='lat' dir='ltr'><strong>san-</strong></span> 
     </span>
    </p>
   </div>
  </div>
 </body>
</html>
