1863 3256
405 162 490 203 368

793 160 1263 204 HERODOTI

404 270 478 313 καὶ
506 268 635 327 ἡλίου
665 269 880 322 ἀνατολάς
910 272 952 322 ἐς
981 270 1228 315 θάλασσαν·
1277 269 1349 313 διοὶ
1377 270 1603 327 θαλάσσης
1629 272 1676 315 δὲ

403 341 510 396 πρός
540 341 727 398 ἕσπέρην
747 344 970 391 πλέοντες,
1001 345 1245 398 τριηκοστῷ
1263 340 1367 396 μηνὶ
1393 339 1676 386 ἀπικνέονται

403 410 446 462 ἐς
475 415 636 455 τοῦτον
665 413 742 454 τόν
770 416 941 466 χῶρον,
987 412 1095 455 ὅθεν
1136 411 1158 455 ὁ
1192 412 1444 466 Αἰγυπτίων
1472 412 1678 468 βοὶσιλεύς

403 483 507 533 τούς
532 485 763 532 Φοίνικας,
792 482 893 533 τούς
910 482 1124 537 πρότερον
1154 481 1279 533 εἶπα,
1307 482 1526 525 ἀπέστειλε
1556 486 1733 536 περι-4ο

375 559 397 593 8
410 552 571 596 πλώειν
608 551 794 608 Λιβύην.

351 710 461 747 tribui
488 721 598 759 posse
627 712 758 758 negat,
796 710 862 748 sed
888 710 1010 748 Hero-

351 767 462 810 doto,
494 766 567 813 qui,
597 778 710 814 prava
732 766 865 803 saeculi
885 767 941 803 sui
963 767 1010 804 de

351 822 439 859 mari
455 822 619 858 orientali
637 822 809 871 opinione
821 824 1010 873 deceptus,

349 880 398 914 ita
422 878 596 924 retulerit,
626 891 708 915 cum
727 878 823 915 illum
850 880 1009 916 secundo

351 935 500 971 flumine
539 947 654 983 usque
694 935 742 971 ad
776 948 877 972 mare
915 937 1012 972 navi-

352 1002 459 1039 gasse
487 991 670 1028 audiisset.
712 991 811 1034 Quin
831 991 874 1028 A.
899 992 947 1028 G.
966 993 1013 1028 de

352 1046 530 1095 Schlegel.
575 1048 622 1084 ob
660 1047 750 1084 haec
777 1049 878 1098 ipsa,
919 1061 1014 1097 quae

353 1108 482 1153 aperte
512 1103 606 1140 falsa
633 1104 729 1150 sint,
760 1118 904 1142 omnem
929 1118 1013 1141 nar-

353 1160 532 1197 rationem
553 1164 758 1211 suspectam
774 1161 851 1198 fieri
862 1166 1015 1198 conten-

353 1217 418 1253 dit.
468 1216 528 1254 Cf.
568 1217 702 1255 Berlin.
733 1216 1011 1255 Taschenbuch.

355 1274 463 1313 1829
491 1285 577 1323 pag.
613 1275 675 1313 18.
713 1272 804 1310 Mihi
834 1287 938 1311 secus
958 1275 1013 1311 vi-

352 1329 483 1372 detum
513 1330 575 1378 qui
606 1330 654 1367 ob
680 1329 796 1367 levem
821 1330 917 1368 hunc
935 1330 1012 1368 He-

351 1385 472 1422 rodoti
491 1398 650 1423 errorem
671 1386 718 1423 de
735 1387 920 1437 scriptoris
939 1387 1011 1425 fide

351 1442 540 1493 ipsiusque
561 1442 803 1491 navigationis
822 1456 843 1480 a
861 1442 1013 1492 Scylace

352 1503 545 1548 susceptae
567 1499 719 1536 veritate
749 1500 915 1537 dubitare
945 1513 1012 1536 no-

349 1554 423 1592 lim.
451 1555 550 1591 Add.
570 1555 683 1592 Koes.
706 1555 760 1592 l.l.
776 1569 860 1606 pag.
875 1559 1014 1597 201101·

349 1610 473 1660 Atque
510 1611 744 1649 Herodotum
795 1613 842 1648 ab
881 1614 1013 1650 erroris

333 1660 500 1705 =crimine
553 1667 698 1710 liberari
736 1681 846 1720 posse
886 1673 1013 1707 censet

351 1723 475 1762 Wahl.
510 1724 727 1762 Erdbeschr.
774 1738 808 1761 v.
861 1726 1011 1765 Ostind.

353 1794 390 1831 p.
410 1779 513 1828 475,
542 1794 622 1818 cum
650 1782 697 1819 de
725 1782 906 1832 primitivo
933 1783 1013 1819 lndi

353 1850 459 1874 cursu
482 1842 622 1875 tantum
648 1837 817 1886 loquatur
838 1839 896 1875 ille
919 1839 1011 1888 Scy-

353 1893 515 1943 lacisque
542 1895 813 1944 navigationem
839 1908 861 1932 a
880 1895 1013 1945 potiori

353 1951 557 1988 directione
587 1952 779 1988 describat.
838 1952 1013 2000 Gangem,

353 2019 428 2044 non
450 2006 582 2044 Indum
607 2008 718 2044 fuisse
752 2009 922 2055 fluvium,
953 2009 1015 2057 qui

352 2063 401 2100 ad
430 2065 605 2102 orientem
633 2065 824 2109 decurrat,
854 2066 1015 2115 suspica-

355 2124 415 2156 tus
454 2124 535 2159 erat
564 2120 741 2158 Dodwell.
773 2121 927 2159 Dissert.
967 2122 1015 2159 de

355 2176 494 2225 Scylac.
535 2175 572 2228 ἓ.
604 2179 640 2218 1.
688 2178 872 2215 Heerenio
904 2178 1015 2215 [deen

354 2237 422 2270 etc.
454 2233 490 2279 Ι,
525 2241 545 2275 1
578 2246 665 2284 pag.
689 2233 770 2275 355
802 2235 1014 2272 Herodotus

355 2289 501 2326 videtur
537 2291 725 2339 posuisse:
776 2292 921 2327 fluvium
950 2290 1015 2328 In-

356 2345 439 2382 dum
460 2359 527 2395 pro
552 2347 662 2383 fluvio
683 2348 798 2384 Gnreo
819 2360 845 2384 s.
866 2347 1014 2394 Kameh,

355 2415 463 2450 quem
490 2402 565 2439 scil.
585 2416 664 2439 cum
687 2403 778 2439 ludo
798 2405 1015 2442 confuderit.

354 2457 475 2496 Docto
525 2457 633 2494 Gallo
681 2459 829 2496 Dureau
884 2461 932 2498 de
981 2461 1016 2498 la

355 2513 469 2552 Malle
497 2513 520 2551 l.
548 2516 570 2551 l.
603 2528 687 2564 pag.
717 2518 769 2554 67
800 2520 877 2552 not.
906 2517 1015 2553 verba

355 2568 457 2620 πρός
482 2566 544 2621 ηάἷ
573 2585 611 2608 τε
641 2570 707 2609 καὶ
732 2570 848 2621 ἡλίου
873 2567 1015 2611 α’νατο-

356 2623 428 2674 λοὶς
460 2627 621 2664 indicare
651 2628 824 2665 videntur
853 2630 1015 2665 orientem

358 2687 392 2720 et
434 2684 612 2721 meridiem
648 2697 788 2728 νοω-ηε,-
836 2698 930 2733 quae
967 2686 1015 2722 si:

359 2742 524 2777 orientem
539 2753 658 2778 versus
675 2742 910 2790 accipiantur,
931 2742 1017 2778 scri-

360 2798 538 2835 bendum:
594 2793 695 2849 πρός
735 2799 826 2851 Κοῇ
855 2798 946 2848 (sic)
977 2812 1017 2838 τε

854 553 958 609 μετὰ
992 555 1037 598 δὲ
1077 553 1264 606 τούτους
1300 552 1674 608 περιπλώσαντας,

1067 709 1134 749 καὶ
1153 709 1273 761 ἡλίου
1293 706 1489 756 α’νατολᾶς
1520 710 1588 757 (ad
1612 709 1734 747 Clioem

1067 769 1237 813 fluvium,
1269 770 1330 816 qui
1358 769 1395 804 in
1419 767 1547 804 lndum
1571 767 1733 814 influat),

1067 829 1108 860 ut
1146 824 1299 861 evitetur
1337 824 1548 871 tautologia.
1610 823 1732 866 Quem

1067 880 1162 927 fugit
1195 892 1306 925 sane,
1337 892 1483 917 omnem
1514 879 1606 915 hanc
1633 879 1732 917 locu-

1068 936 1205 972 tionem
1236 932 1337 985 πρός
1366 931 1430 985 ἠἀῖ
1457 949 1497 973 τε
1526 933 1594 973 καὶ
1613 933 1730 984 η’λίου

1070 986 1279 1038 ἀνατολὰς,
1305 1003 1400 1040 quae
1420 991 1528 1028 etiam
1553 992 1734 1041 reperitur

1069 1047 1110 1094 l,
1143 1048 1247 1094 204,
1278 1047 1437 1085 effictam
1466 1047 1580 1085 videri
1603 1060 1733 1085 secun·

1070 1105 1156 1140 dum
1187 1105 1420 1142 Homericam
1456 1101 1557 1155 πρός
1593 1099 1658 1154 ηάῖ
1691 1118 1732 1143 τε

1070 1155 1207 1209 ἠέλιόν
1247 1176 1287 1199 τε
1314 1160 1354 1197 Il.
1382 1160 1474 1208 Xll,
1512 1161 1616 1206 239,
1658 1158 1731 1198 O'd.

1069 1217 1167 1264 Xlll,
1187 1216 1269 1259 240
1290 1217 1426 1265 Hymn.
1448 1218 1483 1253 in
1504 1216 1622 1267 Apoll.
1637 1218 1732 1259 258.

1068 1273 1189 1320 4363
1219 1274 1291 1323 qua
1315 1274 1396 1324 ipsa
1411 1273 1670 1324 comprehendi
1693 1279 1732 1311 et

1068 1331 1245 1366 meridiem
1272 1334 1310 1366 et
1338 1332 1501 1367 orientem
1528 1342 1648 1366 versus
1672 1329 1733 1381 (ut

1068 1383 1170 1438 πρὸς
1205 1381 1358 1434 ζόφον,
1398 1389 1666 1436 septentrionem
1694 1390 1732 1424 et

1069 1444 1278 1480 occidentem
1316 1444 1455 1491 versus)
1499 1442 1621 1494 plures
1647 1442 1732 1480 olim

1069 1504 1299 1544 statuerunt,
1340 1499 1434 1537 inter
1469 1512 1562 1548 quos
1597 1512 1731 1550 nuper-

1070 1557 1158 1593 rime
1183 1555 1402 1592 Maltebrun.
1431 1556 1453 1592 l.
1477 1555 1498 1592 l.
1530 1556 1563 1593 11
1590 1569 1627 1606 p.
1649 1558 1733 1597 332

1071 1612 1151 1650 coll.
1193 1612 1361 1648 Brzoska
1391 1612 1499 1663 Spec.
1530 1612 1542 1648 l
1570 1613 1618 1650 de
1643 1624 1734 1661 geo-

1070 1668 1200 1718 graph.
1238 1667 1388 1716 Mythic.
1447 1668 1570 1719 (Lips.
1605 1668 1734 1717 1831)

1069 1738 1156 1775 pag.
1189 1727 1213 1764 9
1255 1730 1295 1762 et
1323 1725 1538 1774 Bernhardy
1564 1725 1611 1762 ad
1642 1724 1734 1762 Dio-

1069 1794 1150 1831 nys.
1176 1781 1321 1829 Perieg.
1353 1795 1413 1818 vs,
1437 1783 1518 1822 243
1541 1795 1626 1832 pag.
1651 1782 1734 1822 578

1070 1851 1122 1875 vs.
1149 1836 1231 1877 437
1248 1851 1333 1887 pag.
1356 1837 1450 1878 635.
1491 1837 1540 1875 At
1563 1843 1733 1875 accurata

1071 1894 1231 1932 locorum
1254 1894 1529 1932 Homericorum
1552 1895 1733 1945 interpre-

1070 1952 1213 1988 tatione
1233 1951 1559 2001 satisperspicitur‚
1578 1951 1644 1987 hac
1657 1952 1733 1988 sor-

1071 2007 1168 2045 mula
1201 2007 1289 2044 nihil
1322 2007 1419 2044 aliud
1441 2008 1639 2055 significari
1664 2007 1733 2044 nisi

1074 2066 1236 2101 orientem
1266 2076 1397 2103 versus.
1459 2064 1565 2107 Quae
1596 2064 1734 2101 Grote-

1073 2121 1187 2168 sendi,
1217 2120 1364 2166 Ukerti‚
1395 2120 1537 2166 Zeunii‚
1564 2120 1733 2169 Spohnii,

1073 2177 1251 2215 Nitzschii
1271 2177 1339 2224 (ad
1350 2177 1486 2225 Odyss.
1498 2177 1511 2213 l
1523 2190 1560 2227 p.
1573 2178 1629 2224 9),
1645 2176 1733 2213 alio-

1073 2247 1150 2271 rum
1168 2234 1351 2271 sententia
1371 2234 1520 2282 egregie
1540 2246 1636 2269 nunc
1648 2245 1732 2282 pro-

1073 2291 1159 2328 bata
1199 2296 1255 2327 est
1286 2290 1453 2327 l'iilckeri
1483 2289 1733 2339 disputatione

1073 2348 1110 2383 in
1138 2347 1287 2384 Homer.
1317 2346 1455 2395 Geogr.
1489 2343 1527 2396 ἓ,
1555 2347 1609 2387 27
1644 2358 1730 2397 pag.

1074 2403 1127 2444 43
1151 2415 1229 2452 seq.

1129 2456 1223 2504 τούς
1240 2453 1433 2508 πρότερον
1457 2453 1564 2507 εἶπα]
1590 2457 1648 2494 Cf.
1672 2457 1734 2503 lv,

1075 2516 1139 2556 42.
1171 2514 1292 2551 Verba
1310 2510 1403 2563 μετὰ
1423 2511 1465 2552 ὑὲ
1481 2512 1648 2560 τούτους
1668 2528 1734 2552 πε-

1075 2567 1351 2619 ριπλώσαντας
1387 2573 1529 2608 valent:
1579 2570 1734 2621 confecta

1074 2628 1141 2664 hac
1181 2629 1429 2675 navigatione,
1469 2640 1494 2664 s.
1532 2628 1735 2678 posthanc

1075 2686 1351 2732 navigationem.
1393 2683 1451 2720 Ad
1475 2685 1640 2734 proxime
1675 2696 1734 2722 se-

1073 2742 1220 2790 quentia
1256 2742 1352 2778 cons.
1381 2740 1450 2787 lll,
1489 2739 1544 2782 94
1573 2741 1634 2778 fin.
1666 2741 1732 2782 98.

1077 2801 1156 2839 102
1175 2798 1261 2847 ibiq.
1287 2801 1377 2834 nott.
