1863 3256
79 875 141 901 Vox
169 874 350 901 rudicntiuin

76 909 226 947 asinorum
243 912 271 933 ct
285 914 351 941 spe-

75 1047 138 1070 nat.
174 1043 215 1076 [c.
232 1041 291 1076 ze]

408 134 492 175 506

802 131 1265 172 IIERODOTI

408 243 487 300 μὲν
525 243 672 299 μηκέτι
711 243 908 296 Πέρσας,
957 246 1055 284 σῖτα
1091 241 1136 283 δὲ
1174 239 1373 284 ἑκάστοτε
1416 239 1718 296 α’ναιρεομέ-’ἵο

378 322 399 356 3
410 326 524 358 νοισι
562 315 845 358 ἐπιτίθεσθαι.

912 314 1140 365 νωμῶντες
1178 305 1240 353 ὦν
1280 315 1376 354 σῖτα
1415 308 1663 365 ἀναιρεομέ-

380 391 517 437 4νους
546 385 649 435 τούς
669 383 881 435 Δαρείου,
912 380 1087 423 ἐποίευν
1103 381 1153 422 τοὶ
1176 381 1507 436 βεβουλευμένα.
1537 381 1563 436 ἡ
1587 382 1666 436 μὲν

406 457 458 513 δὴ
491 458 622 505 ἵππος
651 453 728 508 τήν
758 453 894 493 ἵππον
919 451 1001 493 αἰεὶ
1030 451 1231 504 τρέπεσκε
1260 450 1287 508 ἡ
1317 455 1406 495 τῶν
1430 452 1662 494 Σκυθέων·

409 530 452 571 οἱ
490 527 535 570 δὲ
575 530 662 567 τῶν
702 523 905 579 Περσέων
944 521 1126 566 ἱππόται
1165 522 1402 578 φεύγοντες
1441 522 1666 566 ἐσέπιπτον

377 607 397 639 5
408 599 452 650 ἐς
497 596 576 639 τόν
622 593 761 647 πεζόν.

826 591 850 636 ὁ
892 593 938 637 δὲ
978 594 1101 647 πεζὸς
1141 592 1196 636 ἂν
1232 593 1471 647 ἐπεκούρεε.

1539 595 1581 636 οἱ
1619 593 1664 636 δὲ
1676 598 1720 633 75

407 668 583 713 Σκύθαι
628 664 909 719 ἐσαράξαντες
949 665 1029 720 τήν
1069 667 1206 708 ἵππον
1244 664 1537 721 ὑπέστρεφον,
1585 664 1664 707 τόν

405 737 533 790 πεζὸν
581 736 854 792 φοβεόμενοι.

247 809 345 853 129
402 810 704 864 παραπλησίας
741 806 990 861 προσβολὰς
1029 809 1070 849 οἱ
1108 805 1296 850 Σκύθαι.

410 881 605 937 Πέρσῃσί
632 895 676 922 τε
705 875 759 934 ἦν
790 876 1037 931 σύμμαχον,
1064 877 1138 919 καὶ
1165 882 1280 920 τοῖσι
1310 878 1517 932 Σκύθῃσι
1547 875 1666 918 ἄντί-

76 950 230 1014 ξὲζ-ῗῗιῑὲἑῗ.
244 949 352 1008 “fiilios
409 954 524 1004 ξοον,
545 948 879 1003 ἐπιτιθεμένοισι
898 951 958 1006 τῷ
976 948 1169 1001 Δαρείου
1188 948 1477 1005 στρατοπέδῳ,
1507 945 1667 1002 θώυμα
1679 953 1724 987 80

75 1013 351 1036 insuetoscomter-

920 736 1142 779 ἐποιεῦντο
1191 736 1238 779 δὲ
1276 738 1349 780 καὶ
1387 736 1465 787 τὰς
1505 736 1665 784 νύκτας

1367 808 1426 850 Τὸ
1468 807 1514 850 δὲ
1551 811 1666 848 τοῖσι

407 1027 608 1080 μέγιστον
638 1021 766 1074 ἐρέω·
805 1022 895 1061 τῶν
923 1034 966 1061 τε
985 1018 1100 1061 ὄνων
1119 1017 1146 1074 ἡ
1168 1019 1315 1075 φωνὴ,
1346 1021 1419 1063 καὶ
1435 1023 1523 1062 τῶν
1544 1017 1667 1075 ἡμιό-

382 1102 503 1138 2νων
541 1093 590 1136 τό
631 1090 756 1142 εἶδος.
816 1089 914 1132 οὔτε
952 1087 1036 1144 γὰρ
1077 1089 1183 1132 ὄνον
1213 1088 1311 1134 οὔτε
1341 1090 1529 1146 ἡμίονον
1557 1088 1666 1146 γῆὴ

406 1164 610 1220 Σκυθική
649 1162 794 1219 φέρει,
835 1158 892 1210 ὥς
929 1160 1001 1202 καὶ
1040 1158 1255 1214 πρότερόν
1296 1178 1372 1216 μοι
1411 1162 1665 1218 δεδήλωται·

406 1236 511 1280 οὐδὲ
549 1236 637 1279 ἔστι
673 1234 721 1277 ἐν
759 1236 812 1289 τῇ
849 1235 1054 1287 Σκυθικῇ
1088 1231 1203 1287 πάσῃ
1234 1232 1352 1289 χώρῃ
1382 1233 1430 1277 τὸ
1460 1233 1668 1285 παράπαν

375 1307 510 1351 Βοῦτε
541 1305 668 1358 ὄνος,
702 1304 800 1348 οὔτε
829 1303 1030 1359 ἡμίονος,
1065 1302 1135 1346 διὰ
1157 1302 1209 1346 τοὶ
1232 1303 1384 1360 ψύχεα.
1422 1304 1723 1361 ὑβρίζοντεςὸὅ

347 1420 386 1457 in
409 1418 499 1457 Lex.
528 1418 668 1456 Herod.
692 1418 878 1465 vulgatam
906 1414 1009 1452 verbi

349 1476 691 1525 interpretationem
713 1473 878 1518 retinuit,
901 1485 923 1508 a
938 1472 1010 1520 qua

351 1533 472 1570 denuo
493 1532 643 1568 recessit
662 1529 788 1566 Gallus
817 1529 1008 1578 interpres,

349 1589 400 1625 sie
419 1592 585 1625 vertens:
607 1589 744 1633 „tontes
763 1585 809 1621 les
819 1584 893 1634 fois
905 1584 1011 1633 ‹11c'z'ls

333 1644 522 1680 ‘vottIoz'ent
540 1644 675 1680 enlever
695 1642 754 1679 des
773 1643 895 1677 vivres.
910 1643 935 1660 “
955 1660 1011 1668 —

350 1702 391 1737 In
409 1713 513 1750 seqq.
537 1702 678 1750 νωμᾶν
698 1698 794 1736 valet
822 1701 932 1734 mente
954 1699 1012 1733 at-

350 1757 510 1804 tendere,
552 1758 752 1801 observare,
792 1759 832 1791 ut
859 1755 897 1791 in
917 1753 1010 1790 Plat.

350 1814 494 1863 Cratyl.
514 1826 599 1863 pag.
625 1813 718 1852 411.
740 1812 786 1851 D.
826 1809 923 1847 Add.
942 1811 1014 1846 So-

350 1869 470 1920 phocl.
494 1870 590 1907 Oed.
616 1869 662 1907 R.
677 1871 771 1909 300.
793 1867 1011 1916 Aeschyl.S.

350 1939 380 1963 c.
413 1926 485 1963 Th.
514 1926 581 1966 25.
641 1926 780 1969 Quibus
812 1924 877 1961 Cr.
909 1924 1014 1960 addit

350 1982 540 2020 Matthiae.
559 1982 694 2031 Hymn.
709 1982 900 2030 Homer.p.
916 1977 1011 2020 404.

349 2060 406 2066 ———
436 2039 495 2075 Ad
524 2039 738 2089 imperfecta
764 2035 949 2087 τρὲπεσκε
975 2039 1011 2073 et

351 2090 561 2146 ἐπεκούρεε
580 2096 674 2131 conf.
695 2094 757 2140 lv,
773 2096 852 2134 130
867 2098 905 2129 et
917 2096 1009 2129 nott.

348 2152 397 2188 ad
422 2152 493 2198 111,
523 2153 614 2192 117.
634 2173 690 2178 —-
727 2146 1011 2201 Ἐσαράξαντες

349 2208 592 2257 interpretor:
657 2209 694 2244 in
728 2206 862 2257 fugam
901 2207 1010 2243 versis

350 2262 540 2300 Persarum
566 2265 760 2313 equitibus,
791 2277 818 2300 s.
839 2263 902 2299 uba·
923 2262 1012 2299 Per-

348 2332 469 2357 sarum
491 2322 686 2370 equitatum
703 2320 918 2370 repulerunt.
951 2319 1010 2357 Cf.

350 2375 396 2420 V,
425 2379 502 2416 116
535 2383 573 2413 et
591 2377 639 2413 ad
659 2375 926 2429 ’ὑποστρέφειν
947 2374 1011 2422 lV,

518 2487 628 2537 Cap.
673 2488 841 2524 CXXIX.

408 2539 608 2594 α’ντίξοον]
649 2544 756 2580 Conf.
786 2547 875 2579 nott.
908 2542 956 2578 ad
983 2543 1009 2588 Ι,

353 2598 446 2640 174.
502 2601 589 2637 Mox
619 2600 762 2650 reposui
797 2594 944 2649 θώυμα
973 2602 1009 2635 et

350 2652 539 2708 θωύματι
561 2685 572 2703 ,
645 2670 666 2693 a
719 2657 837 2693 Gaisf.
890 2660 1009 2692 muta-

350 2718 425 2749 tum
477 2713 514 2749 in
567 2714 689 2763 θῶμα
747 2718 785 2750 et
839 2708 1010 2762 θώματι.

351 2770 459 2807 Cous.
507 2769 580 2817 lv,
643 2770 706 2810 28.
773 2771 862 2809 111.
917 2770 1009 2808 199.

1067 1437 1120 1445 -
1158 1413 1217 1452 Ad
1243 1421 1500 1465 argumentum
1534 1416 1600 1454 Cr.
1636 1429 1724 1453 con-

1066 1473 1137 1510 fert
1175 1472 1311 1510 Gesen.
1361 1473 1409 1509 ad
1444 1474 1513 1510 les.
1539 1473 1648 1518 XXI,
1697 1475 1724 1512 7

1066 1541 1151 1580 pag.
1175 1531 1278 1576 660,
1310 1529 1370 1577 qui
1399 1529 1501 1579 plura
1527 1528 1648 1565 attulit
1677 1529 1725 1566 de

1068 1585 1192 1631 asinis,
1218 1597 1309 1633 quos
1328 1585 1461 1623 Persae
1480 1597 1598 1634 aeque
1614 1590 1726 1633 atque

1067 1642 1161 1680 aliae
1187 1645 1315 1690 gentes
1341 1654 1417 1678 non
1439 1642 1488 1678 ad
1509 1654 1621 1678 onera
1640 1646 1724 1677 tan-

1068 1703 1147 1736 tum
1185 1699 1360 1744 ferenda,
1409 1698 1476 1735 sed
1509 1698 1557 1735 ad
1587 1696 1722 1734 bellum

1068 1767 1215 1806 quoque
1234 1755 1465 1792 adhibuerint
1485 1767 1552 1804 pro
1573 1754 1688 1802 equis.

1125 1809 1179 1857 ὥς
1204 1810 1271 1848 καὶ
1296 1806 1489 1862 πρότερόν
1516 1825 1583 1861 μοι
1606 1805 1723 1860 δεδή-

1068 1865 1201 1918 λωται]
1241 1867 1325 1904 Vid.
1345 1867 1408 1913 lV,
1435 1869 1500 1907 28.
1539 1866 1722 1904 clement.

1069 1925 1264 1962 Alexandr.
1285 1923 1453 1961 Cohortt.
1477 1924 1524 1960 ad
1543 1923 1655 1960 Gent.
1674 1923 1723 1960 Τ.

1069 1982 1086 2018 Ι
1104 1995 1139 2031 p.
1160 1981 1227 2026 25,
1256 1983 1305 2020 11
1326 1980 1426 2017 Pott.
1446 1980 1475 2017 si
1494 1979 1618 2026 audis,
1652 1980 1724 2017 asi-

1068 2051 1136 2075 nos
1164 2037 1321 2085 Scythae
1361 2035 1611 2082 immolarunt3
1655 2036 1724 2072 nisi

1068 2094 1167 2143 quod
1187 2093 1293 2130 valde
1313 2092 1485 2131 credibile
1515 2097 1591 2137 est,
1632 2093 1725 2142 Scy-

1067 2151 1150 2188 thas
1197 2162 1275 2186 cum
1313 2149 1586 2200 Hyperboreis,
1632 2160 1723 2196 quos

1066 2205 1223 2257 Apollini
1247 2206 1367 2242 asinos
1390 2210 1566 2242 mactasse
1588 2204 1724 2240 Pinda-

1066 2277 1127 2300 rus
1160 2266 1318 2299 testatur
1340 2262 1447 2310 Pyth.
1469 2261 1527 2307 X,
1557 2260 1631 2305 51,
1664 2260 1723 2298 ille

1067 2319 1284 2357 confuderit.

1125 2372 1365 2426 ὑβρίζοντες]
1425 2371 1559 2409 Glossa
1600 2370 1724 2407 reddit

1068 2433 1327 2481 σκιρτῶντας,
1387 2441 1454 2466 nec
1501 2427 1606 2464 aliter
1646 2428 1723 2464 sere

1067 2488 1198 2523 Suidas
1216 2485 1320 2522 T.111
1341 2498 1426 2536 pag.
1450 2484 1543 2525 523.
1562 2484 1721 2532 Gregor.

1068 2544 1155 2580 Cor.
1179 2543 1225 2579 de
1253 2542 1336 2579 dial.
1366 2543 1441 2577 lon.
1469 2539 1505 2591 ἓ.
1533 2541 1609 2580 149
1635 2551 1721 2590 pag.

1067 2600 1160 2640 542.
1213 2598 1263 2634 At
1286 2599 1333 2635 de
1359 2598 1480 2633 ruditu
1507 2598 1639 2634 rectius
1662 2609 1723 2633 ac-

1066 2656 1133 2705 cipi
1154 2659 1278 2692 monet
1291 2655 1510 2702 ll'esseling.
1533 2654 1722 2690 conserens

1066 2711 1233 2761 Xenopli.
1254 2712 1368 2748 Anab.
1394 2711 1438 2756 V,
1461 2712 1500 2755 8,
1530 2711 1565 2749 8.
1614 2709 1721 2745 l’ind.

1066 2769 1172 2816 Pyth.
1189 2768 1236 2814 X,
1259 2768 1322 2809 55.
1354 2766 1556 2816 Schweigh.
1574 2770 1722 2802 auctore
