1863 3256
93 498 219 525 uara-am
239 497 329 523 attiu-

73 535 178 567 geutes
205 537 287 556 mure
312 530 350 556 ad

100 563 316 598 leue-*perfidam

75 598 218 629 Cubales,

97 633 125 659 ia
152 633 275 665 regione
292 633 349 657 Λιι-

92 666 274 699 ncliisarum,
293 664 329 691 ad

242 598 270 624 iu
289 606 348 624 me-

402 216 487 255 578

797 208 1268 252 HERODOTI

405 321 513 367 ἀλλὰ
549 320 734 378 μάλιστα
765 322 946 376 Λιβύων
985 320 1076 363 εἰσί.
1134 317 1300 375 νόμους
1334 318 1380 361 δὲ
1411 316 1514 368 τούς
1542 320 1666 360 πλεῦ-

244 398 340 442 171
403 411 481 445 νας
505 391 732 449 μιμέεσθαι
751 388 1053 446 ἐπιτηδεύουσι
1075 389 1178 441 τούς
1200 390 1479 445 Κυρηναίων.
1515 385 1667 443 Ἀσβυ·

76 463 348 496 Λιιπῑιίεηο,ειιῃῐει

407 467 541 510 στέων
571 465 616 508 δὲ
647 464 816 517 ἔχονται
844 460 892 503 τό
924 460 1034 516 πρὸς
1064 461 1244 515 ἑσπέρης
1275 459 1501 515 Αὐσχίσαι.
1547 454 1670 501 οὗτοι

379 606 509 652 2κατ’
542 601 853 655 Εὐεσπερίδας.

522 757 634 806 Cap.
677 755 842 793 CLXXI.

378 818 380 820 ’
399 809 612 864 Αὐσχίσαι]
634 813 675 848 In
688 812 902 849 Florentino
920 813 1011 850 libro

351 864 689 918 εχεϊὸῒΑὕσχίσαις
707 863 898 918 Αὕσχίται
914 871 1014 920 apud

354 927 530 977 Stephon.
550 927 642 973 Byz.
662 939 698 976 p.
721 927 800 965 198
827 927 1015 976 reperitur.

330 1012 334 1019 .
354 985 412 1021 Tu
439 983 533 1020 conf.
553 981 772 1029 Wesseling.
795 981 843 1018 ad
861 983 1016 1019 Diodor.

353 1041 427 1078 Sic.
451 1040 521 1083 ΙΙΙ,
544 1038 608 1079 48.
659 1038 770 1082 Quod
798 1051 883 1075 vero
915 1039 1016 1089 apud

355 1096 512 1135 eundem
532 1095 761 1146 Stephanum
781 1094 804 1131 l.
822 1095 845 1134 l.
873 1108 916 1132 ex
938 1096 1016 1133 He-

355 1159 483 1191 cataeo
510 1153 639 1190 citatur
663 1148 846 1203 Λῦσιγδα
880 1151 1019 1200 Libyca

358 1208 487 1256 insula,
501 1209 651 1258 eiusque
663 1207 802 1246 incolae
812 1205 1020 1261 Αὕσιγδοι,

359 1268 478 1304 inesse
509 1266 648 1315 aliquid
680 1266 907 1313 cognationis
940 1278 1020 1302 cum

360 1322 547 1360 Herodoti
582 1321 767 1358 Auschisis
817 1322 1021 1372 suspicatur

361 1379 540 1416 Klausen.
576 1379 625 1416 ad
649 1378 827 1415 Hecataei
852 1379 1019 1427 fragmm.

362 1449 398 1486 p.
422 1437 512 1475 132.

308 1492 311 1496 ”
420 1485 509 1529 κατ’
545 1485 844 1541 Εὐεσπερίδας]
897 1489 1022 1535 „Pro-

364 1548 500 1585 misene
525 1544 751 1597 Ἑσπερίδες
780 1551 818 1583 et
846 1541 1022 1584 Εὐεσπε-

365 1604 494 1655 ρίδες,
563 1604 657 1640 cives
706 1601 927 1654 Ἑσπερῖτοιι
986 1606 1023 1639 et

364 1655 642 1710 Εὐεσπερῖται.
656 1659 680 1680 “
752 1658 818 1696 We
829 1674 844 1695 s
854 1673 893 1695 sc
905 1660 916 1695 l
928 1661 942 1695 ι’
952 1673 972 1695 η
985 1672 1021 1707 g.

364 1717 480 1754 citans
511 1717 684 1754 Strabon.
705 1715 791 1753 XIV
817 1730 854 1767 p.
877 1717 957 1756 647
980 1717 1023 1753 Β.

365 1785 392 1809 s.
415 1775 495 1814 957
523 1773 568 1811 D.
606 1772 709 1810 XVll
743 1786 780 1823 p.
811 1775 892 1813 836
922 1773 969 1809 D.
994 1786 1023 1809 s.

369 1832 475 1871 1193
496 1830 540 1866 C.
571 1829 668 1866 Add.
688 1829 829 1867 Herod.
850 1830 913 1875 lv,
933 1831 1023 1870 198.

366 1884 460 1927 204.
492 1886 572 1923 Nec
593 1887 710 1922 minus
728 1886 871 1922 obvium
889 1885 1025 1936 Hespe-

367 1945 443 1979 riae
461 1955 594 1980 nomen
613 1947 724 1991 atque
743 1942 921 1992 Hesperis.
964 1943 1023 1979 Cf.

368 1999 548 2049 Stephau.
567 2000 723 2048 Byzant.
748 2012 777 2035 s.
799 2012 832 2036 v.
863 2013 899 2050 p.
921 1999 1023 2039 357:

367 2053 549 2104 Ἑσπερὶς
577 2051 693 2101 πόλις
709 2051 869 2106 Λιβύης
897 2054 925 2106 ἦ
946 2057 1025 2094 νῦν

372 2114 583 2164 Βερενίκη,
619 2110 639 2150 ὁ
669 2113 832 2161 πολίτης
847 2111 1025 2164 Ἑσπερί-

370 2183 449 2218 της.
480 2168 579 2205 Add.
601 2168 687 2206 Mel.
708 2168 744 2212 l,
773 2171 797 2209 8
817 2167 852 2219 ἓ.
876 2172 927 2215 2,
966 2169 1027 2206 ubi

371 2225 484 2261 multa
503 2225 719 2262 Tzscliucke
735 2230 823 2262 nott.
841 2227 935 2262 critt.
949 2225 1029 2262 Vol.

373 2281 402 2317 ll
427 2282 467 2317 P.
489 2282 501 2318 Ι
524 2295 559 2331 p.
579 2284 660 2322 5283
683 2286 775 2320 nott.
799 2295 927 2331 exegg.
947 2282 1029 2319 Vol.

373 2337 424 2373 lll
446 2337 485 2372 Ρ.
505 2338 516 2372 l
534 2351 568 2386 p.
591 2341 672 2378 209
686 2366 696 2383 ‚
728 2342 765 2374 et
782 2340 843 2387 qui
862 2339 964 2388 plura
982 2339 1029 2376 de

373 2393 427 2429 his
456 2394 659 2430 nominibus
686 2395 788 2430 dabit
808 2395 946 2444 'l'hrige
964 2395 986 2431 l.
1008 2394 1030 2432 l.

374 2461 409 2498 p-
435 2450 526 2489 138.
554 2451 645 2490 139.
695 2450 909 2497 Postmodo,
942 2452 1029 2488 Pto—

374 2505 606 2551 lemaeorum,
635 2505 777 2555 opinor,
810 2513 944 2552 aetate,
967 2521 1029 2543 vo-

374 2565 455 2598 cata
483 2565 540 2598 est
567 2560 757 2607 Berenice,
795 2567 890 2600 teste
913 2563 1028 2599 Plinio

376 2617 420 2664 V,
433 2617 457 2657 5
476 2618 566 2664 init„
582 2617 807 2667 multumque
827 2632 868 2655 ac
887 2620 947 2662 diu
962 2621 1026 2655 sso-

371 2675 443 2710 ruit
471 2674 664 2710 incolarum
691 2675 894 2723 frequentia
918 2681 1028 2724 atque

371 2731 501 2780 opibus
532 2743 552 2767 e
579 2733 795 2767 commercio
823 2744 936 2779 reque
962 2744 1028 2768 na-

372 2786 440 2822 vali
462 2787 669 2835 acquisitis,
705 2800 785 2824 cum
804 2792 911 2836 portu
931 2788 1027 2836 opti-

371 2855 430 2878 mo
452 2843 628 2880 instructa
647 2847 745 2881 esset
773 2844 859 2881 urbs
878 2845 914 2880 in
938 2846 1026 2892 Syr-

406 536 515 590 ὑπὲρ
558 533 729 585 Βάρκης
774 529 990 583 οἰκέουσι,
1038 531 1296 588 κατήκοντες
1335 531 1403 574 ἐπὶ
1444 529 1672 574 θάλασσαν

914 601 1164 659 Αὐσχισέων
1205 602 1251 646 δὲ
1287 601 1397 645 κατὰ
1436 602 1570 657 μέσον
1598 605 1674 656 τῆς

1068 761 1114 797 tis
1137 760 1270 797 extimo
1292 772 1417 805 cornu,
1445 763 1485 796 ut
1507 759 1642 796 Plinius
1665 759 1728 804 ait,

1071 818 1150 853 sita.
1206 816 1304 858 Quin
1330 816 1512 864 hodieque
1539 828 1730 866 superesse

1072 872 1240 909 dicuntur
1267 873 1399 909 rudera
1430 874 1586 922 priorem
1610 872 1730 922 splen—

1073 930 1199 965 dorem
1243 929 1492 976 ambitumque
1542 930 1730 966 testantia.

1073 984 1183 1022 Nunc
1211 984 1258 1020 ibi
1276 984 1450 1034 oppidum
1471 983 1641 1032 Bengazi
1658 984 1731 1020 sive

1073 1041 1215 1078 Bernic.
1261 1041 1370 1077 Conf.
1394 1041 1670 1078 Schlichthorst.
1696 1052 1732 1089 p.

1078 1099 1155 1138 136
1178 1110 1281 1146 seqq.
1312 1096 1496 1135 Mannert.
1510 1097 1557 1144 X,
1577 1101 1603 1138 2
1621 1111 1654 1148 p.
1668 1098 1731 1137 88.

1076 1154 1204 1191 Adhuc
1232 1155 1332 1202 regio
1355 1155 1470 1190 fertur
1490 1156 1625 1205 opima,
1659 1154 1734 1190 sru-

1077 1224 1163 1260 gum
1195 1211 1351 1247 cuiusvis
1381 1212 1526 1259 generis
1556 1208 1734 1248 feracissi-
1803 1240 1805 1246 .

1077 1280 1158 1312 ma3
1200 1280 1295 1315 quae
1315 1267 1345 1303 si
1374 1266 1484 1304 ullum
1506 1268 1619 1304 modo
1639 1265 1735 1303 acci-

1078 1328 1179 1374 peret
1201 1322 1355 1370 custum,
1386 1323 1630 1373 Hesperidum
1652 1322 1735 1359 hor-

1079 1385 1137 1416 tos
1163 1384 1356 1429 tantopere
1385 1392 1406 1417 a
1438 1381 1620 1417 veteribus
1641 1378 1735 1416 cele-

1080 1437 1200 1473 bratos
1226 1436 1323 1472 haud
1343 1437 1415 1472 scio
1434 1448 1481 1473 au
1501 1441 1626 1474 nostra
1645 1447 1737 1483 quo-

1077 1505 1148 1541 que
1169 1497 1291 1529 aetate
1315 1493 1450 1529 referre
1470 1497 1606 1542 posset.
1653 1491 1736 1527 Vid.

1077 1549 1187 1584 inodo
1200 1549 1331 1585 Ritter.
1346 1548 1550 1586 Erdkunde
1570 1549 1581 1585 l
1600 1562 1635 1598 p.
1654 1549 1737 1588 936

1080 1608 1115 1642 et
1128 1605 1174 1641 de
1188 1605 1341 1655 pristina
1359 1605 1518 1653 regionis
1540 1603 1739 1650 fertilitate,

1079 1661 1178 1697 unde
1198 1661 1445 1711 Hesperidum
1475 1661 1571 1698 horti
1601 1672 1740 1709 cogno-

1079 1718 1217 1764 minati,
1237 1722 1385 1754 auctore
1404 1718 1450 1756 Is.
1468 1717 1572 1754 Voss.
1593 1718 1641 1754 ad
1653 1715 1739 1754 Mel.

1081 1774 1102 1811 l.
1123 1773 1166 1819 1.,
1207 1775 1464 1811 admonentem
1496 1773 1638 1823 Thrige
1665 1773 1687 1810 l.
1713 1771 1737 1809 1.

1081 1844 1116 1881 p.
1138 1832 1215 1871 105
1243 1843 1319 1879 seq.
1359 1830 1466 1873 Quae
1485 1830 1670 1879 quomodo
1691 1829 1739 1866 ad

1080 1886 1219 1923 fabulas
1262 1891 1528 1937 poetarumque
1567 1887 1739 1932 carmina,

1081 1944 1118 1980 in
1145 1943 1275 1992 quibus
1300 1943 1486 1980 laetissimi
1509 1954 1551 1980 ac
1575 1943 1741 1993 pulcher-

1081 1999 1160 2037 rimi
1183 1999 1431 2049 Hesperidum
1455 2000 1548 2036 horti
1567 2004 1740 2050 tantope-

1082 2070 1121 2093 re
1138 2055 1390 2101 celebrantur,
1419 2056 1552 2093 fuerint
1572 2056 1741 2093 traducta

1083 2126 1150 2150 nec
1167 2114 1282 2162 magis
1301 2113 1503 2161 disquirere
1513 2118 1618 2150 vacat
1630 2125 1740 2161 quam

1083 2170 1217 2207 referre
1270 2182 1511 2218 quaecunque
1552 2169 1600 2206 de
1643 2168 1741 2206 hisce

1085 2225 1275 2262 commenti
1288 2226 1421 2262 fuerint
1438 2231 1569 2275 poetae
1586 2229 1739 2270 veteres,

1086 2295 1196 2331 quum
1215 2295 1322 2320 verae
1343 2283 1482 2330 gentis,
1525 2293 1619 2329 quae
1639 2281 1738 2331 apud

1085 2338 1314 2375 Herodotum
1333 2342 1657 2382 commemoratur,
1683 2350 1739 2375 se·

1087 2395 1152 2431 des
1188 2395 1293 2431 nobis
1320 2395 1442 2444 potius
1474 2394 1545 2429 sint
1576 2394 1739 2430 indican-

1086 2452 1164 2487 dae.
1197 2451 1254 2487 De
1271 2451 1367 2487 lusce
1385 2450 1494 2486 hortis
1510 2451 1605 2487 cons.
1626 2451 1739 2487 citatt.

1083 2519 1105 2543 a
1121 2506 1261 2554 Thrige
1281 2506 1301 2542 Ι.
1319 2507 1341 2542 Ι.
1366 2519 1400 2555 p.
1421 2508 1513 2551 106,
1535 2508 1559 2546 2
1573 2534 1583 2552 ,
1620 2511 1658 2543 et
1678 2506 1740 2556 qui

1082 2564 1288 2612 nuperrime
1309 2562 1401 2598 lianc
1424 2562 1581 2599 fabulam
1607 2567 1741 2600 tracta·
1811 2555 1814 2561 ¹

1083 2619 1131 2654 vit
1154 2618 1318 2655 Volclxer.
1348 2619 1464 2666 Myth.
1492 2619 1629 2668 Geogr.
1658 2619 1671 2655 l
1702 2632 1738 2669 p.

1086 2677 1164 2714 107
1178 2698 1227 2703 —
1248 2677 1323 2715 122
1342 2675 1422 2711 coll.
1461 2675 1568 2712 l’ach.
1588 2675 1740 2724 voyage

1084 2736 1152 2767 etc.
1173 2744 1206 2780 p.
1234 2734 1304 2771 171
1322 2745 1331 2774 ς
1361 2731 1423 2780 qui
1446 2732 1540 2768 idem
1561 2732 1608 2768 ad
1627 2731 1740 2769 Bere-

1083 2787 1185 2823 nicen
1212 2787 1287 2824 sive
1310 2788 1413 2824 Ben—
1428 2787 1558 2836 ghazi,
1582 2792 1621 2824 ut
1644 2800 1738 2824 nunc

1081 2849 1231 2890 vocant,
1275 2845 1412 2895 quippe
1440 2844 1555 2881 locum
1585 2844 1738 2881 maxime
