1863 3256
435 231 1117 274 MELPOMENE.1V.

1324 240 1404 280 541

109 350 128 385 4
142 350 286 403 μισθῷ
306 347 351 390 δὲ
373 347 530 388 τοῦτον
548 344 770 394 πείσαντες
791 339 902 400 ἦγον
921 343 962 394 ἐς
988 340 1148 398 Θήρην.
1189 342 1235 386 ἐκ
1255 345 1299 386 δὲ
1321 346 1407 401 Θή-

140 433 218 472 ρης
242 417 394 460 ἔπλεον
416 416 685 460 κατάσκοποι
702 414 861 468 ἄνδρες
886 413 939 457 τὰ
956 418 1107 469 πρῶτα
1121 448 1131 465 ,
1166 411 1220 457 οὐ
1240 419 1406 458 πολλοί.
1423 424 1464 457 15

140 489 500 544 κατηγησαμένου
532 487 577 530 δὲ
602 491 681 530 τοῦ
702 487 941 542 Κορωβίου
970 486 1012 537 ἐς
1037 485 1116 541 τήν
1141 489 1281 541 νῆσον
1304 485 1409 528 ταύ-

136 576 215 615 την
244 559 295 615 δὴ
332 558 411 614 τήν
440 558 665 609 Πλατέαν,
707 558 785 600 τὸν
819 558 898 612 μὲν
931 557 1166 613 Κορώβιον
1195 557 1409 606 λείπουσι,

137 631 250 673 σιτία
280 628 590 678 καταλιπόντες
618 627 736 671 ὅσων
759 627 812 684 δή
833 633 1008 685 μηνῶν·
1041 627 1168 672 αὐτοὶ
1190 627 1235 671 δὲ
1258 627 1410 671 ἔπλεον

135 700 214 757 τὴν
239 702 441 756 ταχίστην
469 699 804 755 ἀπαγγελέοντες
838 702 1068 756 Θηραίοισι
1101 700 1200 755 περὶ
1231 703 1306 756 τῆς
1336 698 1407 756 νή-
1421 706 1466 739 20

0 775 87 821 [52
138 782 235 814 σου.
266 770 620 827 Ἀποδημεόντων
639 771 685 815 δὲ
706 769 877 814 τούτων
893 771 1007 814 πλέω
1027 770 1192 828 χρόνον
1210 775 1292 815 τοῦ
1312 782 1411 827 συγ,

134 829 337 898 κειμένόυ
369 842 446 886 τὸν
476 840 712 898 Κορώβιον
742 842 911 886 ἐπέλιπε
943 842 995 885 zoi
1029 841 1186 885 πάντα.
1226 842 1331 898 μετὰ
1362 843 1408 886 δὲ
1465 844 1568 872 samia
1584 843 1671 871 ssavis
1691 846 1744 871 Ae>

132 917 241 969 νηῦς
257 915 419 970 Σαμίη,
439 918 515 969 τῆς
532 912 779 970 ναύκληρος
800 914 874 970 ἔην
894 917 1107 966 Κωλαῖος,
1127 916 1323 958 πλέουσα
1343 913 1406 958 ἐπ’

101 982 373 1040 2Αἰγύπτου,
404 984 644 1042 ἀπηνείχθη
665 986 708 1037 ές
727 986 806 1041 τήν
829 985 1031 1030 Πλατέαν
1051 986 1225 1042 ταύτην.
1265 984 1405 1029 πυθό-

134 1072 258 1111 μενοι
289 1056 336 1100 δὲ
367 1058 410 1100 οἱ
436 1056 598 1113 Σάμιοι
627 1056 746 1113 παρὰ
774 1061 856 1100 τοῦ
877 1059 1118 1114 Κορωβίου
1145 1057 1223 1101 τόν
1253 1056 1397 1100 πάντα
1409 1063 1453 1097 25
1465 1049 1626 1109 ῗῖζξῖυῃθ,
1664 1080 1742 1106 Tar-

103 1125 280 1183 3λόγον,
312 1130 427 1172 σιτία
444 1130 488 1172 οἱ
505 1128 708 1172 ἐνιαυτοῦ
731 1130 1049 1173 καταλείπουσι.
1082 1128 1207 1173 αὐτοὶ
1231 1128 1275 1171 δὲ
1300 1126 1401 1171 ἀνα-

132 1198 309 1255 χθέντες
351 1199 398 1243 ἐκ
439 1204 516 1256 τῆς
553 1199 715 1256 νήσου,
760 1199 832 1242 καὶ
868 1200 1117 1257 γλιχόμενοι
1163 1198 1403 1255 Αἰγύπτου,
1462 1222 1529 1243 neta
1556 1217 1740 1243 Graecorum

1461 1250 1641 1277 ditissimus:
1668 1250 1740 1290 ahe—

131 1270 303 1319 ἔπλεον,
347 1269 674 1327 ἀποφερόμενοι
714 1267 936 1328 ἀπηλιώτῃ
976 1271 1144 1329 ἀνέμῳ·
1202 1271 1300 1322 καὶ,
1347 1269 1402 1314 οὐ
1463 1293 1565 1310 numa
1607 1292 1739 1311 ammex

131 1341 215 1397 γὰρ
253 1341 366 1386 ἀνίει
400 1342 451 1387 τὸ
489 1347 683 1399 πνεῦμα,
719 1340 957 1396 (Ηρακλέας
995 1343 1152 1398 στήλας
1183 1342 1402 1399 διεκπερή-
1461 1326 1597 1379 ¹1³uuomo
1631 1361 1674 1379 at

1465 883 1601 940 'gypt'uitn
1613 883 1728 913 petens,

1464 921 1550 981 :Runa
1558 921 1574 939 a
1583 920 1744 972 (ἓιῗῗίὼίῗιίιζ

1464 988 1482 1006 a
1511 980 1589 1007 scum:
1619 979 1742 1006 liberat:

1464 1020 1553 1040 vento
1595 1013 1744 1048 abripitur

1590 1047 1743 1074 columnas

1495 1119 1524 1142 te
1527 1123 1653 1142 ssssss
1657 1123 1702 1150 po-

1461 1149 1554 1176 rium:
1592 1150 1642 1183 [1‚
1672 1149 1740 1188 163]

1462 1183 1618 1210 sostratus
1653 1186 1741 1215 Aegi-

132 1424 308 1466 σαντες,
338 1411 551 1458 ἀπίκοντο
577 1413 621 1466 ἐς
656 1412 934 1469 Ταρτησσόν,
965 1414 1064 1469 θείῃ
1094 1416 1247 1471 πομπῇ
1276 1412 1407 1469 χρεώ-
1420 1421 1464 1454 30

74 1585 116 1620 ut
144 1594 233 1620 sane
262 1595 335 1632 quo
365 1583 442 1620 iure
465 1579 650 1621 Πλατέαν
675 1595 739 1620 ve-

74 1652 151 1676 ram
169 1640 382 1690 pronuntiet
400 1638 617 1688 scripturam
629 1638 738 1677 Man-

74 1699 166 1733 nert.
187 1695 235 1743 X,
253 1699 279 1737 2
298 1709 334 1746 p.
358 1696 433 1742 39,
463 1707 537 1731 non
555 1700 735 1745 exputem.

75 1752 159 1802 {psa
180 1752 298 1789 insula
318 1765 392 1790 non
411 1752 535 1803 procul
554 1764 575 1788 a
592 1752 735 1801 Libyca

73 1808 448 1858 oraGiligammarum
473 1809 543 1845 sita
565 1821 647 1846 esse
664 1811 738 1847 ser-

73 1869 153 1913 tur,
184 1878 281 1903 nunc
301 1867 449 1915 cognita
468 1865 614 1903 nomine
630 1865 738 1903 Bom-

71 1923 140 1969 ba,
170 1923 206 1959 in
227 1923 330 1970 sinu,
365 1924 428 1972 qui
453 1922 548 1960 idem
575 1922 658 1960 hinc
676 1929 736 1960 tu-

72 1978 153 2017 lerit
172 1992 318 2017 nomen.
367 1979 443 2018 Ubi
464 1979 734 2029 receptaculum

73 2036 344 2085 transfugarum
433 2037 735 2086 praedonumque

72 2091 224 2140 asylum.
265 2093 325 2130 Tu
345 2094 439 2131 conf.
459 2092 733 2131 Schlichthorst.

71 2148 94 2185 l.
117 2148 139 2184 l.
160 2162 246 2199 pag.
272 2152 363 2192 123.
404 2150 558 2187 Rennel.
581 2163 617 2200 p.
640 2151 732 2191 653.

70 2204 203 2243 Ritter.
226 2205 343 2243 Erdk.
368 2206 385 2242 Ι
412 2219 448 2256 p.
475 2205 573 2247 954.
624 2207 734 2244 Man-

71 2265 166 2300 nert.
186 2261 208 2299 l.
231 2262 254 2300 l.
317 2262 427 2300 Pach.
458 2262 612 2312 Voyage
642 2264 734 2301 dans

72 2318 108 2355 la
143 2317 390 2369 Mat-marique
429 2322 498 2356 etc.
542 2332 628 2371 pag.
669 2319 735 2361 52.

72 2374 213 2425 Thrige
249 2375 347 2414 Hist.
380 2376 516 2424 Cyren.
559 2388 644 2426 pag.
681 2378 735 2418 69

72 2435 166 2468 nott.
212 2432 355 2476 Quibus
388 2432 454 2470 Cr.
483 2433 587 2470 addit
613 2433 649 2469 T
652 2432 735 2470 asel.

73 2486 259 2526 Dilucidd.
291 2489 496 2528 Pindaricc.
529 2489 687 2540 Specim.
718 2490 735 2526 Ι

73 2543 142 2590 (ad
162 2544 326 2592 Pythior.
344 2547 389 2592 V,
415 2549 562 2588 112—
576 2547 676 2593 122)
697 2559 734 2596 p-

73 2602 127 2640 21
150 2612 228 2649 seq.
248 2621 304 2629 —
326 2601 384 2641 Ad
411 2603 521 2640 verba
548 2598 652 2642 ὅσων
683 2599 732 2653 δὴ

75 2657 216 2706 μηνῶν
256 2659 351 2696 conf.
391 2658 526 2698 Matth.
565 2659 632 2697 Gr.
666 2659 733 2698 Gr.

75 2725 161 2763 pag.
182 2714 276 2754 909.

273 2801 386 2855 Cap.
424 2803 536 2842 CLII.

131 2879 311 2933 ἐπέλιπε]
343 2882 452 2921 Conf.
474 2883 538 2930 ΙΙΙ,
567 2886 647 2926 108
666 2884 734 2922 ibi-

796 1594 868 1631 que
889 1582 1010 1619 citata.
1063 1579 1122 1618 Ad
1148 1583 1298 1620 verbum
1331 1577 1461 1634 γλιχό-

795 1653 909 1688 μενοι
931 1639 1026 1676 conf.
1049 1642 1141 1675 nott.
1174 1639 1222 1675 ad
1242 1639 1296 1684 ΙΙ,
1321 1642 1401 1680 102
1423 1645 1460 1676 et

794 1696 841 1732 ad
859 1695 969 1733 verba
992 1692 1040 1733 ου’
1058 1692 1133 1747 γάρ
1149 1691 1251 1734 ἀνίει
1271 1691 1314 1735 τό
1333 1697 1462 1734 πνεῦ-

793 1767 848 1802 μα
870 1755 964 1789 nott.
984 1752 1031 1789 ad
1048 1753 1111 1797 1V,
1134 1754 1199 1793 28.
1232 1751 1288 1789 De
1311 1752 1462 1803 apeliote

795 1809 1000 1846 monuimus
1022 1809 1069 1845 ad
1089 1808 1152 1855 lV,
1176 1811 1241 1850 22.
1282 1809 1341 1846 De
1365 1808 1459 1845 Tar-

795 1869 882 1902 tesso
910 1866 1003 1902 conf.
1034 1878 1129 1914 quae
1150 1866 1198 1902 ad
1222 1866 1261 1912 Ι,
1290 1867 1368 1906 163
1392 1867 1457 1902 ad-

793 1922 1014 1973 scripsimus.
1047 1922 1162 1969 Miot,
1195 1922 1456 1960 Gallusinter-

792 1992 877 2029 pres
909 1978 966 2016 hic
994 1979 1134 2027 cogitat
1172 1979 1219 2015 de
1247 1978 1347 2022 1000,
1399 1980 1455 2016 cui

792 2048 888 2073 nunc
910 2048 1045 2072 nomen
1065 2035 1146 2072 San
1171 2034 1297 2072 Lucar
1317 2036 1359 2072 de
1376 2035 1456 2072 Ba—

791 2092 937 2130 ramecla
995 2092 1045 2129 ad
1101 2092 1379 2141 Guadalquiviri
1425 2105 1455 2130 s.

789 2149 917 2187 Baetis
946 2149 1046 2186 fluvii
1080 2149 1184 2186 ostia.
1256 2149 1362 2193 Quae
1397 2162 1454 2187 se-

791 2210 952 2255 quuntur
1005 2206 1118 2242 verba
1166 2205 1260 2259 θείῃ
1311 2207 1455 2259 πομπῇ

792 2259 1032 2314 χρεώμενοι,
1074 2263 1262 2311 attigimus
1289 2275 1400 2313 supra
1417 2264 1454 2299 in

792 2324 884 2356 nott.
908 2319 956 2356 ad
976 2318 1046 2366 ΙΙΙ,
1072 2321 1136 2359 77.
1188 2318 1285 2355 Add.
1303 2319 1452 2356 Aristid.

794 2375 808 2411 Ι
840 2389 926 2426 pag.
958 2378 1058 2417 181:
1117 2373 1319 2425 πέμπουσι
1359 2376 1454 2430 θείᾳ

793 2434 937 2486 πομπῇ
962 2433 1040 2483 γῆν
1068 2430 1130 2471 ἐπὶ
1162 2434 1297 2471 πᾶσαν
1321 2428 1455 2484 ἀφορ-

795 2486 872 2538 μοές
901 2490 973 2527 τοῦ
1007 2488 1110 2539 βίου.
1140 2511 1184 2516 -
1230 2489 1370 2534 Quibus
1401 2491 1455 2526 fa-

794 2545 885 2583 bulis
912 2550 1050 2583 arctam
1071 2550 1195 2583 censet
1223 2546 1263 2583 C.
1287 2547 1333 2584 O.
1357 2546 1454 2583 Min-

793 2602 855 2641 ler.
882 2602 1100 2640 Orchomen.
1133 2616 1169 2653 p.
1198 2602 1282 2644 342
1309 2602 1455 2639 fundari

792 2659 1004 2706 amicitiam,
1061 2672 1157 2708 quae
1201 2658 1285 2695 olim
1321 2658 1454 2694 Samiis

792 2729 872 2753 cum
896 2716 1021 2753 Thera
1040 2720 1153 2764 atque
1172 2714 1318 2762 Cyrene
1339 2715 1454 2750 inter-

791 2773 946 2810 cesserit
965 2777 1004 2810 et
1022 2783 1118 2821 quae
1133 2770 1288 2821 posthac
1305 2769 1452 2819 potissi-

790 2841 889 2866 mum
926 2828 994 2865 sub
1032 2825 1217 2864 Arcesilao
1255 2825 1304 2862 ΙΙΙ
1344 2826 1451 2863 suerit

789 2886 956 2935 probata.
988 2884 1046 2922 Cf.
1070 2882 1135 2930 1V,
1162 2885 1253 2924 162·
