1863 3256
413 159 498 199 338
809 154 1279 195 HERODOTI

414 265 523 321 χιών
552 268 772 319 πτεροῖσι·
811 266 888 309 καὶ
917 265 990 309 διὰ
1020 264 1100 308 τόν
1128 265 1318 319 χειμῶνα
1346 265 1527 314 τοῦτον,
1559 261 1743 306 ἐόνταΒΟ

415 339 645 388 τοιοῦτον,
675 335 858 393 ἀοίκητα
887 335 940 378 τοὶ
970 336 1081 388 πρὸς
1111 337 1252 390 βορῆν
1280 332 1370 377 ἐστι
1399 337 1475 389 τῆς
1504 333 1687 390 ἠπείρου

388 407 591 464 4τεύτης.
647 406 700 450 τὰ
740 404 802 450 ὧν
837 405 971 460 πτερὰ
1010 403 1258 457 εἰκάζοντας
1297 404 1377 460 τήν
1416 404 1545 460 χιόνα
1583 405 1687 456 τούς

419 475 605 528 Σκύθας
631 494 676 521 τε
705 478 777 520 καὶ
807 475 911 527 τοὺς
931 477 1181 530 περιοίκους
1206 476 1345 519 δοκέω
1376 475 1526 531 λέγειν.
1572 479 1688 519 Ταῦ·

417 564 470 591 τα
498 545 578 603 μέν
606 563 710 598 νυν,
740 546 794 589 τὰ
823 547 989 603 λέγεται
1018 544 1292 602 μακρότατα,
1323 548 1500 603 εἷ’ρηται.

523 616 824 673 Ὑπερβορέων
860 618 906 661 δὲ
936 616 1037 671 πέρι
1067 616 1319 672 ἀνθρώπων
1360 618 1460 662 οὔτε
1495 634 1537 660 τι
1563 616 1744 660 Σκύ-55

419 692 500 730 θαι
528 686 725 741 λέγουσι,
757 687 858 731 οὔτε
887 689 999 740 τινὲς
1019 688 1144 732 ἄλλοι
1165 693 1252 732 τῶν
1270 687 1406 744 ταύτῃ
1430 686 1688 744 οἰκημένων,

391 758 462 800 Ξεί
491 754 550 812 μὴ
583 755 670 812 ἄρα
698 756 951 816 Ἰσσηδόνες.
1010 758 1070 810 ὥς
1103 756 1146 802 δ’
1175 758 1258 814 ἐγώ
1291 759 1449 810 δοκέω,
1482 757 1584 802 οὐδ’
1617 753 1689 802 οὗ·

417 842 485 870 τοι
516 826 694 883 λέγουσι
725 828 876 873 οὐδέν·
923 830 1071 885 ἔλεγον
1099 828 1183 885 γὰρ
1214 829 1269 872 ἂν
1297 830 1370 873 καὶ
1394 829 1598 880 Σκύθαι,
1630 827 1691 880 ὥς

290 608 357 653 32

101 673 290 735 Hyperborei
326 681 344 700 a

99 717 149 742 qu·
174 716 207 735 us
237 715 345 735 memo-

101 747 213 769 rentur.

389 896 522 951 3περὶ
563 901 651 940 τῶν
685 899 1054 956 μουνοφθάλμων
1093 900 1282 955 λέγουσι.

1353 898 1463 943 Ἀλλ’
1498 897 1688 956 Ἡσιόδῳ

417 968 498 1024 μέν
532 966 620 1012 ἐστι
661 970 759 1024 περὶ
791 969 1098 1026 ’Υπερβορέων
1140 970 1364 1026 εἰρημένα,
1405 970 1494 1013 ἔστι
1533 970 1580 1014 δὲ
1618 970 1746 1014 καὶ60

413 1037 589 1097 Ὁμήρῳ
629 1040 677 1084 ἐν
705 1039 992 1098 Ἐπιγόνοισι,
1035 1044 1072 1086 εἰ
1102 1041 1156 1098 δὴ
1189 1045 1251 1098 τῷ
1281 1039 1399 1084 ἐόντι
1429 1056 1477 1096 γε
1493 1040 1690 1097 ’Ὄμηρος

547 1156 658 1206 Cap.
688 1155 844 1194 XXXII.

415 1209 690 1264 ’Ὑπερβορέων
704 1210 746 1251 δὲ
760 1211 849 1265 πέρι
865 1208 1026 1266 ανθρώ-

361 1283 450 1307 πων
469 1285 506 1308 κ.
527 1285 559 1307 τ.
579 1269 628 1319 λ.]
658 1269 717 1307 De
734 1269 971 1320 Hyperboreis
989 1271 1025 1307 in

363 1325 573 1364 universum
609 1339 704 1375 quae
732 1328 894 1364 tenenda
926 1332 1026 1373 sunt,

363 1394 408 1420 ea
426 1382 464 1419 in
479 1383 640 1420 Excursu
660 1383 708 1419 ad
728 1382 763 1419 h.
783 1383 804 1419 l.
826 1384 1025 1421 attulimus.

365 1460 417 1466 --
447 1439 505 1476 Ad
538 1437 764 1489 οἰκημένων
796 1441 891 1476 conf.
932 1445 1026 1478 nott.

363 1495 413 1532 ad
435 1496 466 1541 Ι,
489 1497 556 1536 27.
605 1495 663 1533 De
694 1495 920 1533 Issedonibus
951 1497 1026 1533 vid.

364 1554 457 1589 nott.
488 1552 537 1588 ad
560 1550 632 1598 IV,
663 1552 739 1599 253
788 1553 836 1590 de
867 1553 1029 1590 unoculis

365 1611 456 1645 nott.
476 1607 524 1645 ad
546 1607 609 1651 IV,
636 1609 700 1648 27.

344 1662 346 1665 ’
419 1658 516 1702 Ἀλλ’
535 1659 707 1717 Ἡσιόδῳ
731 1661 805 1715 μέν
823 1659 1028 1704 ἔστι-τοὶ

366 1718 462 1759 ἔπεα
482 1718 660 1770 ἐποίησε]
679 1720 785 1758 Haec
796 1721 920 1770 verba,
934 1732 1030 1770 quae

366 1777 473 1814 nobis
508 1777 700 1814 sanissima
731 1778 922 1825 videntur,
962 1790 1029 1828 pro

367 1834 596 1883 grammatici
644 1834 832 1872 cuiusdam
885 1834 1030 1881 veteris,

366 1891 608 1927 annotatione
637 1890 764 1927 habuit
783 1892 827 1928 F.
847 1889 891 1927 A.
921 1890 1029 1928 Wolf.

365 1945 537 1996 Prolegg.
554 1947 602 1984 ad
613 1946 762 1984 Homer.
778 1960 866 1998 pag.
879 1946 1028 1984 CLVII.

369 2002 503 2052 Neque
524 2016 610 2040 vero
641 2004 825 2054 persuasit
841 2003 1028 2053 Schweig-

366 2059 545 2096 haeusero
589 2072 710 2108 neque
749 2060 956 2097 Schubarto
991 2060 1029 2097 in

363 2116 517 2155 Dissert.
550 2117 597 2153 de
616 2116 829 2167 Hyperbor.
850 2129 937 2168 pag.
959 2117 1027 2158 30.

420 2170 500 2210 ἔστι
521 2170 564 2211 δὲ
588 2172 655 2211 καὶ
672 2169 832 2227 Ὁμήρῳ
862 2172 905 2212 ἐν
920 2168 1026 2212 Ἐπι-

361 2223 544 2277 γόνοισι,
588 2228 624 2267 εἰ
666 2227 717 2280 δή
753 2233 809 2285 τῷ
842 2225 950 2268 ἐόντι
984 2243 1026 2281 γε

349 2281 534 2335 ΓΌμηρος
561 2287 687 2323 ταῦτα
715 2283 762 2324 td
795 2285 889 2325 ἔπεα
914 2285 1026 2325 ἕποι’-

364 2339 451 2390 ησε]
483 2341 582 2378 Inter
599 2342 746 2390 cyclica,
776 2355 871 2392 quae
891 2355 1027 2380 vocan-

365 2402 438 2444 tur,
457 2398 617 2433 carmina
638 2400 792 2448 primum
808 2411 830 2436 a
843 2400 1027 2448 Giganto-

366 2452 507 2490 machia
533 2466 677 2491 carmen
714 2455 830 2492 fertur
860 2454 1026 2502 Thebais,

365 2509 467 2547 cuius
494 2514 620 2546 auctor
648 2511 811 2558 quamvis
837 2512 1027 2559 ignoretur

365 2565 472 2613 (uam
492 2565 748 2612 Antimachus,
789 2579 897 2615 quem
918 2567 1027 2604 affert

367 2621 488 2658 Schol.
518 2622 566 2659 ad
587 2623 769 2672 Aristoph.
792 2622 878 2659 Pac.
904 2626 1025 2671 1270,

365 2691 439 2727 quo
471 2679 588 2716 minus
623 2684 749 2716 auctor
787 2679 1024 2726 existimetur,

364 2735 568 2783 refragatur
588 2738 794 2785 temporum
814 2736 922 2782 ratio,
944 2749 1022 2772 cum

1083 1158 1129 1196 ab
1158 1157 1305 1207 Olymp.
1336 1157 1349 1193 I
1382 1169 1496 1206 usque
1525 1156 1573 1193 ad
1598 1156 1744 1206 Oly'mp.

1083 1214 1115 1251 L
1143 1215 1319 1260 vixerint,
1358 1212 1591 1250 Antimachus
1626 1217 1746 1250 autem

1083 1270 1228 1321 Olymp.
1258 1270 1433 1307 LXXXII
1454 1290 1511 1297 —
1534 1268 1654 1305 XCIII
1678 1270 1748 1305 flo-

1083 1328 1239 1375 ruerit),
1301 1326 1577 1375 antiquissimus
1623 1329 1747 1362 tamen

1083 1389 1197 1434 poeta
1211 1383 1360 1432 quidam
1378 1383 1486 1420 suerit
1503 1394 1653 1419 necesse
1667 1386 1746 1427 est3

1083 1440 1177 1486 nisi,
1217 1441 1264 1477 de
1295 1452 1368 1488 quo
1395 1439 1611 1476 Herodotus
1640 1438 1748 1475 dubi-

1085 1501 1162 1534 tare
1188 1496 1350 1542 videtur,
1393 1496 1442 1532 ad
1471 1495 1589 1545 ipsum
1607 1494 1747 1531 Home-

1085 1565 1165 1590 rum
1189 1558 1389 1599 auctorem,
1419 1552 1474 1587 cui
1497 1552 1656 1597 fuerunt,
1683 1550 1747 1599 qui

1085 1610 1340 1646 adscriberent
1367 1608 1431 1655 (cf.
1461 1607 1616 1645 Hesiod.
1646 1607 1746 1656 Opp.

1086 1679 1122 1717 p.
1154 1665 1237 1706 492
1265 1665 1323 1702 ed.
1350 1663 1566 1712 Loesner.),
1603 1674 1748 1701 carmen

1086 1723 1222 1760 referre
1239 1720 1337 1759 velis.
1388 1721 1656 1758 Continebatur
1683 1731 1749 1756 au-

1085 1784 1160 1816 tem
1193 1778 1262 1815 hoc
1296 1778 1455 1815 carmine
1482 1789 1557 1814 non
1588 1776 1747 1826 primum

1085 1836 1197 1873 modo
1229 1833 1360 1872 bellum
1388 1833 1633 1880 Thebanum,
1680 1833 1747 1870 sed

1086 1891 1240 1930 alterum
1265 1903 1434 1940 quoque,
1493 1889 1746 1940 Epigonorum

1087 1948 1218 1986 bellum
1281 1948 1380 1996 quod
1444 1950 1623 1992 vocatur3
1706 1950 1746 1982 ut

1085 2017 1177 2042 sane
1213 1998 1420 2055 Ἐπίγονος
1460 2004 1519 2039 vix
1561 2001 1747 2053 peculiare

1084 2061 1197 2098 fuisse
1245 2061 1493 2099 existimemus
1541 2071 1685 2096 carmen
1724 2069 1747 2095 a

1088 2116 1268 2154 Thebaide
1302 2116 1363 2154 illa
1389 2116 1498 2167 plane
1529 2116 1745 2161 seiunctum,

1086 2175 1152 2212 sed
1181 2179 1322 2224 partem
1359 2174 1482 2224 potius
1526 2173 1638 2209 fuisse
1672 2171 1747 2208 sive

1084 2230 1318 2280 rhapsodiam
1364 2230 1544 2279 aliquam,
1585 2228 1643 2264 cui
1678 2226 1746 2264 hoc

1083 2288 1194 2325 suerit
1226 2287 1381 2323 inditum
1406 2297 1539 2323 nomen
1568 2296 1643 2320 non
1673 2283 1744 2320 alio

1084 2345 1161 2381 sere
1189 2344 1324 2389 m0d0,
1363 2354 1471 2391 quain
1496 2353 1569 2390 quo
1591 2339 1744 2388 singulis

1084 2400 1282 2437 carminum
1314 2398 1590 2435 Homericorum
1631 2397 1745 2446 parti-

1084 2457 1151 2492 bus
1171 2468 1199 2492 s.
1223 2455 1426 2505 rhapsodiis
1447 2453 1589 2501 singula
1609 2453 1746 2490 fuerint

1084 2512 1252 2561 imposita
1309 2512 1457 2548 uomina
1510 2511 1586 2547 sive
1639 2508 1743 2545 tituli.

1085 2568 1190 2612 Quae
1212 2580 1293 2603 cum
1313 2567 1364 2604 ita
1383 2568 1478 2612 siut,
1509 2570 1607 2604 recte
1629 2577 1745 2615 nuper

1084 2624 1212 2660 statuit
1235 2623 1277 2659 E.
1307 2622 1349 2659 L.
1374 2624 1420 2660 ‹le
1441 2622 1601 2660 Leutsch
1623 2621 1745 2669 (The-

1083 2680 1181 2716 baid.
1220 2679 1341 2728 cyclic.
1397 2679 1527 2728 reliqq.
1571 2678 1741 2726 Gotting.

1085 2737 1191 2776 1830
1211 2748 1288 2785 cap-
1313 2735 1356 2785 2)
1385 2733 1479 2782 τούς
1507 2731 1744 2787 Ἐπιγόνους

362 2791 558 2828 carminum
601 2791 815 2840 cyclicorum
856 2795 1022 2829 auctores
1080 2793 1191 2830 tuisse
1236 2791 1430 2829 Thebaidis
1471 2797 1626 2843 partem.
1686 2791 1743 2829 De
