1863 3256
415 171 498 210 536

803 171 836 206 Η
871 171 900 206 Ε
932 169 1260 208 RODOTl

385 281 670 330 3καλεῦνται,
702 277 817 333 φυλὴ
841 276 1000 331 μεγάλη
1030 277 1075 320 ἐν
1106 275 1304 330 Σπάρτῃ.
1343 281 1454 318 τοῖσι
1485 277 1529 319 δὲ
1555 277 1602 319 ἐν
1624 282 1675 334 τῇ

416 354 534 405 φυλῇ
573 348 707 403 ταύτῃ
746 346 931 400 ἀνδράσι
972 345 1025 390 οὐ
1065 347 1148 401 γάρ
1184 345 1422 401 ὑπέμειναν
1451 347 1504 389 τὰ
1532 347 1674 397 τέκνα,

358 495 466 544 Spec.
491 494 505 529 l
535 507 569 543 p.
594 495 641 531 21
669 505 770 541 seqq.
817 494 940 530 Sturz.
968 493 1017 530 ad

357 550 533 586 Hellanici
563 550 729 597 fragmm.
762 562 796 598 p.
818 552 870 590 89
892 550 1017 598 seqq.)

360 606 443 648 Quo
465 609 612 641 auctore
632 604 717 641 nihil
740 605 902 651 dubium,
931 606 1018 655 quin

365 663 527 709 Aegidae
554 661 599 696 ab
626 662 775 709 antiquo
810 662 895 698 inde
928 675 1018 699 aevo

365 716 531 764 Amyclas
551 715 666 765 (quae
687 717 772 753 urbs
783 716 1020 764 Achaeorum,

363 774 494 821 quibus
525 772 611 821 ipsis
643 773 754 821 igitur
776 772 934 821 Aegidas
956 775 1023 811 ad-

363 828 467 865 scribi
488 840 555 877 par
574 833 651 876 est,
681 834 760 865 tum
783 830 910 876 suerit,
940 830 1022 867 Do-

362 885 459 921 ribus
483 885 646 922 nondum
677 886 868 935 ingressis)
895 890 1021 923 tenue-

363 941 434 977 rint
452 941 610 990 indeque
642 943 825 979 coniuncti
849 954 928 979 cum
948 940 1022 978 Mi-

361 998 441 1046 nyis
459 996 601 1034 Lemno
619 998 731 1048 pulsis
752 998 911 1035 Theram
934 1011 1021 1035 con-

360 1054 528 1090 diderint.
587 1054 694 1097 Quae
725 1055 910 1104 quomodo
939 1068 1019 1091 cum

361 1110 541 1146 Herodoti
571 1112 690 1147 verbis
716 1111 897 1148 conciliari
928 1124 1018 1159 que-

359 1171 424 1203 ant
443 1167 611 1215 equidem
631 1180 705 1203 non
724 1173 918 1217 exputem,
948 1167 1019 1204 nisi

359 1222 591 1260 Herodotum
614 1224 704 1260 salso
736 1224 932 1260 tradidisse
959 1237 1020 1260 su-

358 1291 446 1315 mas.
517 1278 597 1316 Nec
639 1280 755 1328 magis
802 1284 1019 1328 congruunt,

357 1347 454 1383 quae
475 1335 571 1372 idem
591 1337 637 1373 de
655 1336 804 1385 Aegidis
827 1336 893 1372 illis
914 1348 1019 1373 enar-

361 1395 442 1436 rat,
488 1393 703 1428 sacerdotali
754 1393 874 1437 tribu,
924 1405 1021 1441 quae

362 1460 436 1483 non
455 1447 568 1484 multo
592 1453 678 1486 ante
697 1448 835 1485 Dorum
864 1449 1020 1484 invasio-

341 1496 446 1539 ¹nem
478 1503 639 1551 Thebis,
686 1505 783 1541 unde
821 1518 841 1540 a
869 1505 1021 1541 Boeotis

362 1559 474 1596 fuerit
503 1559 630 1608 pulsa,
669 1561 876 1610 pervenerit
909 1561 1020 1609 Amy·

362 1615 435 1652 clas
453 1643 464 1660 ‚
522 1620 696 1665 tanquam
744 1617 780 1652 in
830 1630 1022 1654 commune

362 1671 588 1708 Achaeorum
613 1672 893 1722 Minyarumque
912 1686 1020 1710 exsu-

363 1727 435 1764 lum
470 1729 761 1778 receptaculum,
801 1731 837 1766 in
865 1743 939 1778 quo
966 1735 1022 1765 ta-

360 1796 443 1821 men
464 1789 592 1834 postea
613 1786 757 1823 demum
771 1815 781 1832 ,
812 1799 921 1834 quam
944 1786 1021 1822 Do-

360 1853 418 1877 res
445 1842 631 1890 regionem
654 1844 879 1892 occuparint,
908 1843 1022 1879 Phra-

359 1897 467 1933 triam
505 1898 740 1935 constituerit.
799 1900 906 1942 Quae
944 1899 1022 1948 ipsa

360 1952 506 2001 aliaque
522 1954 569 1991 de
584 1954 727 2003 Aegeo,
759 1956 879 2005 stirpis
898 1960 1024 1991 aucto-

359 2021 399 2046 re
449 2009 648 2060 Theraque
700 2011 843 2059 Aegida
890 2011 1022 2057 relata,

361 2069 535 2114 quantum
566 2080 588 2104 a
617 2068 831 2117 scriptorum
862 2073 1022 2104 veterum

362 2122 534 2159 recedant
566 2124 661 2171 fide,
710 2124 768 2160 vix
804 2136 1022 2173 quemquam

362 2179 510 2226 sugerit.

421 2231 530 2285 φυλή
552 2231 715 2287 μεγάλη]
745 2236 829 2286 lpsa
849 2250 938 2274 voce
959 2250 1022 2287 με-

362 2286 460 2339 γάλη
501 2292 652 2329 indicari
689 2294 858 2342 opinatur
895 2294 937 2330 C.
975 2294 1021 2330 O.

364 2346 503 2382 Miiller.
522 2348 743 2386 Orchomeu.
776 2363 811 2397 p.
832 2351 936 2395 329,
966 2350 1023 2386 hic

361 2414 435 2437 non
468 2403 514 2439 de
543 2405 637 2439 tribu
667 2402 840 2453 (φυλή),
882 2407 947 2442 sed
975 2406 1022 2442 de

355 2458 525 2506 phratrla
551 2464 692 2496 tantum
718 2462 790 2507 agi.
833 2460 928 2498 Nam
949 2465 1021 2497 tres

358 2513 443 2549 olim
460 2515 617 2564 Spartae
641 2516 752 2552 fuisse
778 2517 892 2552 tribus
915 2518 1018 2564 (φυ-

359 2566 446 2620 λάς)
478 2584 551 2607 non
580 2571 683 2608 aliter
718 2577 829 2619 atque
866 2573 901 2608 in
941 2573 1019 2608 aliis

359 2626 498 2663 Dorum
519 2628 722 2665 civitatibus
748 2629 835 2664 satis
855 2633 1020 2673 constat,

359 2682 406 2720 de
428 2696 578 2731 quarum
606 2685 675 2720 una
705 2688 830 2721 tamen
850 2685 882 2722 h.
905 2685 926 2720 l.
946 2698 1020 2721 non

359 2740 594 2787 cogitandum
629 2753 710 2778 esse
743 2742 859 2789 quivis
890 2741 1023 2778 intelli-

359 2801 445 2842 get,
488 2796 548 2833 ubi
577 2808 646 2834 vox
669 2791 778 2846 φυλή
801 2797 918 2834 latiori
938 2811 1021 2835 seu-

1074 507 1116 532 su
1136 496 1349 546 accipienda
1376 496 1422 533 de
1449 498 1559 545 gente
1579 507 1606 530 S.
1629 494 1734 530 sami-

1074 552 1143 597 lia,
1194 565 1345 602 quarum
1384 552 1507 602 plures
1544 551 1592 587 ad
1623 562 1731 587 unam

1076 609 1304 658 eandemque
1337 609 1486 645 istarum
1527 607 1634 643 trium
1670 607 1733 643 tri-

1077 665 1186 701 buum
1233 665 1493 715 pertinuerint;
1551 663 1731 711 phratrias

1079 720 1253 770 appellari
1286 721 1407 757 licebit
1436 732 1516 757 cum
1534 718 1686 756 Miillero
1709 718 1731 755 l.

1079 778 1102 813 1.
1125 776 1201 812 coll.
1226 777 1313 813 Dor.
1344 777 1374 813 ll
1403 789 1489 826 pag.
1515 777 1569 814 77
1596 779 1671 811 not.
1694 776 1732 813 8.

1077 832 1213 880 Neque
1244 834 1353 869 etiam
1383 833 1432 869 ad
1465 835 1621 881 quatuor
1656 830 1732 867 illas

1077 888 1228 938 phylas,
1297 900 1392 937 quae
1429 900 1451 924 a
1490 887 1733 935 grammaticis

1078 944 1232 981 subinde
1258 948 1605 989 commemorantur,
1633 943 1734 980 Pita-

1076 1013 1174 1047 nam,
1197 1000 1362 1046 Limnas,
1394 999 1578 1036 Messoam
1599 1002 1637 1036 et
1660 995 1736 1046 Cy·

1075 1069 1246 1094 nosuram
1267 1056 1331 1104 (cf.
1352 1060 1443 1093 nott.
1467 1056 1514 1092 ad
1534 1055 1595 1101 lll,
1620 1053 1673 1095 55
1698 1067 1735 1104 p.

1077 1113 1170 1160 98),
1207 1125 1376 1162 quaeque
1399 1113 1448 1149 ad
1471 1112 1573 1158 loca,
1602 1111 1735 1160 quibus

1078 1169 1209 1218 singuli
1232 1169 1403 1219 Spartani
1423 1168 1631 1213 habitarint,
1653 1179 1735 1216 spe-

1077 1230 1195 1272 etant,
1249 1225 1474 1273 Aegidarum
1519 1223 1654 1274 phylen
1696 1227 1736 1259 ut

1077 1282 1239 1330 quintam
1257 1280 1439 1318 retulerim
1455 1280 1511 1318 vel
1528 1282 1648 1330 potius
1668 1279 1736 1315 ad-

1077 1339 1241 1384 iecerim,
1312 1335 1545 1385 Amyclaeam
1600 1335 1735 1372 scilicet

1077 1395 1153 1431 sive
1168 1394 1385 1443 Aegidarum
1405 1394 1559 1437 tribum,
1580 1392 1618 1428 id
1635 1391 1734 1441 quod

1077 1450 1296 1498 (piibusdam
1314 1450 1492 1499 placuisse
1504 1449 1624 1485 video.
1649 1447 1734 1483 Vid.

1077 1505 1218 1543 Miiller.
1240 1506 1328 1543 Dor.
1352 1506 1382 1542 ll
1411 1518 1496 1555 pag.
1519 1506 1571 1545 49
1593 1525 1647 1530 —
1666 1503 1733 1543 51.

1078 1564 1120 1599 C.
1142 1562 1203 1598 Fr.
1221 1562 1410 1598 Hermann
1431 1561 1563 1598 Lehrb.
1589 1561 1623 1596 d.
1645 1559 1737 1596 Hel-

1077 1619 1145 1656 len.
1169 1618 1439 1655 Staatsalterth.
1465 1616 1501 1668 ἓ.
1526 1617 1579 1657 24
1599 1620 1675 1653 not.
1697 1617 1735 1655 9.

1133 1678 1234 1713 τοῖσι
1249 1672 1289 1713 ὁὲ
1308 1673 1349 1712 ἐν
1369 1676 1417 1727 τῇ
1429 1675 1539 1727 φυλῇ
1555 1668 1676 1725 ταύτῃ
1698 1686 1735 1710 κ.

1077 1746 1108 1769 τ.
1133 1732 1180 1781 λ.]
1202 1732 1339 1768 Eadem
1363 1731 1537 1768 orationis
1556 1734 1737 1766 structura

1079 1788 1308 1837 impeditior,
1351 1788 1397 1824 de
1427 1800 1499 1836 qua
1528 1786 1576 1822 ad
1596 1785 1736 1822 initium

1078 1845 1182 1881 huius
1203 1857 1281 1894 cap.
1302 1844 1526 1889 monuimuS,
1569 1841 1650 1879 coll.
1675 1840 1736 1888 lV,

1084 1899 1174 1940 147.
1203 1900 1299 1937 Nam
1318 1912 1445 1937 sensus
1465 1903 1538 1936 est.
1570 1898 1620 1935 Hi
1641 1897 1736 1935 enim

1079 1957 1184 1993 huius
1203 1957 1319 2005 gentis
1341 1956 1426 2002 viri,
1457 1955 1589 2004 quibus
1608 1955 1644 1990 in
1666 1955 1737 1990 vita

1080 2026 1152 2049 non
1185 2013 1422 2050 remanebant
1453 2012 1552 2058 uati,
1604 2009 1736 2048 oraculi

1080 2071 1182 2106 iussu
1210 2073 1297 2118 (quo
1328 2067 1403 2106 scil.
1430 2068 1563 2106 malum
1595 2071 1738 2104 averte-

1079 2130 1161 2163 rent
1228 2125 1465 2174 sobolemque
1522 2122 1738 2169 servarent),

1080 2182 1253 2231 templum
1285 2182 1457 2218 furiarum
1474 2181 1555 2219 Laii
1572 2185 1610 2217 et
1624 2179 1737 2216 Oedi-

1079 2239 1185 2289 podis
1215 2242 1476 2275 exstruxerunt.
1535 2237 1592 2273 Ad
1620 2236 1737 2284 ipsum

1079 2299 1333 2343 argumentum
1363 2298 1508 2343 praeter
1538 2290 1738 2328 VVesselin-

1079 2352 1202 2399 gium,
1243 2351 1305 2399 qui
1337 2349 1463 2385 laudat
1488 2349 1645 2386 Pausan.
1675 2346 1738 2393 lX,

1081 2407 1105 2448 5
1138 2405 1243 2456 §.8‚
1297 2405 1511 2441 Vale-ken,
1549 2404 1637 2441 haec
1673 2403 1739 2440 ad-

1080 2463 1243 2512 scripsit:
1284 2461 1444 2507 „Du-ae,
1475 2461 1607 2510 quibus
1629 2460 1741 2508 Aegi-

1081 2519 1207 2555 darum
1232 2519 1446 2567 progenitor
1464 2518 1643 2567 Oedipus,
1665 2516 1739 2553 Fu-

1077 2575 1137 2610 riis
1161 2575 1347 2622 agitatus,
1389 2574 1482 2610 {ilios
1513 2586 1598 2610 suos
1627 2574 1741 2611 devo-

1077 2630 1147 2674 vit,
1187 2643 1208 2666 a
1231 2630 1357 2667 Thera
1387 2630 1661 2678 quodammodo
1682 2642 1739 2666 re-

1078 2691 1261 2733 novatae,
1296 2686 1408 2723 lilium
1434 2700 1474 2724 se
1498 2687 1640 2723 dicente
1669 2701 1736 2724 κα-

1079 2743 1281 2791 ταλείψειν
1315 2741 1378 2781 ὄϊν
1405 2742 1446 2781 ἐν
1477 2739 1654 2788 λύκοισι,
1682 2742 1740 2780 di·

1083 2804 1210 2836 cuntur
1261 2800 1466 2850 Oedipodis
1522 2793 1737 2850 Ἐριννύες.
