1879 3255
35 252 103 271 oua:
139 241 248 277 'rypho
277 242 308 270 lu

36 276 144 313 palude
167 276 308 304 Serboni-

35 313 72 340 de
90 311 266 338 occultatus.

37 1142 218 1177 importatur
245 1141 278 1168 in

280 1008 313 1053 6

39 1074 123 1102 Vana
147 1076 292 1106 testacea,

39 1108 146 1142 (unibus
182 1107 283 1134 vinum

361 141 391 179 8
780 137 1244 176 HERODOTI

365 244 395 301 ἢ
425 244 513 289 ἐστὶ
539 243 705 300 Σύρων
733 248 823 289 τοῖν
854 248 1161 289 Παλαιστηνῶν
1199 245 1494 301 καλεομένων·
1545 245 1630 289 ἀπὸ

367 315 414 360 δὲ
448 315 693 368 Καδύτιος,
726 315 882 372 ἐούσης
911 314 1065 367 πόλιος
1094 316 1173 369 (ὥς
1201 315 1296 372 ἐμοὶ
1327 317 1487 374 δοκέει)
1518 321 1633 373 Σαρ-

362 387 470 431 δίων
499 384 554 430 ού
585 390 732 444 πολλῷ
763 386 1022 437 ἐλάσσονος,
1055 383 1140 429 ἀπὸ
1172 386 1333 443 ταύτης
1360 387 1413 431 τὰ
1443 388 1632 443 ἐμπόρια

360 457 413 501 τοὶ
467 457 536 501 ἐπὶ
584 455 809 512 θαλάσσης
851 456 972 511 μέχρι
1003 452 1207 511 Ἰηνύσου
1243 457 1394 509 πόλιός
1428 459 1516 503 ἐστι
1552 464 1634 504 τοῦ

334 526 593 584 2Ἀραβίου·
648 526 734 571 ἀπὸ
775 527 821 571 δὲ
863 525 1087 582 Ἰηνύσου,
1143 523 1264 580 αὖτις
1303 529 1466 584 Σύρων
1512 530 1692 586 μέχριΘΟ

367 599 647 656 Σερβωνίδος
677 600 857 655 λίμνης»
907 594 1017 651 παρ’
1060 595 1117 652 ἢν
1155 600 1209 655 δὴ
1248 600 1298 643 τὸ
1329 599 1503 644 Κάσιον
1533 600 1638 655 ὅρος

366 672 496 714 τείνει
526 669 569 720 ἐς
597 669 852 713 θάλασσαν·
885 664 972 711 ἀπὸ
1003 667 1050 711 δὲ
1074 670 1355 725 Σερβωνίδος
1383 673 1557 728 λίμνης,
1589 672 1638 716 ἐν

369 745 424 798 τῇ
453 739 506 796 δὴ
536 737 667 795 λόγος
689 739 768 783 τόν
788 738 924 795 Τυφῶ
943 737 1218 794 κεκρύφθαι,
1250 739 1336 785 ἀπὸ
1366 741 1526 799 ταύτης
1554 741 1638 799 ἤδη

341 820 362 853 3
375 814 609 868 Αἴγυπτος.
657 809 707 853 τὸ
733 810 786 867 δή
805 811 962 866 μεταξὺ
981 808 1181 866 Ἰηνύσου
1199 809 1353 863 πόλιος
1371 813 1444 855 καὶ
1464 816 1639 857 Κασίου

369 898 414 926 τε
459 881 615 935 οὔρεος
654 881 727 924 καὶ
769 885 844 938 τῆς
873 883 1151 938 Σερβωνίδος
1179 883 1353 938 λίμνης,
1399 883 1474 927 ἐὸν
1505 888 1696 928 τοῦτο95

374 951 458 997 οὐκ
497 952 650 1007 ὀλίγον
679 953 842 1007 χωρίον
881 951 970 997 ἀλλ’
1005 952 1112 996 ὅσον
1141 967 1186 995 τε
1224 952 1294 995 ἐπὶ
1321 959 1436 1007 τρεῖς
1473 953 1640 1010 ἡμέρας
1682 973 1684 975 ·

373 1233 484 1288 μέχρι
502 1229 685 1286 Ἰηνύσου
711 1230 848 1282 πόλιός
877 1233 974 1285 ἐστι]

313 1292 461 1344 Ienysus
479 1305 522 1330 eo
541 1291 619 1329 loco
637 1292 788 1339 exstitit,
809 1292 978 1329 ubinune

313 1351 411 1388 vicus
435 1347 520 1386 Kan
541 1347 663 1395 Iones,
703 1348 765 1398 qui
786 1361 859 1386 non
886 1348 980 1386 mul-

315 1411 393 1444 tum
417 1418 439 1443 a
460 1405 566 1442 Gaza
587 1406 748 1452 distans,
787 1417 830 1442 ex
856 1404 980 1454 Aegy-

314 1467 382 1514 pto
401 1466 438 1500 et
459 1462 608 1511 quidem
630 1474 674 1498 ex
704 1460 783 1498 loco
805 1461 980 1498 Salahiah

316 1531 437 1568 prope
477 1517 658 1555 Pelusium
712 1530 779 1567 per
835 1518 981 1555 deserta

318 1574 458 1611 XXVII
491 1573 575 1611 mill.
609 1574 836 1611 Germanice.
869 1574 982 1624 profi-

318 1630 537 1668 ciscentibus
561 1630 697 1681 primus
725 1643 766 1667 se
793 1630 902 1668 offert
924 1643 983 1667 ar-

319 1687 450 1734 bores,
496 1699 650 1736 aquam,
695 1686 851 1733 herbas,
899 1686 983 1733 alia,

320 1748 622 1780 commonstrans.
654 1741 716 1779 Tu
737 1743 811 1780 vid.
826 1744 984 1780 Rennel.

320 1800 460 1848 Geogr.
473 1799 561 1836 Her.
581 1812 618 1848 p.
631 1797 724 1838 496-
757 1798 784 1835 Ι.
796 1800 854 1836 W.
868 1799 984 1835 Hart-

320 1868 443 1892 mann.
480 1855 558 1891 Das
578 1854 771 1891 Paschalik
788 1853 982 1904 Aegypten

319 1924 357 1961 p.
383 1912 633 1950 861—-863,
660 1931 717 1938 ——-
748 1910 789 1947 ln
819 1911 984 1961 proxime

321 1979 424 2016 seqq.
460 1966 554 2003 male
589 1979 655 2016 pro
688 1968 760 2005 τοῦ
795 1961 983 2017 Ἀραβίου

321 2023 471 2072 quidam
494 2022 572 2059 libri
592 2024 661 2073 τῆς
680 2017 883 2073 Ἀραβίου.
927 2023 985 2060 Ιη-

320 2079 497 2127 telligitur
517 2078 633 2125 enim,
671 2091 737 2115 usu
768 2080 854 2115 satis
882 2084 984 2126 noto,

324 2148 387 2172 rex
400 2135 571 2172 Arabum.
590 2135 698 2172 Conf.
721 2147 767 2173 ne
786 2135 888 2186 plura
905 2135 933 2183 l,
946 2138 984 2175 2.

382 2244 492 2298 μέχρι
531 2246 783 2297 Σερβωνίδος
828 2245 984 2296 λίμνης]

324 2302 383 2341 De
412 2303 480 2339 hoc
511 2303 588 2340 lacu
618 2303 772 2339 diximus
797 2304 843 2340 ad
871 2304 915 2349 ll,
948 2305 985 2342 6.

325 2358 383 2397 De
403 2358 506 2396 Casio
533 2364 658 2396 monte
682 2360 755 2396 vid.
785 2360 871 2396 ibid.
895 2363 986 2395 nott.

324 2415 399 2452 Ubi
421 2415 530 2452 etiam
550 2416 736 2463 attigimus
762 2415 918 2452 fabulam
941 2416 988 2451 de

325 2470 517 2521 Typhone,
535 2472 571 2507 in
585 2472 683 2507 cuius
697 2471 853 2521 speciem
870 2473 986 2507 munis

323 2528 399 2565 fere
429 2540 546 2564 rerum
572 2528 788 2564 naturalium
819 2540 986 2566 excessus

323 2584 600 2633 intempestivus
653 2585 757 2632 quasi
804 2583 986 2629 coalescit,

323 2639 385 2689 qui
406 2640 491 2676 inde
515 2653 580 2690 pro
603 2640 712 2676 nimio
734 2640 862 2688 quovis
879 2640 988 2676 ardo-

325 2708 383 2741 re,
423 2696 561 2732 foetore
591 2695 758 2745 adeoque
787 2700 890 2745 peste
923 2696 987 2732 ha-

331 2753 454 2799 betur,
503 2757 543 2789 ut
572 2751 699 2789 mirum
728 2764 801 2788 non
830 2752 878 2788 sit
909 2751 988 2788 loca

372 1021 502 1074 ὁδόν,
547 1021 745 1078 ἄνυδρόν
783 1023 871 1067 ἐστι
910 1026 1073 1076 δεινῶς.

1137 1021 1197 1069 Τὸ
1230 1023 1276 1067 δὲ
1306 1021 1447 1081 ὀλίγοι
1476 1028 1566 1068 τῶν
1595 1024 1639 1076 ἐς

1034 1236 1110 1274 sive
1139 1237 1287 1273 deserta
1313 1234 1462 1285 soleque
1487 1236 1598 1273 nimio
1625 1239 1703 1274 tor-

1033 1292 1154 1330 rentia
1183 1292 1259 1329 sive
1282 1291 1465 1329 siticulosa
1486 1293 1703 1343 paludibus-

1036 1362 1108 1398 que
1132 1349 1242 1395 soeda
1267 1347 1461 1398 Typhonis
1487 1354 1702 1400 receptacu-

1035 1406 1122 1451 lum,
1142 1404 1360 1441 domicilium
1388 1417 1430 1442 ac
1456 1406 1582 1443 sedem
1611 1405 1701 1454 fingi

1035 1462 1257 1513 primariam.
1288 1460 1346 1498 De
1364 1474 1435 1510 qua
1460 1461 1564 1511 plura
1583 1463 1700 1498 Creu-

1037 1531 1111 1556 zer.
1149 1518 1186 1554 in
1206 1518 1430 1554 Commentt.
1451 1518 1643 1555 Herodott.
1664 1531 1702 1568 p.

1039 1576 1133 1614 289.
1172 1573 1280 1611 Conf.
1305 1575 1416 1611 etiam
1439 1574 1574 1611 Ritter.
1603 1574 1700 1611 Erd—

1037 1631 1164 1667 kuude
1197 1630 1228 1666 11
1258 1643 1293 1678 p.
1316 1628 1410 1671 400.
1439 1629 1517 1667 coll.
1535 1632 1629 1670 303.
1645 1650 1703 1659 —-

1038 1685 1211 1724 Voculam
1241 1683 1321 1736 ἤδη
1351 1690 1436 1736 post
1470 1687 1584 1724 verba
1621 1681 1703 1725 ἀπὸ

1039 1738 1184 1792 ταύτης
1219 1755 1298 1778 cum
1327 1743 1444 1786 Gaisf.
1483 1756 1529 1780 ex
1561 1742 1704 1792 aliquot

1039 1799 1139 1836 libris
1167 1799 1297 1848 recepi.

1098 1904 1180 1948 ἀλλ’
1202 1905 1298 1948 ὅσον
1321 1924 1360 1948 τε
1387 1909 1451 1950 ἐπὶ
1481 1914 1583 1962 τρεῖς
1606 1908 1703 1962 ἦμέ-

1042 1981 1113 2018 ρας
1137 1961 1250 2017 ὁδόν]
1291 1967 1384 2004 Cum
1405 1979 1427 2004 a
1449 1968 1558 2004 Casio
1580 1973 1706 2005 monte

1041 2036 1156 2071 usque
1182 2023 1230 2059 ad
1259 2023 1428 2072 lenysum
1457 2025 1526 2060 iter
1555 2025 1602 2060 sit
1636 2024 1705 2061 XV

1042 2079 1178 2116 milliar.
1201 2079 1440 2125 Germanice„
1461 2093 1482 2116 a
1501 2080 1706 2118 Serbonide

1043 2135 1123 2172 lacu
1142 2136 1237 2172 adeo
1255 2136 1384 2183 minus,
1399 2137 1588 2173 Persarum
1601 2150 1705 2174 exer-

1042 2192 1152 2228 citum
1190 2197 1344 2239 quatuor
1377 2193 1541 2241 quotidie
1579 2194 1705 2230 confe-

1043 2247 1133 2284 cisse
1163 2248 1327 2284 milliaria
1357 2250 1483 2285 statuit
1506 2250 1660 2287 Rennel.
1684 2248 1707 2286 l.

1045 2303 1066 2339 l.
1085 2317 1119 2353 p.
1137 2302 1230 2343 496.
1262 2303 1323 2340 Ad
1345 2318 1449 2354 seqq.
1467 2306 1578 2342 verba
1590 2307 1706 2343 Creu-

1045 2371 1149 2396 zerus
1185 2359 1206 2395 l.
1236 2359 1256 2396 l.
1289 2362 1428 2410 1›.288
1462 2362 1587 2398 laudat
1618 2361 1705 2398 Plu·
1761 2352 1766 2356 ¹

1044 2416 1156 2452 tarchi
1186 2415 1301 2451 locum
1324 2416 1505 2453 inAnton.
1524 2419 1547 2456 3
1567 2431 1603 2466 p.
1623 2418 1706 2456 917

1044 2472 1086 2507 A.
1101 2500 1111 2517 ‚
1153 2472 1330 2520 additque
1360 2486 1468 2520 quam
1504 2474 1708 2523 periculosa

1044 2529 1114 2564 sint
1136 2528 1433 2575 belligerantibus
1463 2529 1551 2566 haec
1580 2529 1707 2566 ‹leser-

1044 2589 1104 2629 ta,
1143 2585 1362 2621 documento
1405 2598 1486 2621 esse
1519 2585 1708 2622 Gallorum

1043 2640 1253 2686 exercitum,
1279 2654 1394 2690 nuper
1413 2653 1434 2677 a
1452 2641 1708 2678 Britannorum

1044 2697 1135 2732 «luce
1153 2697 1257 2733 Sidn.
1275 2697 1403 2733 Smith.
1426 2698 1461 2734 in
1480 2698 1601 2746 sugam
1620 2711 1707 2735 con-

1044 2752 1185 2790 iectum.
