1863 3256
461 132 548 172 318

851 129 1326 170 HERODOTI

127 247 276 288 Scythae,
330 247 361 274 11¹
387 256 405 276 a
434 234 594 283 4οὗτοι
643 237 729 282 α’πὸ
776 239 919 295 θήρης
965 239 1148 293 ζώοντες
1187 238 1335 295 τρόπῳ
1384 239 1550 295 τοιῷδε.
1608 241 1728 296 λοχᾷ,

465 307 536 352 ἐπὶ
576 307 783 364 δένδρεον
825 309 1009 365 ἀναβάς·
1059 310 1133 361 (τοὶ
1165 311 1211 355 δέ
1243 311 1331 354 ἐστι
1360 308 1506 352 πυκνὰ
1536 306 1621 352 «ivd
1649 313 1728 352 πᾶ-

462 391 546 423 σαν
574 377 654 434 τήν
691 378 884 435 χώρην)
932 381 1064 430 ἵππος
1104 380 1150 423 δὲ
1192 381 1380 439 ἑκάστῳ,
1418 379 1727 434 δεδιδαγμένος

461 450 529 493 ἐπὶ
569 451 756 504 γαστέρα
797 454 971 493 κεῖσθαι
1010 450 1319 507 ταπεινότητος
1350 452 1514 501 εἵνεκα,
1559 449 1730 505 ἓτοΐμός

463 522 573 572 ἐστι,
611 520 685 563 καὶ
723 518 868 562 κύων·
920 518 1052 563 ἐπεοὶν
1092 521 1138 564 δὲ
1179 519 1312 579 ἀπίδῃ
1349 522 1398 565 τὸ
1441 522 1601 577 θηρίον
1641 519 1726 564 ἀπὸ
1741 527 1785 562 35

463 595 543 635 τοῦ
573 590 805 644 δενδρέου,
851 591 1056 643 τοξεύσας
1093 592 1167 635 καὶ
1205 592 1355 650 ἐπιβὰς
1385 592 1455 636 ἐπὶ
1486 591 1564 637 τόν
1593 594 1728 636 ἵππον

144 283 238 316 regiis
270 282 306 310 de
321 289 388 310 ece-

147 321 230 343 nnn!-

406 746 506 782 cuius
550 743 767 781 sententiam
820 743 929 794 paulo
982 748 1069 781 ante

407 800 791 843 commemoravimus,
833 813 854 836 a
879 800 990 836 fluvio
1012 798 1069 835 Ir-

407 859 484 905 gis,
526 856 587 904 qui
619 857 740 904 gentis
769 857 956 904 regionem
985 861 1070 892 tan-

407 918 482 962 gat.
527 912 683 949 Rennei.
704 925 738 962 p.
763 910 845 952 437
873 913 902 948 si
925 912 1068 959 audias,

406 971 501 1005 intra
532 969 568 1004 fi.
600 968 678 1005 laik
716 972 754 1005 et
784 967 939 1016 Volgam
976 969 1069 1005 circa

406 1026 573 1061 Saratow
592 1025 973 1073 consederuntlyrcae
993 1025 1070 1061 sive

407 1081 443 1119 Τ
448 1093 555 1118 ureae
598 1082 674 1118 sive
714 1081 954 1129 Torgautae:
997 1093 1069 1130 quo

406 1138 556 1175 nomine
575 1139 772 1174 etiamnum
793 1137 1069 1175 Calmuccorum

406 1194 538 1231 tribum
563 1195 601 1230 in
622 1194 677 1230 his
703 1194 914 1242 regionibus
941 1193 1070 1244 palan-

406 1255 481 1288 tem
499 1250 686 1298 designari
705 1251 833 1287 addit:
864 1251 930 1288 etsi
947 1249 1068 1300 plures

405 1307 476 1344 illic
505 1308 671 1344 nationes
721 1307 897 1343 nomadas
942 1306 1067 1352 fuisse,

405 1375 560 1413 quarum
609 1362 707 1400 nulla
756 1363 805 1399 ad
839 1363 1067 1399 Herodotum

402 1420 610 1471 pervenerit
634 1419 786 1465 notitia,
821 1432 999 1469 perquam
1023 1419 1069 1455 sit

405 1475 609 1527 probabile.
655 1476 814 1512 Heeren.
843 1475 974 1522 (ldeen
995 1475 1021 1521 Ι,
1043 1478 1068 1515 2

406 1544 492 1583 pag.
519 1533 613 1573 281.
637 1534 738 1579 307)
771 1532 997 1581 potissimum
1020 1532 1067 1568 ob

374 1583 376 1587 ’
406 1589 517 1626 verba
534 1600 614 1638 cap.
636 1588 702 1629 24.
755 1588 938 1636 Iyrcarum
962 1587 1068 1624 sedes

407 1645 456 1681 ad
500 1643 765 1682 occidentalem
806 1644 939 1681 montis
978 1643 1069 1681 Ural

408 1704 567 1751 partem·
592 1700 821 1749 quaerendas
859 1705 981 1746 ratus,
1032 1700 1069 1737 in

409 1757 512 1794 huius
535 1757 649 1806 ipsius
668 1757 809 1794 radices
828 1757 877 1793 ad
896 1757 986 1794 fines
1010 1757 1070 1792 Si-

407 1813 530 1851 beriae
550 1813 586 1849 in
604 1814 782 1862 gubernio
793 1814 979 1850 Permensi
992 1813 1070 1861 lyr-

407 1883 469 1908 cas
490 1871 701 1908 consedisse
724 1871 920 1906 arbitratur
939 1870 1068 1906 iisdem

405 1926 558 1963 forsitan
574 1927 611 1963 in
631 1926 862 1975 regionibus,
892 1939 982 1975 quas
1000 1938 1068 1975 po-

407 1986 489 2020 stea
529 1983 742 2032 occuparint
775 1982 900 2030 Iugrn·
943 1982 1069 2029 (hodie

404 2043 580 2076 vocantur
620 2038 817 2088 Wogulen,
864 2038 1068 2087 Ostiaken),

404 2095 473 2133 nisi
503 2095 623 2145 potius
655 2108 722 2146 pro
755 2109 829 2133 una
867 2097 1070 2144 eademque

402 2151 564 2188 habendi
591 2152 661 2189 sint
690 2156 823 2201 gente,
857 2165 951 2201 quae
976 2164 1071 2189 mer-

406 2212 531 2244 catura
552 2208 688 2257 insigni
709 2208 764 2246 vel
784 2209 925 2245 decimo
943 2209 1070 2257 quinto

405 2267 490 2314 post
523 2264 606 2301 Chr.
637 2278 673 2301 n.
707 2264 851 2302 saeculo
878 2266 1002 2302 floruit
1032 2268 1070 2302 et

404 2319 520 2356 multo
534 2324 645 2357 antea
662 2321 733 2357 iam
750 2321 918 2359 floruisse
934 2325 1068 2371 putan-

405 2377 454 2412 da
481 2381 548 2413 est.
592 2376 783 2413 Reichard.
808 2376 829 2413 l.
852 2377 873 2412 l.
902 2390 988 2427 pag.
1012 2376 1067 2416 35

404 2431 526 2480 lyrcas
554 2432 592 2468 in
622 2433 750 2470 iisdem
780 2434 892 2470 ferme
920 2433 1067 2470 sedibus

405 2487 580 2534 collocat,
621 2501 711 2537 quas
731 2501 825 2525 nunc
844 2494 971 2526 tenent
992 2490 1068 2525 lur-

406 2544 782 2594 gnsen-lwanowsk,
824 2546 872 2581 ad
917 2546 1066 2581 fiuvium

406 2600 583 2650 lurgusen
610 2602 647 2637 in
675 2602 852 2649 gubernio
880 2601 1066 2638 Permensi

405 2657 454 2694 ad
467 2658 640 2695 orientem
653 2658 811 2706 regionis
824 2656 1063 2705 Tyssowosk,

406 2713 468 2750 ubi
497 2714 593 2752 idem
620 2714 728 2751 sedes
749 2713 1064 2763 Thyssagetarum

407 2774 591 2819 posuerat.
633 2770 774 2814 Quibus
798 2770 870 2808 Cr.
891 2770 981 2809 haec
999 2771 1064 2808 ad-

1126 745 1280 794 scripsit.
1333 744 1442 791 „Pro
1471 740 1616 796 Ἰὖρκαι
1642 746 1788 783 coniicit

1131 801 1283 851 Τῦρκαι
1311 801 1466 838 Ioannes
1496 802 1631 838 P0t6ki
1653 802 1786 839 Comes

1126 856 1161 892 in
1183 857 1295 902 libro,
1330 858 1391 906 qui
1411 858 1637 894 inscribitur:
1680 858 1783 895 Essai

1126 912 1312 950 d'histoire
1343 913 1553 950 universeile
1578 918 1615 951 et
1641 914 1784 951 recher-

1126 968 1211 1005 ches
1239 981 1300 1005 sur
1329 968 1365 1005 la
1395 969 1594 1016 Sarmatic,
1634 968 1786 1019 aliisque

1126 1025 1248 1069 libris,
1290 1037 1382 1074 quos
1410 1038 1520 1076 super
1548 1025 1695 1063 historia
1714 1026 1787 1063 Po-

1126 1082 1244 1119 loniae
1269 1081 1497 1131 Russiaeque
1526 1082 1652 1119 edidit.
1700 1081 1784 1119 Vid.

1127 1138 1292 1186 Giitting.
1317 1138 1469 1187 gelehrt.
1491 1138 1582 1174 Anz.
1605 1140 1711 1178 1817
1731 1151 1786 1175 nr.

1127 1196 1179 1234 93
1223 1206 1307 1244 pag.
1342 1197 1499 1235 921—
1520 1196 1601 1236 923
1642 1195 1785 1243 seqq.“

1126 1250 1207 1288 Nec
1222 1251 1325 1300 pauci
1346 1252 1468 1298 fuere,
1498 1252 1559 1300 qui
1579 1251 1664 1288 inde
1693 1250 1785 1287 Tur-

1127 1320 1247 1343 carum
1262 1308 1502 1357 posteriorum
1524 1307 1701 1356 originem
1724 1320 1784 1344 re-

1126 1365 1203 1414 peti
1230 1362 1380 1409 vellent3
1422 1375 1549 1414 parum
1586 1368 1705 1409 recte,
1747 1368 1786 1400 ut

1127 1420 1216 1456 satis
1260 1420 1421 1456 ostendit
1461 1420 1608 1469 copiosa
1645 1421 1691 1457 de
1730 1419 1784 1456 his

1127 1475 1348 1513 Tzschuckii
1376 1476 1575 1525 disputatio
1597 1476 1643 1512 ad
1664 1476 1785 1513 Melae

1125 1532 1147 1568 l.
1170 1534 1193 1569 l.
1213 1532 1249 1568 in
1272 1537 1364 1568 nott.
1385 1533 1478 1568 critt.
1496 1543 1582 1582 pag.
1597 1531 1690 1572 650.
1704 1531 1782 1569 Vol.

1126 1588 1157 1625 ll
1180 1588 1220 1625 P.
1242 1588 1269 1625 l.

1182 1643 1294 1698 λοχᾷ]
1327 1643 1401 1681 scil.
1425 1641 1447 1682 ό
1468 1644 1635 1695 θηρῶν,
1667 1649 1708 1680 ut
1728 1656 1784 1682 re-

1126 1705 1184 1739 cte
1216 1701 1356 1738 monuit
1384 1700 1586 1749 Schweigh.
1616 1699 1677 1737 Tu
1710 1701 1784 1737 vid.

1126 1758 1155 1805 Ι,
1185 1759 1266 1799 132
1295 1757 1380 1806 ibiq.
1410 1762 1501 1793 nott.
1560 1757 1614 1794 Ac
1639 1755 1785 1806 pellium

1126 1826 1255 1860 causa,
1287 1825 1378 1862 quas
1397 1814 1443 1849 ad
1464 1812 1608 1850 Olbiam
1624 1813 1785 1861 aliasque

1128 1871 1350 1907 Graecorum
1389 1869 1548 1906 colonias
1588 1869 1636 1905 ad
1678 1868 1785 1905 Ponti

1126 1939 1226 1963 oram
1249 1926 1486 1973 adveherent,
1518 1926 1615 1963 unde
1636 1926 1673 1961 in
1697 1924 1785 1961 alias

1126 1983 1208 2020 illae
1262 1987 1380 2019 terras
1437 1985 1787 2033 transportarentur,

1126 2039 1220 2076 hanc
1288 2038 1519 2076 venationem
1586 2038 1786 2074 institutam

1126 2096 1258 2143 fnisse,
1299 2099 1396 2132 recte
1432 2099 1610 2132 annotare
1642 2094 1786 2131 videtur

1125 2152 1285 2189 Heeren.
1312 2152 1425 2189 Ideen
1446 2151 1474 2198 1,
1494 2155 1519 2192 2
1539 2163 1623 2201 pag.
1644 2149 1737 2190 304.

1183 2203 1340 2256 ἕτοῖμός
1360 2206 1454 2254 ἐστι,
1477 2205 1546 2245 καὶ
1566 2202 1692 2255 κύων]
1712 2206 1785 2243 Ca-

1126 2278 1210 2303 nem
1262 2264 1381 2314 lyrcas
1434 2264 1562 2300 statuit
1609 2262 1784 2313 Koppen.

1124 2320 1386 2368 Nordgestade
1405 2325 1469 2357 etc
1486 2331 1571 2369 pag.
1585 2318 1637 2359 85
1652 2319 1780 2356 eodem

1124 2377 1295 2414 habuisse
1316 2375 1414 2423 loco,
1451 2387 1525 2424 quo
1556 2387 1652 2411 nunc
1675 2374 1781 2423 vulgo

1124 2446 1189 2483 per
1206 2432 1390 2481 Europam
1405 2432 1501 2468 vitae
1521 2432 1655 2467 socium
1678 2431 1783 2480 quasi

1124 2494 1309 2526 assumant
1328 2500 1474 2534 canem,
1507 2487 1640 2523 animal
1658 2488 1784 2525 dome-

1127 2546 1264 2582 sticum.
1316 2544 1355 2580 ln
1384 2556 1487 2592 seqq.
1518 2544 1629 2580 verba
1660 2542 1726 2582 καὶ
1761 2541 1784 2582 ὁ

1122 2597 1233 2640 κύων
1260 2599 1383 2650 ἔχεται
1411 2600 1549 2637 valent:
1601 2601 1701 2636 canis
1722 2602 1778 2635 in-

1121 2657 1241 2694 haeret
1261 2659 1432 2705 vestigiis.
1463 2656 1548 2696 vid.
1571 2657 1600 2703 1,
1621 2655 1699 2697 134
1711 2656 1779 2692 ibi-

1122 2727 1193 2763 que
1206 2719 1298 2750 nott.
1332 2713 1403 2749 l'ro
1424 2710 1677 2763 τετραμμένοι
1697 2724 1778 2749 cum

1121 2775 1268 2808 recentt.
1291 2770 1375 2807 edd.
1399 2770 1488 2807 dedi
1510 2765 1777 2808 ἀποκλίνοντι.
