1863 3256
432 139 516 178 434
831 140 1301 178 HERODO'l'l

435 247 508 289 καὶ
537 251 615 291 τοῦ
644 246 854 303 μεγάθεος
881 251 959 290 τοῦ
988 249 1139 290 πεδίου
1169 245 1415 301 παρέχεται,
1455 245 1681 303 εἰρήσεται·

436 318 555 372 ’ίχνος
584 316 817 372 Ἡρακλέος
846 317 1057 371 φαίνουσι
1087 317 1133 359 ἐν
1171 316 1303 371 πέτρῃ
1332 314 1478 367 ἐνεόν,
1515 317 1564 360 τὸ
1594 316 1684 360 οἶκε

433 386 510 442 μὲν
547 386 704 443 βήματι
747 383 939 439 ἀνδρὸς,
987 385 1073 427 ἔστι
1112 385 1158 429 δὲ
1194 387 1243 428 τό
1283 387 1474 441 μέγαθος
1517 388 1683 442 δίπηχυ,

404 457 552 511 θπαρά
583 457 658 500 τὸν
681 454 829 510 Τύρην
856 456 1064 510 ποταμόν.
1127 460 1267 499 Τοῦτο
1297 457 1375 511 μέν
1403 473 1485 499 νυν
1514 456 1687 500 τοιοῦτό

433 527 533 570 ἐστι.
592 523 865 580 ἀναβήσομαι
897 524 943 568 δὲ
973 526 1016 576 ἐς
1045 524 1122 569 τὸν
1151 525 1247 569 κατ’
1291 526 1424 582 ἀρχὰς
1451 527 1526 583 ἤϊα
1555 527 1687 581 λέξων

433 595 576 650 λόγον.
1699 603 1742 637 35

309 673 373 716 83
546 666 996 721 Παρασκευαζομένου
1025 668 1218 721 Δαρείου
1258 667 1324 710 ἐπὶ
1360 668 1462 718 τούς
1492 668 1688 720 Σκύθας,

109 735 380 795 ὓῇξῇἳῶιξὲῗιῑζιῇῐο
436 735 509 777 καὶ
546 733 859 791 ἐπιπέμποντος
907 734 1112 791 ἀγγέλους
1149 737 1425 790 ἐπιτάξοντας
1463 743 1574 781 τοῖσι
1611 737 1688 792 μὲν

340 803 346 807 ”
434 803 563 856 πεζὸν
603 807 813 860 στρατόν,
857 811 970 849 τοῖσι
1008 806 1053 849 δὲ
1097 806 1197 857 νέας
1233 807 1457 863 παρέχειν,
1504 813 1616 851 τοῖσι
1644 808 1689 851 δὲ

107 800 278 840 Scythicum
319 805 377 828 dia-

107 834 309 862 suadentium·
329 835 378 860 ob—

439 874 697 930 ζεύγνυσθαι
727 878 805 920 τὸν
837 879 1046 932 Θρηΐκιον
1078 877 1330 933 Βόσπορον·
1370 877 1634 934 Ἀρτάβανος
1664 876 1686 920 ὁ

107 871 240 900 secutus,
285 871 382 895 movet

107 901 189 928 Susis

380 1027 562 1064 cntionem
588 1023 662 1076 ἤϊα
688 1025 808 1074 λέξων
843 1027 978 1064 faciunt
1005 1027 1034 1074 1,
1092 1027 1198 1071 Quae
1217 1027 1365 1065 Darium
1392 1028 1545 1066 moverit
1570 1040 1679 1066 causa
1695 1028 1743 1065 ad

383 1084 474 1123 122.
499 1082 598 1129 194,
631 1083 712 1120 alia·

436 1138 544 1189 ἴχνος
566 1137 786 1190 Ἡρακλέος]
835 1140 1036 1177 Conferan-

381 1199 460 1241 tur,
506 1207 599 1244 quae
640 1197 687 1233 de
714 1196 836 1233 Persei
876 1195 1034 1233 sandalis

381 1251 532 1287 diximus
566 1251 614 1287 ad
646 1251 700 1297 ll,
740 1255 789 1292 91
827 1264 911 1301 pag.
940 1252 1033 1292 685.

381 1306 544 1343 Ritterus
565 1304 737 1357 (Vorhall.
761 1319 844 1358 pag.
858 1310 938 1347 332
952 1320 1029 1356 seq.

382 1361 475 1402 334.
520 1363 612 1402 341.
652 1364 735 1404 348
773 1365 873 1412 seq.)
916 1365 1034 1401 omnia

380 1418 595 1468 Scytharum
621 1432 723 1456 sacra
749 1432 792 1456 ex
810 1419 913 1457 India
935 1420 1033 1458 deri-

382 1485 494 1518 vans,
526 1473 564 1510 in
592 1474 660 1511 hoc
689 1487 835 1523 quoque
867 1475 1033 1513 Herculis

380 1529 532 1577 vestigio
559 1531 709 1578 agnosci
734 1532 811 1567 vult
835 1531 1035 1568 sandalium

380 1584 580 1629 Buddhae,
611 1586 672 1635 qui
691 1590 776 1636 post
796 1599 964 1635 magnam
981 1588 1035 1624 in-

332 1653 334 1657 ·
381 1640 613 1678 undationem
641 1643 904 1692 comparuerit,
944 1643 1035 1680 mul-

380 1699 456 1732 tum
497 1697 706 1734 mortalibus
747 1699 902 1736 afferens
939 1699 1035 1736 salu-

383 1752 450 1799 tis,
494 1753 666 1802 cuiusque
700 1754 887 1803 vestigium
914 1768 943 1792 s.
973 1768 1032 1792 sa-

381 1821 480 1845 crum
518 1810 649 1859 pedem
681 1809 840 1856 (Probat
877 1825 906 1849 s.
937 1810 1033 1848 Sin·-

378 1864 488 1913 pade)
517 1865 635 1903 adhuc
661 1867 768 1903 variis
789 1867 913 1906 indiae
932 1866 1033 1916 locis,

362 1924 364 1929 '
382 1932 424 1957 ac
452 1920 634 1969 sigillatim
661 1923 697 1959 in
717 1922 753 1960 T
755 1923 957 1974 aprobanes
976 1925 1032 1961 in-

380 1975 459 2013 sula
490 1983 769 2017 commonstrent
798 1981 1032 2017 carminibus-

381 2044 455 2081 que
489 2033 683 2072 celebrent.
743 2036 848 2080 Quae
886 2037 956 2073 iam
996 2037 1032 2073 in

381 2087 562 2127 Graecum
578 2090 769 2128 Herculem
787 2091 845 2129 ille
859 2092 1035 2129 translata

379 2144 571 2194 opinatur,
600 2146 741 2184 colonia
767 2147 938 2185 Indorum
966 2150 1034 2186 sci-

380 2199 463 2237 licet
485 2201 533 2238 ad
555 2201 591 2238 T
593 2215 694 2252 yram
713 2204 858 2241 fluvium
877 2204 1034 2242 deducta

382 2255 453 2291 una
481 2269 559 2294 cum
577 2258 756 2296 Buddhae
772 2261 894 2297 sacris.
935 2261 1033 2304 Quin

378 2311 494 2360 ipsam
522 2325 726 2352 mensuram
753 2317 905 2353 duorum
932 2317 1032 2353 cubi-

378 2370 496 2404 torum
528 2381 727 2418 congruere
755 2372 805 2407 ait
833 2372 1031 2421 similiaque

378 2421 486 2460 affert
504 2425 695 2472 nonnulla,
726 2427 908 2475 vulgarem
929 2440 1032 2465 men-

377 2489 497 2515 suram
527 2480 632 2516 simili
662 2482 771 2518 modo
802 2495 895 2531 quae
922 2495 1030 2533 supe-

377 2544 458 2571 rare
479 2535 654 2573 dicantur.
690 2536 786 2574 Add.
805 2538 931 2575 Barth.
960 2538 1030 2576 Die

377 2587 540 2628 Kabiren
577 2592 613 2629 in
642 2592 904 2631 Teutschland.
940 2607 1026 2644 pag.

380 2646 471 2686 153.
503 2648 593 2688 168.

532 2701 636 2753 Cap.
667 2702 870 2741 LXXXllI.

421 2757 824 2810 Παρασκευαζομένου
838 2760 1023 2812 Δαρείου]

1089 1083 1354 1133 expeditionem
1380 1084 1661 1131 instituendam,
1689 1085 1744 1121 as-

1090 1140 1206 1177 sertur
1242 1153 1351 1190 supra
1392 1141 1459 1187 lv,
1499 1144 1517 1180 1
1562 1140 1640 1178 coll.
1679 1140 1742 1186 lv,

1094 1197 1184 1236 118.
1243 1196 1474 1245 Quamquam
1509 1209 1630 1234 veram
1662 1195 1742 1234 belli

1089 1251 1233 1300 Scythis
1272 1252 1447 1289 inserendi
1474 1265 1617 1289 causam
1644 1251 1743 1288 haud

1089 1309 1162 1344 scio
1187 1319 1233 1344 an
1264 1321 1305 1345 ex
1327 1308 1564 1346 immoderata
1585 1308 1742 1358 quadam

1089 1363 1185 1411 regis
1203 1364 1399 1402 ambitione
1418 1365 1626 1414 gloriaeque
1642 1364 1741 1413 cupi-

1092 1419 1177 1456 dine
1221 1432 1263 1456 ac
1296 1421 1397 1468 regni
1436 1421 1595 1469 augendi
1622 1420 1741 1456 studio

1091 1479 1257 1524 repetere
1301 1474 1415 1512 liceat.
1477 1477 1586 1514 Conf.
1630 1475 1741 1513 Dahl-

1090 1543 1211 1567 mann.
1251 1531 1430 1569 Herodot.
1457 1544 1541 1582 pag.
1567 1533 1645 1573 160
1663 1544 1740 1580 seq.

1149 1582 1387 1637 ζεύγνυσθαι
1437 1586 1506 1627 τὸν
1551 1588 1741 1637 Θρηΐκιον

1090 1637 1309 1693 Βόσπορον]
1334 1644 1437 1681 Unus
1455 1644 1636 1682 Sancrofti
1652 1643 1741 1681 liber

1091 1695 1321 1750 ζευγνύναι,
1364 1700 1463 1749 quod
1497 1699 1741 1749 WVesselingio

1088 1755 1280 1804 probatum
1336 1756 1373 1792 in
1421 1760 1556 1794 textum
1605 1757 1742 1807 recepit

1089 1810 1274 1849 Schaefer.
1313 1812 1372 1849 Cf.
1388 1812 1453 1860 ΙΙΙ,
1477 1814 1543 1854 89.
1563 1814 1627 1854 90.
1649 1810 1740 1852 134.

1089 1866 1178 1915 Vll,
1207 1869 1272 1909 36.
1304 1868 1372 1914 lv,
1401 1870 1467 1911 87.
1496 1869 1600 1906 Ctes.
1620 1867 1740 1906 Perss.

1089 1922 1272 1974 Excerptt.
1297 1926 1360 1972 17,
1393 1925 1455 1962 ubi
1472 1924 1541 1962 alia
1560 1924 1740 1974 quaedam

1089 1979 1191 2016 attuli
1235 1992 1320 2030 pag.
1375 1980 1453 2021 144
1502 1994 1579 2030 seq.
1639 1980 1740 2030 [add.

1089 2035 1293 2074 Tzschuck.
1327 2037 1374 2073 ad
1397 2036 1485 2075 Mel.
1517 2037 1569 2084 ll,
1600 2041 1626 2079 2
1649 2040 1741 2074 nott.

1090 2104 1218 2141 exegg.
1240 2092 1319 2129 Vol.
1342 2093 1391 2129 ΙΙΙ
1409 2093 1450 2131 P.
1473 2093 1505 2130 ll
1523 2106 1608 2144 pag.
1630 2090 1740 2143 116]‚

1089 2147 1125 2184 in
1152 2149 1281 2198 quibus
1309 2153 1345 2186 et
1373 2149 1460 2200 ipsis
1488 2150 1643 2187 activum
1661 2160 1741 2186 ver-

1089 2204 1174 2241 bum
1194 2206 1380 2255 reperitur.
1420 2203 1503 2242 Non
1522 2204 1624 2243 aliter
1639 2203 1741 2242 Lati-

1088 2259 1125 2296 ni
1172 2261 1231 2308 (ut
1269 2260 1338 2297 illic
1378 2262 1540 2309 monui):
1597 2262 1740 2309 iungere

1088 2314 1278 2365 Bosporon.
1339 2311 1576 2367 ζεύγνυσθαι
1620 2322 1740 2353 exstat

1088 2371 1159 2417 lv,
1182 2373 1235 2413 85
1253 2372 1362 2421 idque
1381 2385 1490 2409 sensu
1509 2373 1665 2423 passivo.
1684 2393 1737 2400 —-

1088 2427 1161 2469 Qui
1189 2427 1258 2464 hoc
1286 2427 1364 2465 loco
1384 2427 1562 2478 Bosporus
1590 2433 1739 2466 vocatur

1090 2481 1283 2529 Thracius,
1314 2484 1343 2520 is
1363 2483 1568 2535 simpliciter
1592 2497 1738 2535 quoque

1085 2538 1286 2588 appellatur
1299 2538 1476 2590 Bosporus
1494 2541 1574 2588 (lV,
1588 2542 1663 2589 85)
1683 2541 1737 2579 vel

1088 2594 1342 2632 Cluzlcedom'ae
1361 2595 1548 2647 Bosporus.
1585 2597 1664 2635 Nec
1680 2600 1737 2634 ta-

1086 2663 1187 2697 men,
1230 2653 1328 2700 quod
1359 2653 1519 2700 mireris,
1559 2652 1631 2691 ulla
1659 2654 1734 2691 eius

1083 2707 1182 2756 apud
1203 2707 1455 2756 Thucydidem
1482 2711 1631 2752 mentio.
1677 2709 1735 2746 Cf.

1084 2762 1266 2800 Gatterer.
1287 2764 1466 2802 Thracieu
1487 2765 1579 2803 nach
1597 2765 1736 2803 Herod.
