1863 3256
542 257 898 299 THALIA.
959 257 1019 295 ΙΙΙ.
1325 265 1409 304 217

135 371 300 421 ἐθέλοι,
332 371 403 414 καὶ
433 369 561 414 τέκνα
593 368 727 417 ἄλλα,
759 369 796 411 εἰ
825 371 963 411 ταῦτα
995 365 1284 422 ἀποβάλοιμι·
1330 385 1410 411 πα-

135 442 238 497 τρὸς
268 442 312 485 δὲ
340 442 413 485 καὶ
441 439 604 495 μητρὸς
636 438 721 483 οὐκ
751 439 813 482 ἔτι
834 455 915 495 μευ
946 436 1169 492 ζωόντων,
1200 436 1467 492 ἄδελφεόςίω

138 513 193 556 ἂν
223 512 352 564 ἄλλος
389 509 536 555 ου’δενὶ
575 510 723 570 τρόπῳ
765 510 950 566 γένοιτο.
1009 507 1146 565 ταύτῃ
1178 512 1231 565 τῇ
1260 508 1411 566 γνώμῃ

105 584 383 641 9χρεωμένη,
427 582 544 635 ἔλεξα
582 587 772 626 ταῦτα*ι
830 576 900 625 Εὖ
928 597 971 624 τε
1003 580 1055 637 δὴ
1088 581 1203 632 ἔδοξε
1233 583 1294 637 τῷ
1323 585 1411 622 Δα-

135 657 236 711 ρείῳ
276 655 411 697 εἰπεῖν
450 653 476 710 ἡ
516 654 652 710 γυνὴ,
698 656 773 698 καί
811 655 854 697 οἱ
895 652 1032 708 ἀπῆκε
1062 651 1222 695 τοῦτόν
1251 667 1296 695 τε
1335 652 1414 694 τὸν

133 725 404 780 παραιτέετο,
431 726 505 770 καὶ
523 731 609 770 τῶν
629 728 800 770 παίδων
821 725 900 770 τὸν
919 723 1231 779 πρεσβύτατον,
1262 722 1413 780 ἡσθεὶς

136 794 275 850 αὐτῇ·
321 796 426 848 τοὺς
459 798 504 841 δὲ
534 797 694 849 ἄλλους
725 795 947 841 ἀπέκτεινε
979 795 1157 847 πάντας.
1215 799 1305 838 τῶν
1335 795 1467 850 μὲν45

136 866 190 923 δή
219 866 324 911 ἑπτα
356 865 415 919 εἷς
445 866 600 912 αὐτίκα
629 870 778 927 τρόπῳ
809 873 870 926 τῷ
900 867 1108 926 εἰρημένῳ
1140 866 1372 910 ἀπολώλεε.

0 943 89 989 [20
245 939 371 983 Κατὰ
414 939 460 983 δέ
498 957 581 984 κου
623 940 811 996 μάλιστα
849 940 930 996 τὴν
960 937 1204 995 Καμβύσεω
1247 942 1413 982 νοῦσον
1470 940 1533 1014 ἓξ
1529 938 1675 1001 §gemm
1677 946 1749 999 2⁸³1?

135 1008 299 1065 ἐγένετο
329 1010 444 1054 τάδε
480 1010 592 1056 ‘Two
626 1012 782 1068 Κύρου
811 1012 1098 1062 κατασταθεὶς
1126 1006 1184 1067 ἦν
1204 1011 1413 1063 Σαρδίων
1472 1008 1499 1035 ‘¹¹
1505 1016 1575 1034 ¹¹¹¹
1581 1006 1750 1033 ”¹¹⁹¹¹⁸¹'⁰‘

1010 1077 1139 1133 οὗτος
1167 1080 1412 1165 ἐπεθύμησε
1470 1085 1517 1145 ξ’[ξζ
1519 1061 1623 1136 ’,ὺςζο
1582 1095 1666 1135 egr„
1670 1073 1751 1135 ‘¹323

136 1151 387 1209 πρήγματος
425 1153 509 1198 οὐκ
554 1153 703 1199 ὁσίου·
758 1155 857 1198 οὔτε
895 1171 981 1210 γαρ
1021 1171 1062 1197 τι
1106 1153 1268 1197 παθών
1308 1152 1408 1196 οὔτε
1422 1152 1735 1212 50100't'us'131’22c21i1

138 1221 334 1275 ἀκούσας
363 1225 550 1281 μάταιον
590 1227 694 1278 ἔπος
731 1226 845 1281 πρός
877 1222 1184 1278 Πολυκράτεος
1215 1228 1297 1268 τοῦ
1326 1228 1417 1267 Σα-

1473 1044 1519 1077 Ιμ
1506 1050 1554 1068 cm
1539 1044 1604 1068 aste
1643 1049 1678 1067 ex
1697 1048 1749 1074 o-p

109 1081 341 1137 Ξῦπαρχος
367 1081 585 1140 Ὀροίτης,
616 1082 727 1140 ἀνήρ
761 1083 947 1139 Πέρσης.

1477 1150 1503 1171 ιι-
1507 1144 1609 1170 oielats
1663 1151 1698 1177 pr
1701 1150 1751 1169 ae-

137 1296 265 1351 μίου,
310 1297 411 1341 οὔτε
443 1298 549 1342 ἰδών
579 1298 814 1355 πρότερον,
857 1295 1067 1353 ἐπεθύμεε
1097 1297 1249 1353 λαβὼν
1279 1294 1415 1339 αὐτὸν

79 1427 127 1465 D.
155 1428 241 1465 surti
271 1428 373 1465 istius
414 1428 646 1466 Herodotum
688 1442 747 1466 ar-

81 1485 206 1534 guit.“
250 1484 293 1522 In
332 1487 488 1523 eandem
526 1487 747 1524 sententiam

82 1542 246 1592 disputat
262 1542 310 1579 ad
322 1542 357 1580 h.
378 1542 399 1579 l.
420 1542 530 1579 Italus
553 1544 745 1593 interpres.

83 1599 193 1635 Conf.
212 1598 436 1648 WVesseling.
456 1599 554 1636 Diss.
578 1600 745 1637 Herodd.

82 1668 170 1706 pag.
195 1655 274 1696 175
294 1668 371 1705 seq.
403 1661 440 1694 et
466 1669 578 1707 supra
599 1658 646 1694 ad
672 1656 700 1703 1,
721 1660 747 1697 2

84 1716 179 1748 nott.
211 1733 266 1740 -—-
298 1711 357 1749 Ad
400 1708 583 1760 ζωόντων
622 1715 747 1750 confer

84 1767 218 1806 Matth.
241 1769 308 1806 Gr.
328 1770 394 1806 Gr.
418 1782 504 1820 pag.
525 1768 618 1811 824.

141 1822 237 1871 τούς
276 1822 319 1863 δὲ
361 1823 504 1872 ἄλλους
542 1821 747 1865 ἀπέκτεινε

83 1877 253 1931 παντας]
289 1882 373 1929 „De
386 1884 455 1920 hoc
474 1884 568 1920 (Iulo
582 1897 682 1921 more
702 1883 749 1920 cf.

84 1939 337 1988 Lindenbrog.
367 1945 404 1978 et
430 1939 552 1977 vales.
587 1941 635 1977 ad
663 1939 752 1976 Am-

85 1997 195 2033 mian.
231 1995 431 2034 Marcellin.
460 1996 599 2043 XXIII,
626 1999 664 2038 6.
693 1999 743 2037 81

85 2052 133 2091 Τ.
160 2052 194 2089 11
222 2066 260 2102 p.
281 2055 334 2094 61
359 2067 437 2104 seq.
464 2054 522 2091 ed.
549 2053 686 2104 Wagn.
710 2057 748 2092 et

85 2109 191 2147 Erf.“
222 2108 289 2147 Cr.

283 2200 315 2238 C
329 2214 351 2238 a
361 2215 396 2253 p.
433 2202 549 2239 CXX.

142 2278 309 2333 ἐγένετο]
340 2279 489 2330 Aliquot
517 2280 599 2319 libri
626 2278 750 2332 ἐγίνε-

87 2351 144 2376 το.
174 2336 361 2375 Aoristum
391 2339 551 2388 praefert
579 2337 749 2386 Schwgh.

86 2393 156 2432 hoc
175 2407 305 2432 sensu:
336 2395 531 2433 acciderat.

151 2451 335 2503 Σαρδίων
389 2447 647 2503 ὕπαρχος]
694 2451 753 2490 De

90 2510 263 2558 satrapa,
294 2509 436 2559 opinor,
466 2509 752 2558 intelligendum.

92 2565 197 2601 conf.
228 2565 301 2613 111,
341 2567 434 2606 126.
469 2568 560 2607 128.
592 2566 753 2603 Heeren.

92 2619 204 2658 Ideen
228 2621 256 2668 l,
279 2625 298 2662 1
328 2636 416 2673 pag.
439 2622 521 2665 492
543 2623 626 2669 alia,
658 2634 754 2671 quae

93 2676 143 2712 ad
178 2677 326 2716 etesiae
355 2681 523 2729 fragmm.
554 2692 640 2731 pag.
674 2680 749 2720 121

96 2744 173 2799 seq.
193 2735 329 2773 notavi.

148 2784 337 2840 Ὀροίτης]
358 2792 464 2830 Unus
480 2792 573 2829 liber
586 2785 751 2843 Ὀρίτης.

92 2842 208 2912 Apud
243 2845 330 2883 alios
358 2850 551 2900 scriptores
577 2849 755 2899 reperitur

92 2895 295 2954 Ὀρόντης,
310 2903 357 2942 de
376 2917 449 2955 qua
468 2907 645 2956 scriptura
666 2918 754 2943 con-

804 1428 940 1466 sulatur
964 1427 1218 1466 Hemsterhus.
1248 1427 1297 1464 ad
1320 1425 1471 1463 Lucian.

805 1484 1014 1536 Contempl.
1047 1483 1099 1525 14
1129 1484 1177 1521 Τ.
1199 1483 1250 1521 ΙΙΙ
1279 1496 1364 1534 pag.
1389 1484 1472 1524 396

802 1543 907 1593 Bip.,
938 1542 998 1591 qui
1025 1547 1220 1590 utramque
1256 1541 1473 1591 scripturam

804 1600 841 1636 in
866 1599 1018 1636 diversis
1048 1598 1286 1648 scriptoribus
1311 1597 1473 1634 retinen-

804 1657 889 1693 dam
912 1669 993 1693 esse
1003 1660 1141 1701 censet,
1152 1654 1365 1704 praesertim
1387 1666 1469 1690 cum

804 1712 1008 1761 Polycratis
1041 1712 1192 1748 historia
1220 1723 1295 1747 non
1320 1723 1471 1761 prorsus

806 1769 910 1806 simili
926 1769 1035 1805 modo
1059 1769 1105 1805 ab
1124 1768 1292 1806 omnibus
1306 1768 1472 1803 videatur

807 1839 888 1863 esse
909 1828 1092 1862 enarrata.
1133 1825 1191 1861 Ad
1218 1837 1342 1861 vocem
1364 1819 1474 1869 ’όσιος

807 1884 843 1920 in
873 1895 978 1931 seqq.
1004 1881 1070 1920 Cr.
1107 1881 1244 1918 consuli
1274 1880 1347 1917 vult
1374 1880 1473 1917 Dor-

809 1938 892 1976 ville
919 1940 966 1975 ad
997 1938 1187 1975 Chariton.
1218 1951 1300 1988 pag.
1325 1939 1407 1978 267
1434 1940 1472 1974 et

807 1996 888 2034 Bel
891 1996 969 2032 ker
996 1994 1161 2032 Anocdd.
1185 2007 1269 2045 pag.
1294 1996 1389 2035 288.

864 2048 956 2091 οὔτε
991 2066 1066 2103 γαρ
1096 2067 1132 2090 τι
1154 2047 1304 2090 παθων
1322 2072 1376 2077 -
1398 2066 1473 2099 μα-

804 2123 919 2148 ταιον
952 2107 1069 2158 ἔπος]
1114 2109 1137 2146 i.
1166 2121 1198 2146 e.
1228 2120 1338 2157 neque
1368 2106 1474 2157 sacto

806 2167 880 2203 ullo
902 2178 1011 2215 neque
1037 2166 1138 2202 verbo
1165 2165 1376 2213 (conviciis)
1400 2164 1474 2200 lae-

808 2237 868 2260 sus
891 2236 914 2258 a
939 2222 1140 2273 Polycrate.
1171 2221 1232 2259 Ad
1248 2234 1373 2259 vocem
1398 2215 1475 2272 μά-

807 2294 915 2326 ταιος
932 2281 1027 2316 conf.
1043 2279 1122 2327 VII,
1137 2280 1201 2321 15.
1220 2278 1300 2316 coll.
1325 2280 1389 2325 13,
1415 2277 1476 2314 ubi

807 2350 875 2388 pro
906 2350 951 2374 eo
979 2337 1162 2374 invenitur
1187 2329 1336 2384 οἷεικής.
1373 2334 1473 2371 Add.

808 2394 855 2441 lI,
880 2392 1051 2440 118.111‚
1076 2395 1137 2434 10.
1163 2393 1229 2434 56.
1253 2391 1319 2433 65.
1342 2389 1402 2428 Ad
1415 2404 1476 2427 ar-

809 2454 1022 2500 gumentum
1051 2450 1145 2487 conf.
1170 2449 1322 2487 Diodor.
1346 2447 1476 2496 (XXI)

809 2508 857 2546 T.
878 2508 910 2544 11
932 2520 968 2558 p.
990 2506 1072 2548 557
1090 2506 1258 2554 Wessel„
1280 2506 1380 2542 unde
1401 2504 1476 2541 Po-

810 2564 985 2614 lycratem
1011 2577 1099 2601 sane
1133 2563 1222 2613 quid
1253 2562 1476 2600 commisisse

813 2621 997 2658 discimus.
1018 2620 1117 2658 Nam
1128 2620 1269 2668 Lydos,
1279 2619 1340 2669 qui
1351 2619 1474 2656 Oron-

809 2679 856 2715 tis
875 2677 1066 2728 imperium
1090 2678 1179 2713 satis
1203 2689 1316 2726 grave
1336 2688 1408 2724 quo
1422 2675 1476 2710 ef-

809 2735 993 2784 fugerent,
1014 2734 1162 2770 Samum
1184 2746 1224 2771 se
1247 2733 1474 2782 receperant,

809 2791 1014 2829 humaniter
1023 2790 1169 2839 quidem
1186 2789 1379 2840 recepisse,
1393 2796 1475 2822 mox

809 2860 897 2885 vero
930 2859 993 2885 eos
1021 2847 1248 2884 interfecisse
1276 2853 1474 2891 eorumque

811 2904 942 2956 opibus
962 2905 1100 2955 potitus
1120 2915 1202 2941 esse
1226 2901 1364 2938 dicitur.
