1863 3256
429 158 514 199 394
832 157 1299 196 lIERODOTl

97 271 205 298 deinde
238 277 292 304 per
312 268 373 303 lly-

97 306 194 331 laeam
221 304 251 330 ἰιι
278 302 373 337 Bory-

95 339 242 365 othonem.

432 282 476 309 τε
505 265 577 309 καὶ
608 264 654 308 ἐκ
684 267 854 322 λίμνης,
889 268 963 310 καὶ
991 266 1040 309 τό
1071 267 1228 321 μεταξύ
1258 263 1421 308 τούτου
1449 281 1493 308 τε
1520 267 1593 308 καὶ
1622 271 1700 309 τοῦ

434 336 738 391 Βορυσθένεος
767 337 971 391 νέμονται
1003 339 1046 379 οἱ
1073 336 1257 392 γεωργοὶ
1289 334 1490 378 Σκύθαι·
1536 337 1701 379 ἐκδιδοῖ

430 408 476 452 δὲ
507 407 550 459 ἐς
579 406 659 462 τὴν
683 407 874 461 Ὑλαίην·
926 405 1311 462 παραμειψάμενος
1341 406 1386 449 δὲ
1416 407 1602 463 ταύτην,
1638 412 1698 466 τῷ

299 485 365 530 55
425 477 698 533 Βορυσθένεϊ
727 477 1022 531 συμμίσγεται.
1065 477 1219 528 “Entog
1243 478 1288 521 δὲ
1309 475 1545 532 Ὑπάκυρις
1569 494 1694 522 ποτα-
1712 487 1755 518 10

95 552 203 578 Sextus
235 550 375 585 llyrsscy-
431 549 533 605 μὸς·
580 548 626 597 ὃς
658 545 844 601 ὁρμᾶται
867 548 945 602 μὲν
974 549 1020 592 ἐκ
1050 551 1225 604 λίμνης,
1257 547 1327 591 διοὶ
1359 549 1502 603 μέσων
1533 550 1578 593 δὲ
1608 553 1697 592 τῶν

97 586 156 618 ris,
200 585 303 612 labens
337 593 371 611 ex

96 618 205 654 1‘22111‘1‘?
229 627 283 653 9⁰¹
301 618 372 657 ⁸⁰5·
430 617 638 674 νομάδων
668 617 887 661 Σκυθέων
917 619 1052 674 ῥέων,
1101 620 1268 664 ἐκδιδοῖ
1301 619 1411 663 κατά
1440 623 1698 674 Καρκινῖτιν

96 654 163 679 iliae
176 652 326 680 Nomadas
341 660 372 679 ιιι

98 694 192 714 mare.

375 759 451 795 sive
463 755 555 793 Psol.
587 754 1034 807 Vlilcker.Myth.Geogr.
1092 771 1114 794 a
1136 758 1263 795 Russis
1291 772 1387 796 nunc
1415 760 1484 796 dici
1518 762 1643 796 monet
1669 756 1754 794 Mo-

374 815 387 851 l
409 826 493 864 pag.
517 813 595 852 177
631 826 740 849 unum
767 827 811 850 ex
835 814 877 850 iis
900 814 1034 860 rivulis,
1092 814 1252 864 losclmye
1308 814 1420 865 Wody
1440 844 1452 861 ‚
1514 828 1536 852 a
1588 814 1754 852 Tartaris

373 871 435 919 qui
468 869 562 905 circa
584 868 824 918 Borysthenis
851 870 944 906 ostia
970 871 1036 906 de-
1095 870 1262 907 Sulla-su.
1286 869 1408 919 Atque
1419 872 1636 909 observante
1647 871 1754 908 Man-

374 928 511 972 fluant,
543 923 648 961 Kara
666 925 812 972 Πενθεῖ,
843 932 908 963 aut
923 925 1035 962 Helia
1091 931 1182 963 nert.
1205 927 1255 963 lv
1283 939 1369 976 pag.
1395 929 1449 966 77
1477 940 1521 964 eo
1546 927 1647 972 loco,
1679 939 1753 975 quo

374 982 518 1027 Deresi,
551 987 613 1018 aut
633 982 740 1019 alium
764 983 947 1032 quendam
967 995 1035 1018 no·
1091 982 1304 1020 Herodotus
1363 983 1466 1032 ponit
1487 1012 1497 1030 ,
1574 983 1755 1019 invenitur

375 1040 429 1076 bis
455 1051 528 1075 non
559 1040 758 1086 cognitum.
816 1039 897 1076 Alia
927 1039 1035 1075 affert

373 1095 593 1133 'l'zschucke
623 1096 672 1132 ad
702 1095 824 1134 Melae¹
852 1095 874 1132 l.
896 1095 918 1131 l.
947 1108 1033 1145 pag.

373 1152 426 1192 25
456 1164 532 1200 seq.
554 1156 645 1188 nott.
663 1164 793 1201 exegg.
853 1152 1035 1201 Equidem

374 1210 411 1245 in
432 1213 535 1245 tanto
559 1209 713 1245 virorum
742 1210 932 1246 doctorum
960 1208 1034 1245 dis-

373 1277 485 1302 sensu
515 1265 601 1314 quid
629 1265 709 1315 ipse
739 1270 922 1312 statuam,
960 1277 1034 1301 non

372 1322 490 1358 habeo
503 1349 513 1368 ,
548 1323 772 1359 accuratiora
789 1322 1035 1372 exspectanda

374 1391 455 1416 esse
473 1382 570 1414 ratus
591 1378 637 1415 ab
662 1379 724 1425 iis,
762 1379 824 1428 qui
847 1379 911 1416 has
935 1378 1034 1428 ipsas

374 1434 545 1483 regiones
566 1437 765 1472 accuratius
787 1448 895 1484 quam
917 1434 1036 1471 adhuc

374 1492 507 1528 sactum
525 1495 595 1537 est,
618 1492 815 1539 aliquando
837 1491 1035 1541 perlustra-

372 1547 475 1583 bunt.
523 1567 578 1574 —
636 1546 725 1584 Mox
772 1547 899 1597 scripsi
952 1560 1031 1584 cum

371 1602 579 1652 Schweigh.
607 1607 645 1640 et
662 1603 781 1644 Gaisf.
804 1602 883 1652 ῥέει
903 1600 946 1642 δὲ
964 1602 1031 1642 καὶ

337 1666 340 1670 ’
371 1653 490 1716 οὗτος
520 1672 609 1710 pro:
653 1658 733 1710 ῥέει
761 1657 834 1710 μὲν
857 1657 932 1713 γὰρ
963 1659 1032 1699 καὶ

370 1717 508 1762 οὗτος,
561 1717 663 1766 quod
712 1717 832 1768 ipsum
884 1717 1033 1755 retinuit

368 1772 560 1811 Matthiae.

584 1829 699 1880 Cap.
728 1828 808 1867 LV.

424 1882 642 1937 Ὑπάκυρις
680 1884 882 1937 ποταμός]
933 1886 1032 1925 Male

368 1943 455 1980 olim
473 1939 715 1994 ”Υπάκαρις,·
761 1945 858 1981 conf.
878 1945 941 1990 1V,
964 1942 1030 1983 47.

370 2000 438 2042 55.
457 1999 521 2041 56.
563 2000 731 2038 Pertinet
748 2000 817 2038 huc
836 1999 958 2038 Melae
976 2000 1031 2037 lo-

370 2070 433 2094 cus
452 2057 497 2104 11,
521 2060 558 2104 1,
579 2055 659 2096 40:
700 2057 844 2104 „Sinus
868 2057 1031 2094 Carcini-

372 2118 434 2151 tes.
502 2113 542 2150 ln
578 2126 622 2150 eo
651 2114 738 2151 urbs
771 2118 828 2151 est
859 2113 1028 2157 Carcine,-

371 2183 482 2220 quam
503 2171 575 2207 duo
591 2171 741 2208 flumina
755 2171 884 2208 Gerros
905 2171 1035 2221 etHy-

367 2228 514 2276 pacarz's
526 2255 536 2273 ,
567 2240 641 2264 uno
658 2228 755 2264 ostio
772 2228 958 2265 effluentia
977 2233 1033 2265 at-

369 2284 534 2331 tingunt:
574 2296 698 2320 verum
733 2284 887 2322 diversis
921 2284 1033 2321 sonti-

370 2339 438 2376 bus
463 2344 500 2376 et
522 2340 669 2377 aliunde
688 2341 840 2391 delapsi.
855 2343 877 2361 “
928 2341 1033 2378 Dan-

370 2395 442 2432 vill.
471 2395 493 2431 l.
513 2395 535 2431 l.
565 2409 650 2445 pag.
681 2398 784 2443 580,
824 2397 891 2433 huc
920 2398 1035 2434 refert

370 2451 572 2489 Ptolemaei
605 2452 833 2497 Casandrum
876 2454 969 2490 duos
995 2454 1031 2490 in

372 2508 584 2546 recentioris
613 2510 744 2546 aetatis
771 2510 912 2559 mappis
936 2510 1033 2546 indi-

371 2565 446 2602 cari
489 2565 741 2615 geographicis
776 2566 930 2612 rivulos,
971 2566 1043 2614 qui*

372 2621 553 2659 coniuncti
581 2622 648 2658 sub
687 2623 832 2659 nomine
870 2622 1032 2660 Calanza

372 2690 417 2716 eo
453 2677 534 2715 loco
567 2679 605 2715 in
636 2690 736 2717 mare
770 2684 921 2726 exeant,
971 2679 1031 2716 ubi

373 2735 528 2773 Carcine
544 2734 622 2771 'sita
645 2736 757 2774 fuisse
786 2736 1030 2787 perhibeatur.

372 2793 558 2831 Gatterer.
582 2792 603 2829 l.
625 2792 646 2829 l.
679 2805 766 2844 pag.
803 2795 853 2835 19
883 2793 1030 2830 ssuvium

1092 1051 1180 1076 sane
1201 1039 1356 1085 rivulus,
1395 1040 1456 1088 qui
1489 1052 1554 1090 per
1575 1043 1753 1076 aestatem

1092 1096 1197 1145 aquis
1234 1096 1396 1146 privatus
1442 1109 1552 1133 verno
1587 1101 1753 1146 tempore

1092 1166 1136 1190 eo
1158 1153 1276 1201 magis
1296 1158 1434 1190 crescat
1452 1153 1499 1189 ob
1528 1152 1661 1189 imbres
1686 1152 1752 1189 de-

1091 1209 1276 1255 cidentes,
1307 1222 1380 1258 qno
1399 1209 1478 1259 ipso
1497 1214 1662 1258 tempore
1678 1209 1753 1245 for-

1091 1266 1186 1302 sitan
1205 1266 1434 1303 Herodotnm
1454 1266 1601 1303 ssuvium
1619 1265 1753 1303 vidisse

1091 1323 1304 1372 suspicatur.
1352 1322 1556 1360 Reichardo
1586 1334 1673 1372 pag.
1696 1321 1746 1362 51

1089 1379 1297 1429 Hypacyris
1315 1378 1375 1415 ille
1395 1385 1449 1416 est
1468 1378 1614 1425 rivulus,
1641 1391 1750 1427 quem

1091 1448 1248 1485 mappae
1266 1435 1534 1485 geographicae
1553 1436 1589 1471 in
1607 1447 1751 1472 amnem

1090 1490 1172 1527 Asis
1194 1491 1308 1528 Utluk
1339 1492 1422 1541 (qui
1449 1491 1556 1529 Plinii
1584 1495 1641 1528 est
1659 1488 1752 1529 Ace-

1092 1548 1201 1593 sines,
1223 1548 1354 1585 eodem
1375 1548 1576 1595 statuente)
1597 1548 1751 1585 influere

1089 1605 1303 1641 ostendunt.
1348 1604 1420 1641 Alii
1442 1604 1557 1642 aliter.
1598 1603 1659 1641 Tu
1676 1604 1748 1641 vid.

1090 1660 1125 1697 T
1128 1660 1307 1698 zsehucke
1343 1661 1391 1697 ad
1430 1660 1517 1698 Mel.
1548 1660 1570 1697 l.
1600 1660 1622 1696 l.
1655 1664 1749 1697 nott.

1089 1730 1219 1766 exegg.
1243 1730 1329 1767 pag.
1348 1719 1413 1759 23.

1145 1773 1299 1812 ἐκδιδοῖ
1315 1771 1414 1812 κατὰ
1429 1776 1664 1825 Καρκινῖτιν
1679 1768 1749 1812 πό-

1089 1828 1168 1880 λιν]
1209 1831 1266 1868 Cf.
1293 1831 1356 1877 lv,
1387 1833 1453 1872 99.
1505 1833 1750 1881 Καρκινῖτις,

1089 1887 1259 1937 Scythica
1302 1888 1407 1934 urbs,
1465 1891 1685 1924 memoratur
1727 1899 1750 1923 a

1089 1943 1269 1994 Stephan.
1291 1944 1450 1993 Byzant.
1474 1948 1510 1981 et
1533 1943 1682 1993 quidem
1706 1955 1749 1980 ex

1087 2000 1298 2047 Hecataeo,
1339 2001 1376 2036 in
1407 2000 1506 2038 cuius
1542 2001 1749 2048 fragmenta

1089 2056 1212 2094 retulit
1229 2057 1405 2094 Klausen.
1424 2069 1510 2107 pag.
1531 2057 1597 2097 36.
1628 2054 1750 2093 Melae

1091 2113 1111 2150 l.
1132 2113 1154 2150 l.
1184 2117 1221 2150 et
1253 2114 1371 2150 Plinio
1392 2113 1462 2160 lV,
1493 2114 1590 2161 (12)
1612 2114 1665 2153 26
1691 2116 1749 2149 est

1092 2170 1240 2207 Carcine
1272 2170 1380 2217 urbs,
1421 2169 1632 2207 Ptolemaeo
1660 2168 1750 2205 Car-

1091 2229 1193 2271 cz'na‚·
1229 2227 1328 2264 unde
1349 2227 1449 2263 sinus
1468 2227 1637 2264 adiacens
1659 2224 1749 2261 Car-

1091 2285 1215 2321 cinites
1237 2284 1304 2331 (de
1322 2296 1395 2332 quo
1416 2283 1550 2319 Strabo
1573 2281 1638 2318 Vll
1660 2294 1747 2331 pag.

1090 2342 1173 2381 307
1194 2354 1222 2376 S.
1240 2352 1324 2390 pag.
1342 2338 1419 2379 471
1435 2340 1478 2375 C.
1499 2343 1537 2375 et
1556 2350 1643 2387 pag.
1665 2340 1748 2379 308

1090 2410 1120 2437 s.
1154 2396 1236 2437 473
1263 2395 1338 2444 B.)
1369 2408 1503 2432 nomen
1540 2394 1644 2441 tulit,
1686 2395 1748 2443 qui

1088 2466 1184 2490 nunc
1218 2456 1365 2489 vocatur
1404 2452 1502 2488 sinus
1536 2450 1685 2501 I'erecop
1717 2464 1746 2488 s.

1088 2508 1307 2545 Almwscln‘d.
1369 2507 1480 2545 Nulla
1524 2508 1641 2545 adhuc
1681 2507 1749 2545 hac

1090 2566 1126 2602 in
1152 2566 1301 2614 regione
1323 2564 1391 2614 ipsi
1404 2565 1612 2611 Herodoto,
1632 2568 1671 2601 ut
1691 2564 1748 2600 vi-

1089 2623 1208 2669 detur,
1227 2622 1373 2670 cognita
1394 2622 1492 2658 urbis
1512 2621 1664 2670 vestigia
1683 2621 1749 2658 de-

1090 2683 1187 2716 tecta
1205 2691 1284 2716 esse
1303 2678 1475 2716 observat
1496 2677 1679 2715 Mannert.
1698 2677 1748 2713 IV

1089 2749 1125 2785 p.
1148 2733 1213 2775 84.
1238 2734 1339 2780 245,
1370 2735 1438 2772 nisi
1455 2736 1503 2772 ad
1525 2735 1641 2771 locum
1652 2733 1748 2784 Kip-

1089 2793 1189 2838 kam,
1220 2792 1279 2829 ubi
1303 2792 1403 2829 multi
1422 2792 1524 2843 putei
1544 2791 1747 2841 antiquitus
