1863 3256
460 119 1026 162 MELPOMENE.
1085 121 1147 160 lv,

139 241 296 291 3μενοι
336 234 611 291 μετέρχονται
651 230 739 275 dvo}
779 234 868 274 πᾶν
908 230 1017 280 ἔτος.

1357 126 1442 166 285

1079 228 1127 281 ὃς
1157 227 1201 273 δ’
1245 230 1300 273 ἂν
1331 232 1440 287 ἔχων

168 305 246 350 τὸν
285 304 453 362 χρυσόν
490 302 568 347 τὸν
605 303 704 357 ἵρόν
740 302 788 345 ἐν
817 305 871 359 τῇ
902 299 1009 359 ὁρτῇ
1039 299 1281 356 ὑπαίθριος
1311 310 1495 345 κατα-95

167 382 381 434 κοιμηθῇ,
423 370 551 426 οὗτος
589 376 756 430 λέγεται
792 371 882 416 ὑπὸ
914 372 1133 416 Σκυθέων
1162 372 1217 417 οὐ
1250 377 1438 419 διενιαυ-

161 450 313 500 τίζειν·
361 448 568 490 δίδοσθαι
600 445 646 489 δέ
686 446 730 488 οἱ
767 443 840 488 δια
871 448 1001 487 τοῦτο
1042 444 1126 489 ὅσα
1156 444 1211 488 ἂν
1242 448 1359 506 ἵππῳ
1391 447 1439 490 ἐν

133 518 305 575 4ἡμὲρῃ
334 521 413 575 μιῇ
442 517 674 574 περιελάσῃ
707 515 855 567 αὐτός.
910 520 997 573 Τῆς
1028 517 1074 560 δὲ
1103 516 1249 573 χώρης
1278 517 1438 575 ἐούσης

160 587 364 644 μεγάλης,
394 591 630 645 τριφασίας
655 587 734 639 τὰς
764 588 990 643 βασιληίας
1020 593 1136 632 τοῖσι
1165 589 1290 632 παισὶ
1319 594 1435 633 τοῖσι

159 659 328 702 ἑωυτοῦ
357 659 714 716 καταστήσασθαι
736 657 978 710 Κολάξαιν·
1021 659 1094 702 καὶ
1114 660 1307 704 τουτέων
1329 662 1436 716 μίαν

157 732 361 786 μεγίστην
397 735 600 788 ποιῆσαι,
642 731 689 775 ἐν
720 734 773 787 τῇ
803 729 881 773 τὸν
909 729 1078 785 χρυσόν
1113 731 1431 787 φυλάσσεσθαι.

129 801 228 845 5Τὰ
263 802 308 846 δὲ
337 802 583 857 κατύπερθε
613 802 724 858 πρὸς
754 805 895 858 βορῆν
925 802 1101 857 λέγουσι
1142 802 1305 859 ἄνεμον
1334 807 1456 847 τῶν1

156 871 404 928 ὑπεροίκων
432 879 509 931 τῆς
537 873 701 931 χώρης,
734 872 818 918 οὐκ
849 870 921 916 οἷά
952 889 996 916 τε
1028 871 1141 917 εἶναι
1171 874 1232 918 ἔτι
1262 887 1433 930 προσω-

155 944 264 1001 τέρω
297 946 398 990 οὔτε
428 945 561 1001 ὁρᾶν,
594 944 695 990 οὔτε
727 945 949 998 διεξιέναι,
988 942 1076 988 ὑπὸ
1108 951 1279 1002 πτερῶν
1309 964 1432 1005 κεχυ-

99 1130 269 1181 probata,
287 1130 471 1181 displicuit
481 1130 762 1180 Schweighaeu-

98 1199 199 1234 ser0,
244 1190 404 1225 veterem
425 1187 596 1224 Latinam
623 1187 760 1225 versio-

98 1256 181 1281 nem
211 1244 404 1282 retinenti:
440 1244 659 1294 placantque
683 1256 760 1281 ma-

95 1301 181 1349 gnis
196 1301 387 1350 sacrvflciis
407 1301 541 1338 adeunt
555 1302 758 1351 quotannis,

96 1357 172 1395 sive
193 1362 233 1394 ut
254 1357 364 1394 Valla
391 1363 640 1408 expresserat:
674 1358 757 1407 pla-

96 1417 266 1464 caturque
297 1415 354 1461 (id
380 1415 527 1463 aurum)
567 1415 761 1452 maioribus

97 1469 220 1507 hostiis
238 1475 272 1508 et
292 1472 418 1508 aditur
438 1474 627 1521 quotannis
647 1471 761 1508 solen-

95 1529 201 1566 niter.
244 1528 364 1572 Quem
384 1529 551 1578 sequitur
575 1528 685 1566 Italus
705 1529 761 1565 in-

95 1589 250 1634 terpres.
321 1585 463 1630 Quibus
511 1585 603 1623 haec
653 1585 759 1622 addit

98 1640 322 1690 Schweigh:
349 1642 480 1689 „Quid
493 1642 541 1679 sit
559 1655 647 1680 vero
657 1642 758 1691 quod

95 1697 150 1734 his
184 1699 327 1736 subiicit
362 1699 576 1736 Herodotus
619 1699 666 1736 de
698 1712 756 1745 eo,

94 1754 156 1803 qui
178 1767 305 1792 aurum
332 1754 419 1792 illud
450 1755 590 1793 habens
620 1755 756 1792 obdor-

93 1811 237 1848 miverit
256 1812 323 1849 sub
345 1812 406 1848 dio
420 1841 431 1859 ‚
469 1812 554 1848 mihi
572 1812 669 1848 haud
694 1825 755 1849 sa-

94 1867 140 1904 tis
159 1866 287 1917 liquet.
318 1868 420 1905 Istud
442 1868 631 1907 δίδοσθαι
651 1866 694 1907 δέ
715 1867 757 1907 οἷ

93 1920 161 1962 Bao?
180 1926 310 1973 τοῦτο,
342 1938 415 1962 non
435 1938 510 1963 eam
532 1926 571 1962 ob
591 1938 753 1962 caussam

92 1980 320 2031 intelligebat
339 1980 510 2020 Larcher.
524 2010 535 2028 ‚
565 1983 667 2032 quod
686 1996 753 2019 αη-

91 2050 174 2074 num
202 2039 298 2076 hunc
329 2038 389 2075 ille
418 2053 488 2076 non
516 2043 603 2076 esset
633 2043 753 2076 trans-

89 2098 259 2140 actarum
303 2096 367 2133 sed
385 2100 528 2146 propter
552 2097 616 2133 hoc
638 2098 753 2147 ipsum

83 2152 279 2200 periculum
314 2152 393 2189 dari
427 2153 629 2203 praemium
664 2153 752 2190 illud

89 2208 143 2256 ei,
181 2209 243 2258 qui
265 2222 390 2246 aurum
412 2209 483 2246 hoe
510 2214 608 2248 recte
630 2214 752 2247 custo-

89 2264 238 2303 divisset
257 2266 400 2314 sibique
419 2267 587 2312 cavisset,
615 2280 662 2305 ne
681 2267 750 2304 sub

90 2321 149 2357 dio
172 2322 503 2360 obdormisceretf‘
544 2323 604 2361 Tu
627 2324 749 2373 potius

89 2379 235 2426 confer,
265 2391 357 2428 quos
379 2380 467 2416 citat
479 2379 683 2418 Larcherus
702 2381 750 2418 de

90 2446 133 2470 ea
150 2434 229 2483 ipsa
241 2436 518 2483 consuetudine,
538 2449 635 2486 quae
650 2438 749 2487 apud

90 2489 316 2528 Herodotum
335 2498 567 2541 memoratur,
582 2497 748 2532 veterum

89 2544 205 2583 locos:
244 2548 353 2586 Ovid.
371 2548 525 2586 Metam.
544 2550 628 2597 XV,
651 2553 745 2592 616.

88 2601 219 2639 Senec.
241 2602 298 2641 De
325 2604 458 2643 beneff.
479 2606 560 2654 VII,
582 2610 620 2647 7.
652 2606 747 2645 Plin.

90 2657 139 2694 H.
162 2657 210 2695 N.
233 2659 366 2707 XVlll,
385 2664 422 2702 3.
457 2661 511 2700 Ac
530 2663 578 2701 de
592 2663 748 2701 Germa-

89 2714 145 2750 nis
167 2718 204 2752 et
224 2715 402 2754 Romanis
417 2718 547 2756 similia
565 2720 748 2770 quaedam

88 2770 365 2809 observantibus
403 2776 543 2813 monuit
590 2776 746 2814 Grimm.

818 1128 994 1167 Deutsch.
1024 1129 1312 1168 Rechtsalterth.
1346 1130 1361 1168 1
1397 1144 1483 1182 pag.

819 1187 894 1231 89,
942 1190 1070 1222 nostro
1099 1186 1179 1223 loco
1214 1201 1288 1224 non
1318 1193 1485 1238 praeter-

817 1243 950 1288 misso,
989 1243 1044 1279 cui
1073 1244 1218 1281 subiicit
1241 1243 1337 1281 Livii
1367 1245 1485 1283 locum

816 1300 863 1345 ΙΙ,
886 1299 911 1341 5
930 1299 977 1336 de
995 1299 1155 1337 Horatio
1168 1300 1293 1348 Coele,
1321 1302 1377 1339 cui
1400 1306 1486 1339 tan-

815 1360 892 1393 tum
923 1356 1002 1405 agri
1031 1357 1111 1394 dari
1139 1356 1316 1406 legimus,
1367 1371 1486 1408 quan-

818 1417 896 1450 tum
917 1425 990 1449 uno
1010 1413 1070 1451 die
1092 1414 1348 1453 circumararit.
1383 1416 1483 1460 Quin

817 1470 1082 1508 Muhamedum
1107 1472 1229 1509 ferunt
1246 1471 1392 1510 Turcae
1409 1473 1484 1510 cui-

817 1527 901 1564 dam
929 1530 1064 1576 poetae
1085 1531 1228 1565 tantum
1254 1530 1332 1578 agri
1354 1529 1482 1567 Mace-

816 1584 937 1620 donici
957 1583 1129 1632 largitum
1147 1585 1273 1632 fuisse,
1303 1590 1482 1635 quantum

815 1653 888 1677 uno
910 1640 972 1677 die.
990 1644 1115 1690 posset
1134 1653 1230 1690 equo
1248 1642 1479 1680 circumvehi.

814 1696 966 1734 Notavit
994 1696 1174 1734 Niebuhr.
1202 1699 1311 1736 Rom.
1341 1699 1478 1737 Gesch.

814 1753 828 1790 1
850 1766 889 1804 p.
911 1755 994 1794 566
1013 1754 1071 1791 ed.
1098 1766 1169 1791 sec.

869 1809 937 1849 καὶ
955 1808 1129 1849 τουτέων
1150 1810 1271 1862 μίαν
1291 1811 1479 1864 μεγίστην

811 1865 995 1917 ποιῆσαι]
1043 1867 1140 1918 μίαν
1176 1881 1257 1906 cum
1290 1869 1406 1906 Gaisf.
1439 1874 1478 1908 et

811 1923 945 1961 Matth.
963 1924 1082 1974 recepi
1101 1937 1122 1962 e
1139 1924 1355 1963 Florentino
1370 1926 1476 1973 libro,

811 1981 874 2030 qui
887 1982 995 2018 etiam
1013 1980 1200 2033 μεγίστην
1219 1982 1372 2020 collocat
1388 1988 1476 2034 post

810 2040 992 2088 ποιῆσαι.

873 2091 929 2133 Τά
951 2091 994 2133 δὲ
1020 2090 1250 2146 κατύπερθε
1279 2093 1376 2146 πρὸς
1401 2096 1473 2147 βοψ

810 2153 888 2203 ρῆν
918 2166 954 2190 κ.
984 2166 1015 2190 τ.
1038 2151 1085 2201 λ.]
1127 2151 1360 2199 „Nectenda
1390 2158 1474 2191 sunt

808 2205 910 2259 πρός
971 2208 1103 2260 βορῆν
1170 2206 1320 2260 ἄνεμον
1391 2212 1473 2249 τῶν

808 2264 1057 2316 ὑπεροίκων,
1090 2266 1402 2315 quemadmodum
1422 2264 1470 2306 τοὶ

807 2319 908 2374 πρός
926 2322 1054 2373 βορῆν
1076 2324 1148 2373 τῆς
1176 2318 1350 2375 η’πείρου
1379 2324 1471 2362 alia-

806 2393 879 2429 que
909 2379 981 2426 111,
1016 2381 1143 2420 102.“
1198 2379 1471 2431 Wesseling.

805 2436 864 2474 De
903 2448 994 2473 voce
1034 2432 1185 2487 ἄνεμον
1235 2438 1471 2476 abundanter

805 2494 882 2531 fere
903 2493 1030 2530 addita
1056 2493 1101 2530 cf.
1129 2493 1165 2541 I,
1201 2496 1226 2535 6
1256 2495 1342 2544 ibiq.
1374 2498 1468 2532 nott.

803 2549 854 2587 Et
880 2551 930 2587 sic
959 2549 1133 2599 frequens
1164 2550 1260 2588 infra
1293 2551 1366 2599 lV,
1398 2553 1467 2590 17.

808 2607 871 2647 18.
896 2608 964 2647 20.
988 2608 1054 2647 22.
1077 2608 1130 2648 99
1150 2610 1218 2645 etc.

858 2659 938 2702 ’ὑπὸ
956 2664 1113 2714 πτερῶν
1129 2661 1369 2714 κεχυμένων]
1392 2663 1413 2699 i.
1433 2675 1466 2699 e.

802 2733 890 2771 prae
904 2719 1038 2770 plumis
1058 2719 1226 2769 diffusis;
1256 2720 1386 2768 quibus
1410 2720 1467 2755 ηἰ-

801 2789 875 2814 vem
901 2776 1056 2826 intelligi
1088 2776 1175 2813 satis
1204 2780 1310 2827 patet
1336 2787 1381 2813 ex
1402 2774 1466 2824 IV,
