1863 3256
138 470 304 489 comulunff'fl

89 497 233 529 οηιιιίιιιιι,
261 496 310 523 Sol
332 498 362 523 et

230 529 363 557 Tritoni—

112 561 156 588 dis
173 563 337 590 accolarum

90 596 221 631 proprii,
247 597 361 624 Miner-

89 529 171 555 lauua
183 539 189 555 ι

410 256 495 296 614

791 246 1254 292 HERODOTI

255 365 354 410 188
414 362 570 406 Θυσίαι
607 361 652 405 δὲ
680 365 792 404 τοῖσι
820 356 981 413 νομάσι
1010 358 1090 400 εἰσὶ
1119 357 1225 399 αἵδε.
1282 351 1410 397 ἐπεὰν
1438 355 1518 396 τοῦ
1551 351 1662 403 ὠτὸς

105 428 276 456 Sacrificia:
297 429 344 457 Dii

415 431 687 486 ἀπάρξωνται
723 433 804 472 τοῦ
840 426 1040 481 κτήνεος,
1080 424 1300 479 ῥιπτέουσι
1337 423 1446 476 ὑπὲρ
1481 423 1559 466 τὸν
1587 422 1718 466 δό-55

363 745 536 798 Λίβυες]
577 742 688 782 Conf.
726 741 797 795 IV,
838 745 918 786 173
941 744 1012 782 ibi-

362 815 433 852 que
464 803 606 838 notata.

473 888 505 926 C
522 901 592 939 ap.
633 887 902 926 CLXXXVIII.

420 964 638 1019 ῥιπτέουσι]
677 965 735 1004 De
754 966 823 1004 hoc
840 966 952 1003 verbo
970 965 1014 1003 cf.

364 1022 429 1070 IV,
457 1022 510 1064 94
534 1023 622 1071 ibiq.
649 1026 745 1059 nott.
821 1023 925 1066 Quae
959 1034 1016 1058 se-

365 1084 525 1127 quuntur
554 1075 655 1127 ’ὑπὲρ
687 1074 758 1116 τόν
784 1075 909 1127 δόμον
937 1090 1016 1114 cum

364 1134 495 1172 Matth.
522 1134 587 1171 Gr.
621 1134 687 1170 Gr.
717 1146 803 1183 pag.
827 1134 933 1174 1156
962 1134 1017 1169 in·-

363 1194 565 1241 terpretor:
602 1190 686 1226 iiber
715 1189 781 1226 das
801 1189 909 1227 Haus
929 1201 1016 1236 weg.

415 518 518 558 μον·
547 506 675 546 τοῦτο
701 499 746 542 ὁὲ
765 498 1031 552 ποιήσαντες,
1061 494 1385 550 ἀποστρέφουσι
1404 494 1482 538 τὸν
1506 493 1664 550 αὐχὲἢ

388 572 570 616 Ξαύτοῦ.
616 569 780 614 θύουσι
807 569 853 612 δὲ
881 565 988 625 ἡλίῳ
1017 567 1090 611 καὶ
1118 564 1275 623 σελήνῃ
1305 564 1520 622 μούνοισι.
1569 563 1665 610 τού·

1069 744 1138 782 dea
1157 753 1305 794 prorsus
1325 753 1433 778 unam
1455 753 1534 779 esse
1547 739 1720 778 eandem-

1070 813 1153 850 que.
1205 796 1410 848 Neptunum
1439 797 1579 845 Libyae
1613 797 1720 833 deum

1069 854 1285 906 primitivum
1307 854 1465 902 indeque
1487 854 1534 889 ad
1557 853 1720 889 Graecos

1070 912 1262 948 advectum
1281 909 1419 946 Noster
1437 910 1576 945 dixerat
1591 909 1636 953 ll,
1653 910 1720 955 50,

1070 967 1133 1004 ubi
1148 967 1191 1002 cf.
1203 968 1290 1001 nott.
1306 964 1400 1001 Nam
1413 965 1497 1001 inde
1512 976 1644 1014 equum,
1656 963 1722 1000 Li-

1071 1022 1172 1071 bycis
1192 1021 1399 1068 regionibus
1417 1021 1518 1068 quasi
1538 1020 1723 1070 proprium

1071 1079 1193 1125 ibique
1222 1076 1386 1126 primitus
1414 1076 1588 1113 domitum
1613 1076 1726 1111 curri-

1072 1134 1213 1181 busque
1242 1132 1428 1177 additum,
1460 1132 1624 1169 ferebant
1644 1131 1725 1169 Deo

1074 1192 1334 1235 consecratum,
1363 1189 1423 1236 qui
1443 1188 1521 1237 ipse
1537 1187 1675 1232 ἵππιος
1696 1199 1725 1224 s,

364 1247 489 1290 Quare
523 1246 670 1283 minime
709 1258 800 1296 opus
838 1246 1020 1301 refingere
1036 1245 1230 1297 m'nnuog
1251 1244 1336 1281 inde
1355 1244 1484 1280 dictus,
1513 1244 1727 1280 Vid.Creu-

365 1315 446 1340 cum
484 1302 635 1340 Reiskio
666 1299 767 1353 ’ὑπὲρ
805 1299 873 1340 τόν
910 1302 1019 1350 ὦμον

369 1371 474 1407 super
503 1358 699 1403 humerum,
739 1360 803 1394 aut
829 1354 930 1407 ’ὑπὲρ
949 1353 1019 1394 τόν

367 1410 505 1465 βωμόν
524 1426 626 1462 super
647 1425 758 1450 aram.
802 1412 884 1450 Nec
905 1413 1021 1460 magis

309 1497 311 1500 -
368 1482 461 1519 opus
483 1469 591 1519 paulo
612 1473 699 1518 post
719 1463 845 1506 αὐτοῦ
863 1481 1023 1505 commu-

369 1528 449 1562 tare
476 1526 513 1561 in
544 1519 676 1562 αὐτῶν
703 1524 886 1573 (avertunt
915 1524 1025 1560 cervi-

371 1593 440 1618 cem
459 1581 598 1628 suam),
627 1583 667 1616 ut
683 1580 818 1630 placuit
835 1579 970 1616 Pawio.

424 1685 577 1729 θύουσι
595 1687 638 1730 δὲ
656 1687 756 1743 ήλίῳ
783 1687 851 1728 καὶ
878 1685 1024 1744 σελήνῃ

371 1742 582 1799 μούνοισι]
629 1746 733 1783 citat
772 1746 937 1783 Eustath.
977 1747 1026 1783 ad

370 1803 523 1852 Dionys.
554 1802 696 1850 Perieg.
739 1801 817 1842 185
859 1801 936 1839 coll.
977 1802 1026 1839 ad

372 1860 523 1898 Homer.
541 1858 581 1895 Il.
601 1871 638 1908 p.
658 1857 778 1904 1265,
807 1861 832 1898 7
853 1870 882 1898 s,
906 1855 1027 1904 1364,

373 1917 429 1956 27
448 1914 495 1951 ob
515 1914 625 1951 verba
645 1927 748 1962 seqq.
773 1910 869 1963 μετοὲ
889 1912 930 1952 δὲ
949 1928 1025 1952 κ.τ.

373 1973 407 2009 λ.
451 1970 484 2006 Ε
512 1970 642 2018 quibus
677 1970 795 2007 verbis
826 1983 905 2006 cum
933 1969 1028 2007 clare

373 2029 521 2076 pateat,
562 2025 686 2074 Libyci
708 2025 822 2062 cultus
847 2025 1028 2063 elementa

373 2083 484 2119 fuisse
503 2080 619 2118 Solem
647 2094 689 2118 ac
706 2081 871 2128 Lunum,
908 2082 1030 2118 sidera

377 2137 569 2184 coelestia,
601 2150 694 2186 quae
711 2138 756 2174 ab
780 2137 945 2174 omnibus
967 2137 1031 2174 Li-

377 2194 472 2242 byae
487 2194 655 2241 gentibus
673 2194 805 2231 fuerint
828 2193 935 2239 culta,
958 2194 1030 2230 iam

379 2249 480 2299 quod
501 2261 522 2285 a
539 2250 753 2297 quibusdam
772 2254 809 2287 et
827 2249 1030 2287 Minervam

380 2309 418 2342 et
435 2304 645 2354 Neptunum
669 2305 736 2342 coli
751 2305 894 2352 adiicit,
926 2310 1032 2355 pote-

379 2364 437 2396 rat
457 2361 562 2397 credo
582 2361 677 2398 idem
709 2365 744 2398 et
763 2361 943 2398 Bacchum
966 2362 1031 2398 ad-

378 2415 550 2462 iungere,
593 2429 699 2464 quem
720 2416 789 2453 illic
805 2429 950 2466 quoque
977 2418 1034 2453 su-

380 2470 451 2506 isse
461 2470 593 2506 cultum
612 2472 715 2519 plura
734 2473 892 2509 indicare
908 2474 1033 2510 viden-

380 2528 438 2562 tur
455 2525 639 2562 Creuzero
656 2527 690 2562 in
712 2528 871 2575 Symbol.
897 2529 926 2564 ll
948 2541 1033 2577 pag.

379 2583 460 2622 261
495 2594 570 2629 seq.
600 2585 673 2617 not.
688 2610 699 2627 ‚
753 2583 813 2618 ubi
853 2584 1033 2630 observat,

380 2635 493 2673 latere
509 2637 545 2673 in
565 2637 681 2673 verbis
697 2638 911 2674 llerotlotcis
927 2652 1034 2675 uuam

383 2704 564 2728 sacrorum
588 2692 777 2730 Minervae
801 2693 958 2729 Palladis
977 2707 1035 2731 ra-

384 2748 522 2785 dicem:
557 2761 628 2797 quo
651 2752 770 2785 tamen
790 2749 868 2797 ipso
890 2750 1036 2787 minime

382 2803 451 2840 hoc
462 2804 727 2850 contendimus,
741 2803 914 2852 Libycam
930 2806 1034 2842 deam

382 2860 510 2897 rudem
542 2873 622 2897 cum
650 2862 748 2898 culta
763 2858 1035 2899 Atheniensium

1075 1315 1148 1338 zer.
1176 1301 1199 1337 l.
1232 1299 1255 1336 l.
1282 1312 1366 1349 pag.
1397 1299 1491 1340 594.
1520 1299 1601 1339 598
1625 1311 1728 1347 seqq.

1076 1358 1175 1401 Quin
1195 1356 1383 1393 Minervae
1404 1355 1562 1404 equestri
1582 1367 1729 1403 quoque

1077 1412 1216 1450 natales
1262 1411 1405 1459 Libyae
1446 1411 1730 1460 adscripserunt,

1077 1473 1172 1506 teste
1193 1466 1312 1503 Schol.
1339 1468 1387 1503 ad
1410 1467 1517 1504 Pind.
1540 1466 1647 1514 P51h.
1668 1466 1730 1512 lV,

1079 1527 1116 1563 2.
1156 1524 1211 1559 Ex
1239 1523 1306 1559 hac
1334 1527 1456 1559 autem
1484 1522 1626 1571 Libyae
1666 1535 1731 1559 ora

1079 1579 1275 1630 postmodo
1309 1590 1484 1626 equorum
1519 1591 1623 1615 usum
1658 1590 1732 1614 uua

1080 1647 1161 1672 cum
1187 1634 1267 1671 Deo
1295 1633 1491 1683 Neptuno,
1541 1634 1596 1671 cui
1631 1645 1733 1671 sacer

1081 1702 1207 1739 equuS,
1227 1691 1274 1726 ad
1292 1689 1468 1727 Graeciae
1485 1701 1567 1727 oras
1585 1689 1734 1726 allatum

1082 1747 1345 1792 existimemus,
1385 1747 1461 1784 sive
1494 1758 1517 1782 a
1544 1745 1735 1783 Phoenici-

1082 1803 1150 1840 bus
1175 1803 1250 1839 sive
1279 1803 1326 1839 ab
1354 1802 1455 1848 aliis3
1508 1814 1603 1850 quae
1640 1813 1736 1838 nunc

1082 1858 1261 1908 copiosius
1288 1871 1470 1908 exponere
1508 1870 1582 1895 non
1617 1860 1735 1896 vacat.

1083 1915 1146 1952 Tu
1167 1915 1251 1951 vide
1267 1914 1313 1951 de
1338 1913 1413 1950 aliis
1432 1915 1549 1963 iisque
1567 1913 1734 1951 recondi-

1083 1971 1258 2016 tioribus,
1288 1982 1383 2018 quae
1405 1970 1443 2006 in
1465 1970 1531 2007 hac
1550 1969 1671 2006 fabula
1688 1969 1736 2006 de

1086 2040 1181 2075 equo
1205 2025 1381 2076 Neptuno
1402 2038 1504 2063 sacro
1526 2038 1567 2062 ac
1589 2026 1636 2063 de
1655 2026 1737 2074 ipso

1085 2082 1262 2132 Neptuno
1319 2081 1429 2119 latere
1486 2081 1736 2131 perhibentur.

1087 2139 1215 2175 Creuz.
1235 2137 1257 2174 l.
1282 2137 1303 2173 l.
1321 2150 1405 2187 pag.
1427 2137 1529 2183 589,
1560 2137 1622 2186 qui
1641 2149 1738 2174 nunc

1086 2195 1190 2232 addit
1247 2193 1443 2242 Ingliirami
1508 2192 1739 2230 Monumenti

1086 2250 1255 2288 Etruschi
1275 2251 1320 2286 ad
1346 2250 1419 2286 tab.
1443 2250 1496 2289 59
1527 2248 1623 2286 delle
1650 2260 1739 2285 urne

1087 2306 1262 2343 Etrusche
1280 2318 1365 2355 pag.
1385 2304 1478 2345 487.
1509 2304 1548 2341 In
1573 2304 1643 2340 alia
1663 2304 1739 2340 abit

1088 2362 1254 2400 Viilcker.
1275 2361 1387 2411 lapet.
1416 2373 1499 2410 pag.
1527 2358 1606 2400 134
1624 2359 1739 2407 Liby-

1089 2431 1167 2455 cam
1199 2418 1360 2467 Neptuni
1396 2417 1569 2464 originem
1599 2428 1739 2464 negans

1088 2474 1341 2521 Herodotique
1373 2472 1616 2509 testimonium
1644 2471 1741 2509 evel-

1089 2529 1162 2566 lere
1198 2530 1367 2573 studens,
1412 2527 1556 2577 longius
1593 2539 1742 2577 quoque

1091 2586 1271 2621 disserens
1290 2585 1335 2621 de
1357 2596 1475 2631 equo,
1515 2584 1576 2632 qui
1605 2583 1742 2632 allego-

1091 2641 1164 2676 rico
1190 2641 1310 2689 potius
1345 2652 1452 2675 seusu
1482 2652 1523 2676 ac
1549 2639 1742 2677 tesseraria

1090 2696 1211 2745 potius
1250 2696 1388 2732 ratione
1422 2695 1597 2745 Neptuno
1632 2695 1741 2732 maris

1091 2752 1161 2787 ‹lt-o
1183 2752 1391 2797 adficiatur,
1429 2764 1507 2788 cum
1539 2750 1741 2800 symbolum

1091 2808 1137 2842 sit
1166 2808 1304 2844 navium
1334 2821 1434 2844 mare
1467 2807 1741 2856 persecantium.

1092 2862 1208 2900 Nobis
1227 2892 1238 2912 ‚
1303 2868 1342 2900 ut
1387 2864 1530 2914 saepius
1577 2863 1743 2910 diximus,

1238 2935 1250 2953 Χ

1830 490 1863 536 18“
