1863 3256
506 268 857 314 THALIA.
915 268 980 307 111.
1296 273 1379 312 221

106 393 307 447 ποταμοῦ
339 385 566 442 οἰκημένῃ,
598 382 755 438 ἔπεμπε
785 377 978 432 Μύρσον
1000 376 1078 420 τὸν
1104 374 1278 431 Γύγεω,
1309 377 1380 420 ἄν-
1438 395 1479 413 ns
1503 388 1624 447 myrhina
1645 424 1650 449 ἰ
1654 390 1713 450 {³253

1438 428 1490 446 nou
1544 424 1588 449 Cn

108 464 192 516 δρα
222 459 397 510 Λυδόν,
446 456 490 506 ἐς
530 453 688 508 Σάμον
728 450 930 507 ἀγγελίην
972 448 1188 504 φέροντα,
1226 447 1384 502 μαθών
1441 455 1505 520 greg
1503 456 1651 528 tmmadp
1656 432 1714 517 ¹1¹3-

1520 522 1642 550 misdoa.

77 535 189 574 3τοῦ
220 525 526 582 Πολυκράτεος
558 524 638 568 τὸν
667 522 786 567 νόον.
855 519 1138 604 Πολυκράτης
1171 516 1255 574 γάρ
1288 518 1517 562 ss6nSO¹²¹¹¹

105 606 279 656 πρῶτος
306 603 392 643 τῶν
420 597 543 654 ἡμεῖς
571 598 697 652 ἰ’δμεν
721 592 959 649 Ἑλλήνων,
1000 590 1048 643 ὃς
1077 594 1381 646 θαλασσοκρα-

50 775 240 814 Maeandri
270 775 368 811 fluvii
408 774 524 824 ripam
564 776 712 822 septen-

48 832 239 870 trionalem
270 833 339 868 sita
372 835 471 877 erat,
503 829 711 878 quindecim

48 888 212 926 milliaria
240 888 288 924 ad
315 887 501 925 meridiem
528 890 566 923 et
593 886 713 923 orien-

47 950 120 983 tem
152 946 198 982 ab
228 944 397 994 Ephes0‚
430 944 458 980 si
490 956 606 992 penes
638 942 713 978 Pli-

47 1003 146 1039 nium
177 1002 291 1047 fides,
322 1001 499 1049 distingui
529 1000 641 1036 debet
665 999 711 1035 ab

49 1071 93 1096 ea
113 1058 320 1107 Magnesia,
353 1054 446 1106 quae
472 1057 519 1094 ad
547 1055 711 1106 Sipylum

48 1120 208 1152 montem
223 1115 304 1161 sita,
318 1115 510 1162 Smyrnam
525 1126 663 1157 versus,
677 1116 713 1149 et

48 1173 129 1222 ipsa
141 1172 188 1208 ad
203 1170 356 1220 Lydiam
376 1170 596 1220 pertinebat.
620 1169 713 1205 Eam

49 1241 146 1265 nunc
165 1226 401 1276 Illagm'sam,
432 1225 583 1262 alteram
608 1225 713 1262 Mae-

48 1285 214 1321 andriam
231 1284 342 1321 hodie
366 1283 545 1320 Inebazar
569 1281 639 1318 dici
659 1282 714 1317 af-

48 1341 205 1378 firmant.
258 1341 364 1377 Conf.
399 1339 522 1376 Strab.
552 1338 658 1384 XIV,
690 1339 709 1377 1

48 1412 84 1449 p-
105 1398 186 1438 636
206 1410 234 1434 s.
251 1397 334 1438 943
348 1397 390 1433 C.
412 1396 638 1443 aliorumque
660 1398 715 1431 te·-

49 1454 230 1499 stimonia,
240 1466 335 1503 quae
345 1453 430 1491 citat
440 1453 519 1489 Van
533 1452 598 1488 der
613 1451 713 1500 Chys

49 1511 259 1547 Comment.
286 1523 414 1559 geogr.
436 1509 483 1545 ad
504 1508 648 1544 Arrian.
676 1521 712 1558 p.

49 1570 116 1608 20.
146 1567 230 1604 Vid.
246 1580 356 1618 supra
372 1567 397 1614 Ι,
417 1568 504 1607 161.
536 1565 593 1602 De
609 1562 714 1601 Illae-

49 1624 161 1661 andro
183 1624 338 1662 diximus
358 1624 405 1660 ad
427 1624 456 1669 l,
481 1624 542 1662 18.

108 1720 307 1776 Μύρσον]
339 1726 440 1763 Idem
464 1737 596 1762 nomen
618 1724 713 1761 infra

49 1782 97 1830 V,
123 1785 214 1823 122.
257 1781 310 1819 Ac
329 1782 499 1819 videntur
516 1782 616 1831 apud
637 1780 713 1830 Ly-

50 1840 118 1876 dos
162 1841 295 1876 usitata
335 1839 447 1876 fuisse
490 1839 639 1875 nomina
677 1841 714 1874 et

50 1895 177 1946 IlIyrsi
216 1894 271 1943 (s.
312 1894 479 1945 Myrsili)
512 1901 547 1932 et
584 1895 714 1944 Gygz's.

50 1953 133 1989 Vid.
163 1952 303 1990 Herod.
327 1952 356 1998 Ι,
381 1954 418 1992 7,
442 1954 467 1992 8
496 1952 585 2000 ibiq.
617 1955 713 1987 nott.

50 2009 175 2047 Verba
194 2009 455 2058 subsequentia
466 2007 656 2045 Letronne
677 2008 715 2044 in

49 2065 202 2103 Journal
226 2066 261 2102 d.
289 2066 374 2103 SaV.
405 2067 514 2107 1817
541 2077 627 2115 pag.
647 2065 716 2111 98,

50 2123 185 2160 reiecta
212 2127 247 2160 et
268 2121 442 2159 Larcheri
468 2127 506 2159 et
528 2122 714 2170 Schweig-

50 2179 219 2217 haeuseri
238 2179 540 2229 interpretatione
559 2177 716 2228 (‚,]lIyr—

52 2248 128 2272 sum
140 2256 195 2262 —
209 2235 356 2272 Samum
366 2237 472 2281 misit,
485 2234 718 2284 nunciumfe-

50 2296 193 2339 rentem,
206 2306 270 2342 quo
278 2295 434 2330 animum
445 2292 648 2342 Polycratis
657 2304 719 2328 ex-

48 2349 265 2400 ploraret“)‚
278 2351 423 2396 rectius,
436 2350 579 2399 opinor,
592 2349 644 2385 sic
663 2349 718 2385 in-

51 2407 292 2457 terpretanda
315 2419 396 2443 esse
417 2410 560 2444 censet:
591 2406 715 2452 „mwit

53 2464 92 2499 in
117 2462 265 2500 Samum
285 2463 334 2499 ad
360 2462 594 2513 Polycratem,
616 2463 717 2499 cuius

53 2522 212 2568 cogitata
221 2522 404 2556 nove-rat.“
434 2519 604 2569 Namque
617 2514 717 2558 νόον

54 2575 151 2612 idem
174 2576 293 2614 valere
310 2576 411 2625 quod
432 2572 616 2615 διάνοιαν
635 2589 716 2613 con-

55 2631 195 2678 silium,
224 2636 369 2670 mentem
398 2633 442 2680 („
447 2633 497 2670 les
524 2646 632 2680 vues,
662 2633 715 2670 les

55 2688 211 2734 dessins,
233 2689 284 2726 les
305 2686 489 2744 projets“)
510 2695 608 2727 recte
635 2702 715 2726 mo-

55 2748 120 2781 net
154 2743 365 2794 Letronne,
405 2747 714 2814 quemadmodum

55 2801 165 2850 paulo
192 2805 296 2850 post.
327 2799 472 2852 μαθών
499 2804 556 2841 ὠν
586 2797 711 2841 ταῦτα

57 2871 125 2907 μιν
150 2852 436 2907 διανοεύμενον
472 2874 492 2898 ο
522 2855 713 2911 Ὀροίτης,

57 2925 152 2963 quae
173 2912 378 2963 Schweigh
399 2918 500 2954 recte
516 2916 567 2954 sic
584 2917 713 2954 vertit.

768 769 860 816 „hoc
889 782 964 806 eum
993 771 1111 805 animo
1135 770 1279 817 agitare
1302 768 1435 805 intelli-

769 840 856 876 gens
880 827 1060 863 Oroestsf‘

828 927 869 975 ὃς
902 926 1265 978 θαλασσοκρατέειν
1298 926 1433 967 ἐπενο-

769 981 872 1036 ήθη]
906 987 963 1024 De
992 987 1197 1035 Polycrate,
1230 985 1290 1034 qui
1317 985 1434 1022 classe

769 1043 961 1093 plurimum
982 1043 1092 1080 valuit
1119 1042 1327 1091 insulasque
1352 1042 1434 1092 plu-

771 1113 827 1138 res
858 1100 998 1149 Aegaei
1028 1100 1137 1136 maris
1176 1100 1244 1136 sibi
1275 1098 1436 1146 subegit,

771 1157 980 1194 testimonia
1020 1161 1166 1193 exstant
1205 1155 1435 1204 Thucydidis

771 1214 903 1261 (1‚13)
922 1226 963 1249 ac
973 1213 1166 1249 Strabonis
1186 1211 1291 1257 (xlv
1305 1225 1339 1261 p.
1353 1210 1434 1251 945

770 1270 813 1306 B.
844 1284 871 1306 s.
906 1271 987 1309 637
1008 1269 1078 1317 D.)
1109 1270 1246 1306 dudum
1278 1268 1386 1305 allata
1417 1281 1439 1304 a

770 1326 942 1363 Valcken.
1003 1326 1147 1370 Quibus
1171 1326 1343 1374 equidem
1369 1324 1438 1360 hoc

772 1383 927 1429 adiicio,
966 1383 1037 1419 iam
1067 1386 1211 1420 mature
1241 1385 1440 1430 antequam

771 1439 923 1477 aliarum
955 1439 1135 1477 Graeciae
1171 1439 1334 1488 gentium
1370 1439 1441 1474 fio-

771 1502 870 1534 reret
891 1509 948 1533 res
968 1496 1118 1543 navalis,
1149 1496 1292 1533 Samios
1315 1499 1351 1533 et
1370 1507 1438 1532 na-

771 1554 874 1590 vibus
897 1558 934 1590 et
954 1558 1160 1591 mercatura
1179 1553 1357 1590 maritima
1378 1552 1436 1588 in-

771 1611 894 1659 signes
929 1609 1093 1656 laudari,
1141 1623 1249 1659 quam
1285 1610 1322 1645 in
1360 1621 1436 1646 rem

770 1667 1026 1714 conferantur,
1058 1679 1152 1716 quae
1178 1666 1349 1704 Panoska
1375 1669 1436 1703 at-

770 1724 853 1760 tulit
873 1723 1046 1760 Samiorr.
1070 1725 1146 1761 Res
1170 1736 1257 1773 pag.
1281 1727 1332 1764 14
1356 1735 1433 1771 seq.

769 1780 867 1818 Nam
898 1785 1038 1817 mature
1063 1780 1111 1817 illi
1137 1781 1290 1816 navibus
1320 1779 1434 1816 fabri-

770 1837 897 1873 candis
922 1850 1072 1887 operam
1093 1837 1239 1874 dedisse
1263 1837 1434 1884 adeoque

770 1895 914 1932 navium
936 1907 1051 1943 genus
1073 1893 1261 1943 quoddam
1281 1893 1350 1943 ipsi
1376 1892 1434 1929 in-

772 1951 914 1988 venisse
942 1951 1210 2000 praedicantur.
1268 1950 1327 1987 Ad
1355 1953 1434 1987 θα-

773 2007 1064 2056 λασσοκρατίαν
1128 2007 1228 2057 quod
1288 2007 1433 2052 attinet,

773 2069 900 2102 monet
930 2063 1129 2110 Valcken.,
1158 2064 1344 2110 Graecos,
1372 2063 1435 2112 qui

772 2122 882 2159 maris
940 2122 1125 2158 tenuerint
1179 2119 1438 2157 mediterranei

774 2182 939 2229 partem,
971 2178 1130 2228 superbo
1159 2180 1438 2227 θαλασσοκρα-

773 2230 952 2274 τούντων
965 2234 1068 2272 titulo
1087 2234 1250 2283 insignes
1263 2233 1438 2279 exhiberi,

775 2305 855 2329 cum
884 2292 933 2328 ad
963 2291 1103 2340 aliquot
1131 2296 1275 2328 tantum
1303 2289 1437 2327 insulas

774 2347 912 2398 Aegaei
930 2349 1039 2385 maris
1058 2348 1250 2398 imperium
1269 2359 1440 2385 exercue-

773 2405 855 2442 rint.
915 2404 1044 2453 Agitur
1073 2409 1225 2451 autem,
1264 2407 1439 2441 monente

774 2461 1033 2510 wesselingi0‚
1051 2461 1108 2498 hic
1126 2474 1198 2498 non
1215 2466 1289 2498 tam
1302 2461 1350 2498 de
1368 2473 1437 2510 po-

773 2518 866 2569 pulis
896 2519 1137 2567 gentibusve‚
1175 2530 1271 2567 quae
1307 2516 1436 2567 opibus

772 2576 963 2612 maritimis
994 2575 1195 2621 valuerint,
1237 2587 1348 2624 quam
1387 2573 1435 2609 de

772 2632 919 2681 regibus
938 2633 1159 2680 tyrannisve.
1207 2631 1265 2669 De
1285 2631 1326 2667 iis
1341 2660 1351 2677 ,
1373 2630 1435 2678 qui

771 2689 871 2739 apud
905 2689 1068 2726 Graecos
1097 2688 1329 2727 celebrantur
1356 2690 1433 2724 θα-

771 2746 1157 2796 λασσοκρατοῦντες,
1223 2743 1432 2781 consulatur

770 2802 904 2850 Heyne
935 2802 973 2838 in
998 2800 1095 2839 Nov.
1125 2802 1266 2838 Comm.
1295 2798 1430 2835 Societ.

772 2858 879 2896 Gott.
901 2857 950 2896 T.
970 2858 986 2894 Ι
1010 2871 1046 2909 p.
1068 2857 1264 2899 66-95,
1292 2854 1322 2890 Il
1343 2864 1430 2904 pag.

770 2913 969 2962 40-71,
1002 2914 1063 2951 ubi
1082 2917 1167 2965 post
1185 2912 1346 2950 Minoem
1371 2920 1431 2945 se-
