1946 3272
500 225 583 267 142
891 226 1360 267 HERODOTI

492 338 693 379 ταθεῖναι
721 334 775 378 τὰ
807 334 1059 391 πρήγματα,
1088 336 1226 391 λέγων
1254 335 1375 379 τάδε·
1432 332 1586 392 ,,Ἐμοὶ
1616 336 1766 391 δοκέει,
1782 345 1823 380 15

495 406 573 450 ἕνα
611 406 691 462 μὲν
724 406 870 462 ἡμέων
907 406 1160 463 μούναρχον
1196 407 1346 464 μηκέτι
1383 407 1606 463 γενέσθαι·

467 478 587 533 Βγάρ
617 475 725 532 ἡδύ,
767 477 868 520 οὔτε
906 477 1091 532 ἀγαθόν.

1153 480 1284 522 εἴδετε
1313 478 1392 534 μὲν
1422 478 1506 535 γὰρ
1537 478 1616 534 τήν
1649 482 1824 535 Καμ-21

496 548 638 604 βύσεω
659 548 793 603 ὕβριν
823 546 892 591 ἐπ’
925 548 1033 592 ὅσον
1062 548 1285 604 ἐπεξῆλθε,
1322 550 1601 607 μετεσχήκατε
1631 550 1770 594 δὲκαὶ

467 623 578 675 4τῆς
607 622 689 661 τοῦ
718 619 880 673 Μάγου
909 619 1077 675 ὕβριος.

1139 623 1240 671 Κῶς
1271 618 1314 664 δ’
1344 619 1400 664 ἂν
1429 623 1493 677 εἰἠ
1524 626 1666 678 χρῆμα
1695 639 1769 665 κα-

496 688 764 744 τηρτημένον
792 692 1057 748 μουναρχίη,
1095 696 1149 748 τῇ
1182 692 1315 744 ἔξεστι
1345 691 1576 752 ἀνευθύνῳ
1606 693 1769 737 ποιέειν

444 901 491 927 ne
511 900 659 938 prorsus
682 886 824 924 alienae
845 887 929 934 sint,
959 900 1026 924 nec
1042 900 1110 923 un-

444 957 552 994 quam
576 956 641 994 per
668 944 846 980 orientem
874 944 921 980 de
945 943 1016 980 alio
1042 945 1111 980 im-

442 1000 535 1052 perii
555 1012 692 1049 genere
717 1000 762 1037 sit
792 1000 1010 1048 cogitatum,
1039 1000 1109 1036 nisi

443 1058 491 1096 de
510 1070 567 1103 e0‚
598 1057 658 1093 ubi
682 1069 823 1094 summa
852 1069 966 1105 penes
998 1069 1109 1093 unum

441 1117 622 1165 potestas,
652 1113 756 1150 nullis
780 1113 922 1162 legibus
946 1113 1005 1149 illa
1029 1113 1110 1162 qui-

441 1171 527 1208 dem
559 1170 841 1220 circumscripta.
902 1169 1038 1216 Quare,
1069 1174 1109 1206 ut

443 1227 649 1264 Creuzerus
672 1227 837 1272 coniecit,
867 1227 915 1263 ad
935 1239 991 1272 ea,
1013 1238 1108 1276 quae

443 1287 526 1320 tunc
558 1283 732 1332 temporis
756 1296 823 1333 per
852 1282 1031 1320 Graeciae
1059 1282 1110 1319 ci-

442 1339 577 1376 vitates
597 1341 751 1377 maxime
773 1339 1019 1388 agitabantur,
1038 1351 1108 1388 po-

443 1395 621 1434 tissimum
642 1401 809 1446 spectare
827 1397 971 1432 videtur
990 1396 1110 1433 Hero-

443 1453 554 1489 dotea
577 1454 751 1499 narratio,
775 1454 864 1502 quin
887 1453 973 1489 inde
994 1452 1109 1489 maxi-

382 1559 385 1563 Δ
443 1521 538 1546 mam
567 1513 713 1558 partem
742 1510 910 1554 fluxisse;
940 1509 978 1545 id
1007 1509 1108 1557 quod

444 1565 596 1614 singulis
610 1565 696 1602 locis
710 1578 775 1602 nos
792 1566 1011 1615 probaturos
1022 1578 1109 1615 spe-

444 1634 577 1659 ramus.
636 1622 734 1659 Hinc
761 1622 990 1659 acerbissime
1011 1623 1107 1658 dicta

446 1679 493 1715 de
514 1682 683 1726 tyrannO,
701 1679 784 1715 hinc
803 1678 885 1725 alia,
904 1691 999 1727 quae
1018 1690 1107 1715 ean-

447 1735 532 1771 dem
549 1735 664 1772 ferme
677 1736 854 1783 originem
875 1735 1049 1785 produnt,
1060 1735 1109 1770 ad

447 1791 672 1827 Graecorum
713 1792 853 1828 animos
893 1792 1108 1842 capiendos,

445 1848 593 1897 opinor,
605 1848 725 1885 efficta
745 1848 932 1898 ipsiusque
952 1849 1109 1898 scripto-

445 1904 493 1942 ris
520 1904 679 1941 animum
710 1904 886 1941 libertatis
914 1905 1107 1941 studiosis-

444 1961 573 1997 simum
615 1964 653 1998 et
690 1961 737 1997 ab
774 1962 879 1997 unius
919 1961 1107 1997 dominatu

444 2016 701 2054 alienissimum
721 2017 856 2067 optime
875 2016 1107 2054 declarantia.

447 2093 503 2100 —
521 2073 737 2110 Herodotea
756 2073 878 2121 attigit
895 2073 1107 2110 Plutarchus

448 2128 482 2165 II
504 2141 588 2179 pag.
609 2131 690 2170 826
711 2129 755 2166 E.
776 2130 877 2180 Opp.

506 2184 575 2224 ἕνα
600 2184 671 2236 μὲν
696 2184 831 2236 ἡμέων
862 2181 1105 2237 μούναρχον]

446 2241 584 2279 Vocula
604 2244 769 2293 μοῦνον,
791 2256 886 2291 quae
905 2247 990 2292 post
1011 2239 1107 2292 μού-

445 2312 595 2348 ναρχον
616 2299 700 2335 olim
726 2299 926 2348 legebatur,
956 2299 1062 2335 abest
1084 2311 1107 2335 a

445 2353 608 2403 plurimis
627 2355 735 2392 libris.
768 2356 940 2393 Valcken.
963 2355 1109 2392 olimita

445 2410 515 2446 dici
548 2415 697 2460 putarat
726 2413 773 2448 ad
804 2412 955 2449 Homeri
985 2425 1109 2450 exem-

444 2466 556 2515 plum,
581 2467 695 2504 citans
717 2468 883 2505 Eustath.
906 2469 955 2504 ad
969 2469 1105 2516 Odyss.

445 2517 488 2568 τ’,
518 2536 554 2572 p.
570 2525 689 2569 1867,
716 2538 742 2560 s.
757 2526 851 2570 699,
873 2524 955 2571 alia,
977 2526 1106 2574 quibus

445 2590 542 2615 nunc
566 2579 714 2617 minime
736 2580 953 2628 indigemus.

505 2637 599 2680 Κῶς
613 2631 654 2673 δ’
674 2631 724 2674 ἂν
737 2635 796 2685 εἴη
816 2639 946 2686 χρῆμα
967 2652 1107 2687 κατηρ-

447 2689 618 2742 τημένον
649 2692 894 2743 μουναρχίη]
927 2693 948 2729 i.
983 2707 1013 2730 e.
1044 2706 1109 2742 qno

447 2752 563 2785 autem
592 2749 692 2784 modo
720 2762 773 2785 res
800 2750 880 2785 bene
920 2752 1108 2799 composita

448 2818 519 2841 esse
534 2808 647 2854 potest
660 2807 765 2841 unius
783 2806 993 2855 imperinm?
1022 2807 1108 2842 Sto-

447 2862 559 2900 baeus
578 2861 713 2909 XLIX,
733 2864 787 2902 29
809 2875 845 2913 p.
861 2864 942 2902 346
963 2875 992 2900 5.
1013 2861 1058 2899 Τ.
1076 2862 1108 2899 11

1165 886 1294 938 p.348
1316 888 1434 925 Gaisf.
1458 888 1675 927 Herodotea
1694 889 1827 927 exseri·

1165 944 1258 993 psit,
1287 944 1324 980 in
1342 945 1473 992 quibus
1492 958 1559 995 pro
1586 943 1827 997 κατηρτημέ-

1166 1014 1239 1038 νον
1260 999 1435 1037 Valcken.
1457 1002 1750 1052 κατηρτομένον
1768 1000 1826 1039 vel

1164 1054 1475 1106 κατηρτισμένον
1491 1058 1598 1095 scribi
1616 1059 1827 1108 posse'mo-

1165 1113 1258 1159 nuit,
1289 1113 1397 1162 plane
1414 1118 1455 1150 ut
1474 1113 1558 1151 olim
1581 1127 1728 1164 quoque
1740 1114 1827 1152 ste·
1900 1119 1902 1122 ’

1164 1169 1308 1219 phanus
1326 1175 1406 1207 erat
1426 1172 1640 1220 suspicatus.
1686 1171 1762 1208 Sed
1783 1171 1828 1207 li-

1165 1226 1219 1262 bri
1239 1227 1361 1276 scripti
1381 1239 1454 1263 non
1475 1227 1659 1264 addicunt.
1696 1227 1759 1264 Tu
1779 1227 1826 1265 cf.

1164 1282 1304 1319 Herod.
1328 1283 1393 1329 lX,
1413 1284 1466 1324 66
1495 1289 1532 1321 et
1551 1284 1604 1330 V,
1633 1285 1725 1324 106.
1767 1283 1825 1321 Ad

1163 1351 1290 1376 vocem
1313 1341 1444 1390 χρῆμα
1464 1339 1603 1377 consul.
1625 1339 1757 1377 Matth.
1787 1338 1827 1390 ἓ.

1166 1394 1248 1436 437
1274 1408 1359 1445 pag.
1382 1398 1476 1436 816.
1524 1396 1583 1433 Ad
1603 1397 1719 1446 ipsam
1742 1409 1828 1434 sen-

1165 1453 1318 1489 tentiam
1347 1453 1473 1490 confer
1494 1453 1657 1503 Euripid.
1685 1452 1826 1503 Suppll.

1165 1508 1246 1549 428
1258 1508 1386 1556 (445).
1407 1510 1606 1548 Stobaeum
1627 1510 1701 1547 Tit.
1722 1508 1775 1550 48
1793 1523 1828 1560 p.

1166 1567 1249 1606 343
1260 1578 1336 1614 seq.
1360 1565 1406 1602 T.
1420 1566 1452 1602 ll
1473 1579 1508 1616 p.
1520 1566 1598 1606 341
1613 1579 1690 1616 seq.
1705 1566 1825 1603 Gaisf.

1165 1626 1202 1659 et
1220 1634 1314 1670 quae
1334 1621 1403 1658 alia
1415 1622 1468 1659 his
1491 1623 1644 1660 maxime
1664 1633 1827 1671 congrua

1165 1678 1253 1714 citat
1270 1679 1313 1715 C.
1336 1678 1398 1715 Fr.
1418 1679 1618 1716 Hermann.
1632 1679 1765 1716 Lehrb.
1787 1678 1824 1715 d.

1166 1734 1310 1771 Griech.
1325 1735 1596 1773 Staatsalterth.
1621 1733 1658 1786 ἓ.
1679 1737 1730 1775 63
1749 1738 1825 1772 not.

1165 1792 1203 1830 6.
1234 1791 1414 1828 Videntur
1435 1792 1530 1830 enim
1543 1792 1757 1829 Herodotea
1778 1792 1827 1828 de

1164 1848 1381 1893 monarchia,
1394 1861 1421 1885 s.
1443 1851 1547 1885 unius
1566 1850 1708 1898 imperio
1729 1848 1827 1885 hisce

1165 1916 1238 1940 non
1277 1904 1474 1941 admodum
1515 1917 1594 1941 esse
1627 1903 1826 1949 dissimilia,

1165 1972 1260 2008 quae
1276 1972 1297 1996 a
1313 1960 1482 2009 sophistis
1500 1974 1565 2010 per
1584 1960 1764 1998 Graeciae
1783 1960 1827 1997 li-

1164 2016 1271 2053 beras
1293 2017 1452 2054 civitates
1470 2018 1648 2064 dictitata,
1666 2017 1826 2054 omnium

1164 2073 1250 2110 inde
1270 2086 1333 2110 ore
1355 2073 1565 2110 serebantur
1590 2074 1637 2111 de
1657 2075 1825 2124 tyranni-

1165 2128 1228 2175 cle,
1261 2130 1360 2178 quod
1384 2130 1546 2166 omnium
1566 2143 1684 2168 rerum
1707 2129 1825 2181 publi-

1163 2198 1285 2222 carum
1324 2199 1439 2234 genus
1468 2187 1700 2224 deterrimum
1731 2186 1826 2224 iudi-

1163 2243 1322 2279 cabatur.

1221 2301 1269 2352 τῇ
1293 2298 1411 2346 ἔξεστι
1435 2294 1652 2351 α’νευθύνῳ
1674 2296 1826 2338 ποιέειν

1164 2351 1211 2392 τά
1232 2351 1429 2406 βούλεται]
1462 2357 1571 2402 ‚‚Vid.
1586 2357 1698 2404 Hugo
1720 2356 1825 2393 Grot.

1165 2412 1212 2449 de
1235 2412 1301 2449 lur.
1326 2413 1369 2449 B.
1392 2418 1429 2450 et
1450 2413 1533 2449 Pac.
1554 2412 1615 2449 lib.
1635 2413 1647 2448 l
1671 2426 1750 2462 cap.
1775 2411 1826 2448 ΙΙΙ

1166 2466 1202 2518 ἓ.
1231 2470 1266 2508 8.
1293 2470 1329 2508 9.
1360 2472 1421 2510 10.
1452 2469 1587 2505 Haller.
1614 2469 1826 2505 Restaurat.

1165 2526 1200 2560 d.
1220 2525 1549 2562 Staatswissenseh.
1569 2525 1581 2561 l
1603 2537 1688 2574 pag.
1703 2525 1826 2566 462.“

1166 2580 1230 2617 Cr.
1252 2576 1481 2627 α’νεύθυιός
1504 2581 1550 2617 de
1575 2581 1825 2618 Romanorum

1164 2637 1342 2675 dictatore
1383 2637 1481 2686 apud
1515 2637 1670 2687 DionyS.
1706 2636 1823 2674 Halic.

1163 2692 1313 2742 Antiqq.
1344 2695 1487 2730 Romm.
1518 2694 1563 2738 V,
1584 2696 1648 2734 70.
1672 2693 1734 2739 Vl,
1757 2695 1823 2733 38.

1162 2749 1243 2795 Vll,
1256 2751 1319 2789 56.
1352 2750 1446 2785 Add.
1462 2749 1548 2787 ibid.
1567 2750 1592 2797 l,
1607 2747 1823 2795 50.x1‚41.

1163 2806 1204 2841 ln
1219 2807 1386 2842 omnibus
1396 2808 1617 2843 Graecorum
1638 2806 1746 2843 rebus
1755 2818 1825 2855 pu-

1165 2862 1263 2899 blicis
1274 2862 1394 2900 liberis
1413 2875 1492 2900 cum
1504 2862 1571 2901 hoc
1588 2863 1749 2914 inprimis
1766 2875 1823 2900 re-

1665 407 1768 452 οὔτε
1832 413 1889 453 23
