1863 3256
285 423 351 469 73

81 488 243 530 Sepultura
255 496 277 515 c·
273 491 356 516 aete—

95 532 126 550 τι
131 532 194 549 rum
211 522 268 557 Sey
273 522 337 549 tim-

215 556 355 596 purgatio

79 598 182 616 eorum
202 591 252 624 qui
269 598 355 624 nepe-

81 624 221 651 livorum..

81 565 163 583 rum.

409 177 494 219 418

349 307 352 309 “
382 286 568 342 6ἕτέρου
597 285 731 340 ξύλου
762 289 843 329 τοῦ
875 285 946 329 διὰ
975 288 1057 328 τοῦ
1086 286 1233 328 ἵππου.

804 174 1277 216 HERODOTI

1291 282 1596 340 ἐπιστήσαντες
1627 284 1673 328 δὲ

411 357 556 414 κύκλῳ
585 356 634 400 τὸ
666 360 781 412 σῆμα
811 355 962 405 ἱππέας
988 355 1240 408 τοιούτους,
1269 352 1577 398 ἀπελαύνουσι.

524 428 650 472 Οὕτω
691 427 769 481 μὲν
804 426 907 476 τούς
949 425 1152 481 βασιλέας
1191 426 1427 468 θάπτουσι.

412 501 571 550 ἄλλους
602 496 809 547 Σκύθας,
851 494 981 539 ἐπεάν
1020 494 1297 547 ἀποθάνωσι,

414 567 637 625 ἀγχοτάτω
667 565 958 622 προσήκοντες
977 567 1084 610 κατὰ
1109 566 1210 618 τούς
1239 568 1396 622 φίλους
1415 567 1462 609 ἐν
1487 566 1674 623 ἁμάξῃσι

707 641 795 680 τῶν
830 638 876 681 δὲ
917 637 1093 688 ἕκαστος
1129 637 1453 693 ὑποδεκόμενος
1501 635 1730 692 εύωχέει50

411 638 637 694 κειμένους
648 652 657 661 ·

1483 424 1586 476 τοὺς
1626 425 1674 468 δὲ

1339 496 1593 550 περιάγουσι
1631 495 1675 538 οἱ

406 711 509 760 τούς
545 707 806 763 ἑπομένους,
847 707 920 752 καὶ
960 712 1021 764 τῷ
1057 712 1196 765 νεκρῷ
1225 708 1403 751 πάντων
1440 712 1677 762 παρατιθεῖ

377 784 502 823 Ξτῶν
549 779 624 821 καὶ
665 785 779 822 τοῖσι
823 778 1018 827 ἄλλοισι,

1076 778 1236 834 ἡμέρας
1278 780 1324 821 δὲ
1361 778 1676 833 τεσσεράκοντα

408 848 526 893 οὕτω
569 848 612 891 οἱ
659 852 829 893 ἰδιῶται
868 846 1150 902 περιάγονται
1169 879 1179 899 ,
1233 848 1376 891 ἔπειτα
1415 850 1674 892 θάπτονται.

414 916 642 971 Θάψαντες
664 918 710 961 δὲ
730 919 774 961 οἱ
795 917 999 972 Σκύθαι,
1029 920 1321 975 καθαίρονται
1338 918 1489 976 τρόπῳ
1510 920 1674 974 τοιῷδε.
1685 924 1732 960 55

353 1118 547 1170 apodosin‚
576 1116 673 1154 hune
690 1114 768 1152 sere
786 1113 824 1150 in
840 1112 988 1151 modum
1004 1125 1013 1148 τ

355 1175 534 1225 „quando
579 1173 788 1209 uniuscuius
830 1170 1014 1207 cadaveris

355 1233 461 1269 iuxta
475 1232 611 1280 spinam
623 1229 719 1265 dorsi
731 1230 860 1263 rectum
877 1227 1014 1274 [ignum

355 1300 464 1336 usque
491 1287 540 1323 acl
565 1287 726 1323 cervicem
746 1284 1015 1334 tmuffixerwzt,

355 1346 428 1381 iam
449 1344 493 1379 ab
516 1345 583 1379 imo
597 1343 690 1390 ligni
708 1340 813 1377 leuius
828 1352 914 1390 pars
932 1340 1016 1375 emi-

355 1403 436 1446 net,
477 1411 581 1448 quam
603 1400 640 1435 in
659 1397 824 1448 foramen
856 1397 1015 1433 inserunt

357 1456 507 1492 alterius
528 1455 623 1503 ligni
644 1467 707 1504 per
726 1465 849 1502 equum
878 1453 1015 1490 ducti.“

357 1512 456 1550 Nam
469 1512 618 1560 genitivi
631 1505 776 1548 τούτου
795 1511 867 1548 τοῦ
891 1504 1014 1555 ξύλου

358 1580 382 1605 a
404 1568 570 1617 sequenti
593 1566 746 1604 relativo
765 1562 807 1603 τὸ
827 1566 1015 1615 pendent3

341 1637 426 1669 *nec
446 1636 536 1660 sane
556 1627 656 1669 erat,
688 1622 788 1670 quod
809 1620 1017 1657 distinctio-

357 1692 441 1717 nem
462 1684 548 1717 ante
569 1675 612 1718 τὸ
637 1677 746 1726 vulgo
768 1677 925 1727 positam
948 1675 1018 1712 tol-

356 1735 448 1774 leret
469 1735 607 1781 Gaisf.,
635 1734 841 1771 Werferum
870 1737 1017 1770 secutus

357 1792 397 1829 in
414 1791 512 1829 Actt.
546 1791 641 1842 phill.
665 1791 829 1827 Monacc.
853 1789 892 1836 Ι,
924 1792 943 1830 1
980 1802 1017 1839 p.

360 1846 441 1890 114
458 1847 538 1885 coll.
555 1861 591 1898 p.
612 1848 678 1886 81.
717 1846 920 1894 Schweigh.
954 1857 1016 1881 su-

361 1905 521 1955 spicatur
542 1916 715 1950 τουτο,
746 1903 768 1940 i.
783 1916 815 1941 e.
834 1903 950 1941 τοῦτο
971 1898 1014 1940 τό

358 1959 477 2012 μέρος
498 1962 571 1998 τοῦ
591 1955 724 2007 ξύλου.

416 2012 694 2067 ἐπιστήσαντες
733 2011 776 2054 δὲ
804 2010 945 2081 κύκλῳ
972 2028 1015 2053 το

361 2084 470 2123 σημα
489 2071 633 2119 ἱππέας
651 2067 882 2118 τοιούτους,
921 2084 1016 2109 απε-

358 2126 564 2178 λαύνουσ-]
605 2129 628 2166 i.
650 2141 680 2166 e.
711 2132 897 2180 postquam
926 2127 1016 2164 tales

358 2188 489 2235 equites
515 2186 565 2222 ad
592 2189 842 2222 monumentum
869 2186 1015 2221 circum-

358 2244 454 2278 circa
512 2242 749 2289 collocarunt,
820 2241 1013 2278 discedunt.

356 2297 474 2346 lungo
487 2299 654 2347 equidem
674 2294 953 2347 επιστήσαντες
970 2312 1013 2336 το

358 2356 466 2404 σῆμα
484 2366 527 2390 eo
547 2355 623 2391 fere
640 2367 748 2391 sensu
768 2355 917 2420 (lictum,
941 2365 1014 2402 quo

358 2422 571 2459 στησαντες
589 2432 645 2437 —
663 2409 727 2449 ἐπὶ
749 2407 791 2448 τὸ
808 2412 930 2474 σῆμα,
948 2410 1013 2446 mi-

355 2466 667 2515 rorqueSchweig
654 2466 844 2512 haeuser„
867 2460 1013 2514 quinv-

355 2525 435 2575 κλῳ
472 2518 516 2560 τό
548 2523 656 2571 σῆμα
694 2522 796 2570 iungi
827 2522 901 2558 vult
915 2550 925 2567 ‚
974 2525 1012 2557 ut

356 2578 455 2615 idem
481 2579 528 2614 sit
550 2582 663 2626 itque
685 2576 796 2625 πέριξ
822 2575 864 2616 τὸ
889 2579 1012 2627 σῆμα,

358 2647 437 2671 cum
457 2629 611 2686 ninam,
642 2638 682 2670 ut
703 2632 834 2683 πέριξ,
867 2646 1012 2670 accusa-

355 2691 430 2727 tivo
450 2690 631 2737 iungatur.
683 2690 794 2733 Quod
824 2689 908 2726 mihi
931 2690 1014 2738 qui-

358 2747 440 2783 dem
479 2746 640 2782 nondum
686 2747 889 2795 persuasit,
945 2758 1013 2782 nec

357 2814 466 2852 quem
485 2803 593 2841 affert
610 2802 728 2840 locum
741 2802 805 2850 IV,
828 2804 904 2843 181
926 2802 1012 2850 (πε-

1071 1107 1255 1164 ριάγουσι
1280 1109 1356 1164 τήν
1385 1114 1529 1165 λίμνην
1555 1108 1729 1168 κύκλῳ),

1070 1181 1153 1206 eum
1175 1170 1244 1207 huc
1262 1172 1446 1220 pertinere
1469 1172 1626 1209 credam.

1245 1260 1278 1298 C
1287 1272 1308 1297 a
1316 1273 1353 1311 p.
1383 1259 1551 1301 LXXllI.

1128 1333 1222 1384 τούς
1242 1337 1450 1389 βασιλέας]
1482 1339 1598 1377 Miror
1620 1339 1730 1377 Gais-

1070 1394 1230 1432 sordium
1261 1396 1299 1433 in
1328 1400 1430 1433 textu
1455 1396 1642 1445 reliquisse
1662 1397 1731 1447 βα-

1072 1452 1235 1500 σιλῆας,
1275 1453 1375 1501 quod
1401 1453 1594 1501 equidem,
1624 1453 1730 1489 Stru-

1069 1508 1166 1543 vium
1191 1507 1214 1543 1.
1240 1507 1261 1544 l.
1291 1509 1306 1544 1
1338 1522 1375 1558 p.
1410 1510 1460 1548 16
1490 1514 1657 1555 secutus,
1693 1509 1731 1546 in

1071 1561 1255 1614 βασιλέας
1275 1565 1419 1601 mutavi.
1452 1563 1552 1602 Idem
1571 1563 1732 1602 exhibuit

1073 1619 1263 1657 Matthiae.
1299 1641 1355 1648 —
1401 1621 1443 1656 In
1480 1633 1583 1670 seqq.
1620 1620 1732 1658 verba

1073 1672 1172 1713 κατὰ
1203 1673 1296 1723 τούς
1324 1676 1468 1725 φίλους
1497 1689 1541 1714 ea
1569 1678 1646 1715 fere
1672 1690 1732 1714 ra-

1073 1732 1175 1769 tione
1204 1733 1439 1782 explicanda,
1480 1733 1553 1783 qua
1582 1733 1620 1781 1,
1655 1734 1731 1774 30:

1073 1790 1265 1840 περιῆγον
1303 1785 1467 1837 (αὐτὸν)
1506 1786 1605 1828 κατά
1638 1786 1733 1836 τούς

1073 1841 1309 1896 θησαυρούς
1330 1846 1407 1883 coll.
1432 1846 1459 1893 l,
1476 1847 1541 1887 96.
1559 1867 1615 1874 -
1643 1845 1733 1883 Mox

1073 1914 1154 1938 cum
1186 1902 1389 1951 Schweigh.
1427 1907 1463 1939 et
1491 1902 1607 1938 Gaisf.
1644 1902 1731 1939 dedi

1072 1953 1234 1996 πάντων
1244 1972 1310 2008 pro
1321 1954 1520 2003 ἁπάντων,
1533 1958 1632 2008 quod
1643 1959 1731 1996 reti-

1071 2014 1150 2051 nuit
1174 2015 1363 2052 Matthiae.

1130 2067 1234 2109 οὕτω
1267 2070 1308 2109 οἷ
1334 2068 1488 2109 ἰδιῶται
1519 2066 1729 2122 περιάγον-

1071 2126 1160 2178 ται]
1193 2126 1347 2165 ἰδιῶται
1361 2129 1498 2177 privati
1513 2132 1595 2163 sunt
1613 2127 1731 2164 homi-

1070 2196 1158 2230 neS,
1189 2185 1250 2232 qui
1271 2185 1411 2232 regibus
1434 2187 1669 2234 opponuntur
1687 2195 1730 2219 ac

1064 2241 1296 2291 principibus.
1328 2240 1530 2278 Larcherus
1545 2241 1728 2285 observat,

1071 2310 1146 2334 non
1186 2298 1340 2334 eandem
1377 2296 1531 2332 omnium
1572 2294 1728 2344 Scytha-

1070 2366 1150 2390 rum
1192 2353 1306 2389 videri
1345 2353 1454 2389 fuisse
1491 2351 1728 2400 sepulturam,

1071 2422 1151 2445 cum
1181 2409 1359 2445 cadavera
1388 2408 1521 2443 truncis
1549 2419 1727 2457 suspensa

1070 2465 1127 2501 alii
1165 2469 1374 2515 putrescere
1404 2463 1594 2509 sivissent,
1634 2467 1729 2500 teste

1070 2521 1157 2556 Silio
1202 2520 1323 2556 Italico
1360 2519 1467 2563 xm,
1519 2519 1602 2560 486
1649 2518 1727 2557 coll.

1069 2576 1247 2613 Plutarch.
1281 2576 1309 2612 ll
1334 2588 1419 2625 pag.
1440 2576 1520 2616 499
1539 2575 1585 2612 D.
1625 2575 1727 2612 Idem

1069 2632 1175 2669 affert
1193 2632 1412 2669 celeberrimi
1430 2632 1728 2682 peregrinator-is,

1069 2689 1222 2735 Cookii,
1251 2689 1495 2725 testimoninm
1527 2689 1573 2725 de
1599 2687 1726 2724 incolis

1068 2745 1207 2782 insulae
1236 2745 1420 2789 Otaheiti,
1458 2745 1519 2794 qui
1547 2744 1727 2782 cadavera

1069 2805 1144 2838 tam
1177 2801 1240 2839 diu
1264 2802 1455 2839 arboribus
1484 2801 1726 2853 suspendunt,
