1879 3255
84 744 158 773 Eius
198 745 328 774 instituti

84 782 225 807 auctores
235 781 360 808 Persae:

89 812 244 848 Cambysis
258 814 364 842 foedus

85 854 156 909 ἷιὶιιιιιιιιιΙ
186 856 261 883 rego
289 849 364 876 Ara-

423 155 477 195 10
838 156 1306 197 HERODOTI

421 266 637 320 μοῦνταις
675 265 758 320 ἐγώ
789 265 862 308 καὶ
892 269 1024 309 τοῦτο
1056 265 1224 321 φράσω.
1283 268 1352 310 δεῖ
1387 266 1467 309 τόν
1505 266 1584 321 μὲν
1613 267 1686 322 δή·

417 347 586 388 μαρχον
615 332 800 375 ἕκαστον
842 332 890 376 ἐκ
930 338 1007 389 τῆς
1048 333 1216 377 ἑωυτοῦ
1246 335 1398 385 πόλιος
1427 335 1688 386 συλλέξαντα

419 404 566 448 πάντα
600 403 678 447 τὸν
710 403 924 458 κέραμον,
955 402 1077 458 ἄγειν
1108 404 1151 454 ἐς
1179 405 1388 460 Μέμφιν·
1427 404 1531 456 τοὺς
1561 406 1605 448 δὲ
1635 405 1716 449 ἐκ5

420 476 632 531 Μέμφιος
660 474 703 525 ἐς
734 478 872 517 ταῦτα
902 474 956 530 δὴ
984 473 1037 516 τὰ
1065 473 1237 529 ἄνυδρα
1269 479 1344 530 τῆς
1373 477 1541 531 Συρίης
1569 478 1689 532 κομί-

391 549 536 599 3ζειν,
576 544 823 602 πλήσαντας
851 543 1026 594 ὕδατος.
1066 544 1182 587 οὕτω
1213 545 1237 588 ὁ
1269 545 1527 601 ἐπιφοιτέων
1556 547 1688 599 κέρα-

421 633 526 672 μος,
573 617 647 660 καὶ
685 614 984 670 ἐξαιρεόμενος
1021 615 1068 658 ἐν
1105 614 1334 675 Αἰγύπτῳ,
1387 617 1456 659 ἐπὶ
1496 615 1573 659 τὸν
1609 633 1689 659 πα·-

328 684 361 728 Ί
418 687 546 730 λαιὸν
574 688 792 742 κομίζεται
821 686 864 736 ἐς
894 687 1078 742 Συρίην.

420 759 502 802 εἰσὶ
543 760 586 802 οἱ
620 756 702 814 τὴν
735 757 919 813 ἐσβολήν
960 757 1125 814 ταύτην
1161 757 1571 813 παρασκευάσαντες
1619 756 1688 801 ἐπ’

422 830 649 884 Αἴγυπτον
696 827 805 871 κατὰ
856 827 908 884 δὴ
958 828 1011 872 τὰ
1056 829 1258 885 εἰρημένα
1306 828 1510 881 σάξαντες
1549 827 1747 880 ὕδατι,10

363 980 432 1028 θη.
472 978 579 1014 conf.
616 980 723 1016 etiam
750 978 808 1026 11,
843 980 907 1018 11.
966 978 1026 1016 De

360 1034 471 1071 verbo
493 1030 735 1087 οἷναισιμοῦν
753 1036 958 1072 monuimus
978 1036 1024 1072 ad

360 1089 390 1137 l,
415 1092 506 1130 179.

418 1146 482 1185 δεῖ
499 1143 570 1186 τόν
599 1145 672 1198 μὲν
702 1144 907 1200 δήμαρχον
937 1146 1025 1186 ἔκα-

363 1214 457 1242 στον
472 1218 509 1242 κ.
530 1219 561 1242 τ.
583 1204 646 1256 λ.].
681 1202 926 1255 Νομάρχην,
959 1205 1023 1254 qui

362 1260 500 1297 scilicet
568 1262 859 1298 administrando
916 1274 1025 1297 nomo

361 1318 567 1367 praefectus
596 1322 696 1364 erat,
736 1331 846 1368 supra
867 1317 913 1363 ll,
944 1320 1024 1357 177

360 1372 499 1411 Noster
533 1376 807 1422 nominaverat,
856 1375 917 1410 ubi
950 1375 1023 1410 vid.

351 1433 454 1483 nott.
482 1430 558 1467 lam
577 1431 611 1468 h.
631 1431 651 1467 1.
672 1427 876 1481 δήμαρχον
896 1430 1025 1481 appel-

357 1485 431 1533 lat,
471 1499 544 1536 quo
574 1488 721 1532 nomine
752 1487 936 1537 designari
956 1500 1024 1537 pu-

360 1546 436 1580 tem
466 1555 551 1588 e05‚
585 1544 648 1593 qui
678 1544 827 1593 singulis
860 1544 945 1580 vicis
973 1545 1022 1580 ad

359 1612 471 1636 unum
505 1601 736 1650 eundemque
771 1613 918 1637 uomum
956 1600 1023 1636 ad-

359 1655 502 1705 scriptis
520 1655 754 1706 (τοπαρχίας
769 1662 873 1693 vocat
885 1657 1022 1693 Strabo

359 1712 465 1749 XV11
508 1725 545 1762 p.
579 1715 686 1752 1136
722 1712 765 1750 A.
792 1726 821 1749 s.
851 1726 887 1763 p.
907 1714 1023 1760 787),

359 1770 558 1819 praepositi
579 1770 723 1806 suerint.
767 1769 865 1806 infra
885 1769 948 1814 ΙΙΙ,
969 1771 1022 1808 27

360 1831 607 1862 memorantur
649 1825 878 1875 ἐπίτροποι,
926 1827 1023 1861 vico-

360 1883 546 1929 magistri,
586 1882 645 1930 qui
666 1882 867 1918 demarchis
892 1882 1023 1931 opinor

360 1938 496 1974 suerint
515 1938 676 1974 subiecti.
707 1934 754 1975 τὰ
781 1934 936 1988 ἄνυδρα
953 1939 1022 1986 τῆς

360 1993 513 2043 Συρίης
551 1998 634 2030 sunt
670 2006 714 2030 ea
745 1995 824 2043 ipsa
861 1995 1020 2039 deserta,

360 2062 457 2098 quae
479 2062 587 2100 supra
610 2050 853 2096 indicaverat,
881 2063 925 2087 ex
951 2050 1020 2085 Pa-

360 2105 513 2142 laestina
559 2107 595 2142 in
626 2105 837 2155 Aegyptum
877 2106 1021 2156 protici-

360 2163 542 2199 seeutibus
582 2163 816 2211 periucunda.
886 2164 1021 2199 Moneo

360 2223 511 2269 propter
521 2218 741 2255 Larcherum
755 2247 765 2264 ,
796 2220 857 2267 qui
874 2218 907 2254 h.
930 2218 952 2254 l.
972 2219 1022 2254 sie

360 2279 506 2312 vertens
528 2287 536 2310 :
567 2274 654 2310 dans
673 2275 720 2310 les
737 2274 833 2311 lieux
850 2275 966 2311 arides
983 2275 1024 2310 dc

361 2331 398 2368 Ia
420 2332 545 2381 Syrie,
586 2332 717 2367 iustam
746 2332 1022 2381 vituperationis

359 2400 503 2425 causam
526 2387 629 2424 dedit
650 2387 751 2424 alteri
773 2388 879 2424 Gallo
910 2389 1021 2424 inter-

358 2444 463 2495 preti.

417 2496 521 2538 οὕτω
539 2497 558 2539 ὁ
578 2497 816 2548 ἐπιφοιτέων
836 2498 1019 2549 κέραμος,

359 2554 426 2595 καὶ
450 2553 720 2606 ἐξαιρεόμενος
740 2571 773 2594 κ.
800 2571 832 2593 τ.
859 2555 910 2606 λ.]
942 2557 962 2592 i.
984 2570 1015 2594 c.

360 2613 439 2650 Hoc
469 2612 567 2648 modo
596 2613 692 2649 dolia
709 2613 846 2662 figlina
880 2615 953 2648 ista
983 2615 1021 2649 in

363 2670 561 2719 Aegyptum
587 2672 628 2716 (a
649 2669 886 2706 Phoenicibus
913 2683 932 2705 e
953 2670 1021 2717 sy-

363 2727 441 2775 ria)
468 2727 607 2763 invecta
640 2726 755 2775 ibique
783 2728 939 2774 seposita
973 2727 1021 2774 (e

364 2783 516 2820 navibus
535 2783 625 2831 so),
664 2783 712 2820 ad
741 2784 862 2832 priora
886 2780 1022 2830 (dolia)

1146 687 1269 730 Οὕτω
1302 686 1380 742 μέν
1410 704 1496 730 νυν
1520 686 1690 742 Πέρσαι

1081 980 1119 1016 in
1140 978 1287 1029 Syriam
1307 982 1397 1015 retro
1418 978 1636 1028 deferuntur.
1673 978 1746 1016 Mi-

1082 1048 1151 1072 nus
1179 1039 1347 1072 accurate
1364 1035 1595 1072 Larcherus:
1625 1034 1745 1082 „ainsi

1082 1095 1204 1129 tontes
1233 1091 1284 1128 les
1302 1093 1418 1140 jarres
1447 1104 1518 1141 que
1540 1090 1610 1127 l'on
1638 1095 1745 1140 porte

1082 1161 1128 1186 en
1148 1147 1299 1198 Egypte
1323 1153 1361 1185 et
1382 1161 1454 1197 que
1483 1147 1553 1183 l’on
1570 1160 1595 1197 y
1618 1150 1685 1183 met
1704 1160 1745 1183 en

1081 1217 1235 1250 reseroe,
1295 1208 1378 1241 sont
1414 1204 1605 1254 reportees
1639 1205 1744 1240 etc.“

1082 1262 1201 1304 Quem
1230 1261 1340 1298 verbo
1370 1255 1638 1312 ἐξαιρεόμενος
1663 1260 1744 1296 Nos

1079 1318 1269 1354 tribuimus
1298 1330 1466 1363 sensum,
1506 1330 1588 1354 eum
1610 1315 1744 1353 confir-

1079 1378 1157 1410 mat
1178 1373 1269 1411 alter
1291 1375 1390 1410 locus
1408 1373 1471 1420 IV,
1492 1375 1592 1413 196:
1623 1367 1745 1411 ἕπεοέν

1081 1424 1302 1469 α’ττίκωνται
1351 1428 1419 1468 καὶ
1470 1427 1744 1477 ἐξέλωνται

1079 1483 1126 1525 τοὶ
1160 1487 1319 1538 φορτία.

1299 1543 1406 1591 Cap.
1443 1542 1522 1580 Vll.

1139 1594 1327 1646 σάξαντες
1353 1595 1484 1649 ὕδατι]
1520 1611 1567 1636 sc.
1591 1592 1743 1647 ταύτην

1079 1650 1154 1705 τὴν
1179 1651 1348 1706 ἐσβολήν
1370 1656 1392 1691 i.
1413 1668 1442 1692 e.
1464 1655 1556 1691 hanc
1571 1656 1666 1691 vium
1679 1666 1743 1704 per

1079 1712 1214 1748 deserta
1242 1711 1339 1762 aqud
1359 1711 1660 1762 proficiscentibus
1684 1722 1743 1746 ne-

1081 1768 1233 1805 cess-arici
1269 1772 1485 1805 instruentes.
1543 1767 1613 1804 Est
1646 1767 1742 1804 enim

1079 1825 1261 1861 Herodoti
1287 1824 1492 1869 sententia,
1531 1823 1665 1861 Persas
1685 1823 1743 1859 su-

1080 1882 1172 1927 isse,
1210 1881 1271 1929 qui
1314 1880 1531 1929 simulatque
1569 1880 1742 1929 Aegypto

1079 1941 1201 1973 essent
1216 1938 1338 1987 potiti,
1369 1936 1457 1973 illud
1476 1937 1547 1973 iter
1567 1940 1742 1973 terrestre

1079 1994 1164 2043 (per
1186 1994 1332 2031 deserta
1350 2006 1371 2029 a
1395 1993 1604 2030 Palaestina
1624 2005 1742 2042 usque

1079 2050 1126 2086 nd
1157 2049 1314 2099 Aegypti
1355 2050 1445 2087 fines
1487 2062 1604 2100 prope
1633 2049 1741 2086 Pelu-

1078 2107 1190 2153 sium)
1218 2106 1494 2156 adpaeiraverint,
1525 2107 1660 2155 quique
1685 2118 1743 2152 eo,

1080 2176 1151 2211 quo
1180 2163 1347 2199 indicarit
1372 2163 1503 2208 modo,
1547 2163 1644 2211 aquit
1675 2174 1741 2199 ne-

1079 2220 1235 2255 cessari-:2
1255 2218 1339 2255 illud
1358 2219 1602 2256 instruxerint.
1651 2215 1741 2256 σάτ-

1080 2289 1159 2313 τειν
1196 2276 1296 2324 apud
1324 2275 1553 2312 Herodotum
1593 2275 1741 2311 omnino

1080 2331 1177 2368 valet
1209 2334 1397 2377 instruere,
1437 2345 1579 2377 ornare,
1616 2337 1656 2367 ut
1677 2330 1741 2378 Vl,

1080 2390 1144 2427 70.
1167 2390 1231 2426 73.
1264 2389 1352 2435 ΥΙΙ,
1373 2390 1445 2433 (52,
1476 2389 1536 2424 ubi
1559 2388 1605 2424 (le
1622 2399 1741 2423 arma-

1078 2450 1159 2480 tura
1193 2445 1322 2480 dicitur
1348 2445 1506 2492 indeque
1540 2444 1634 2480 idem
1664 2443 1740 2480 sere

1078 2500 1174 2536 valet
1209 2501 1308 2548 quod
1339 2494 1513 2545 ὁπλίζειν
1544 2503 1653 2536 armis
1681 2501 1736 2535 in-

1078 2560 1217 2592 struere.
1278 2555 1338 2592 'fu
1370 2557 1463 2592 conf.
1496 2556 1669 2594 Valckcn.
1691 2557 1738 2592 ad

1079 2613 1112 2649 h.
1143 2611 1165 2648 1.
1215 2612 1295 2648 Alia
1337 2613 1383 2648 ad
1423 2617 1586 2649 nostrum
1623 2614 1737 2650 locum

1080 2670 1244 2719 exempla
1275 2670 1473 2705 attulerunt
1506 2669 1738 2720 interpretes,

1080 2729 1120 2762 ut
1159 2725 1309 2762 Lucian.
1355 2725 1401 2762 de
1447 2725 1527 2762 Dea
1559 2728 1639 2775 Syr.
1670 2725 1736 2765 48.

1079 2781 1210 2819 Athen.
1233 2781 1297 2818 vn
1320 2794 1356 2832 p.
1375 2783 1468 2822 322.
