1863 3256
277 745 371 788 121
435 748 578 804 δοκέῃ.

128 808 344 835 praecursores

131 843 212 869 misul
232 843 347 870 obviam

443 150 528 189 490

829 150 1302 190 HERODOTI

442 254 692 313 ὑπεξάγειν,
723 257 933 308 ὑπιόντας
961 273 1006 301 τε
1035 257 1109 300 καὶ
1136 261 1366 310 ποιεῦντας
1393 261 1447 304 τὰ
1473 265 1699 318 βεβουλευ-

413 327 564 383 4μένα.
621 333 772 382 πρῶτα
801 328 880 382 μέν
908 344 992 370 νυν
1021 327 1204 383 ὑπάγειν
1234 329 1368 385 σφέας
1397 330 1474 374 ἰθὺ
1503 334 1592 373 τῶν
1620 349 1699 387 χω-

438 397 551 452 ρέων
594 404 679 441 τῶν
719 396 1025 452 ἀπειπαμένων
1070 399 1150 455 τὴν
1189 400 1401 456 σφετέρην
1440 404 1754 458 συμμαχιήν,55

439 469 512 510 ἴνα
542 468 612 510 καὶ
642 466 825 517 τούτους
855 468 1203 525 ἐκπολεμώσωσι·
1243 472 1278 512 εἰ
1303 472 1347 514 ὁὲ
1375 471 1431 527 μὴ
1460 470 1629 522 ἑκόντες
1650 488 1698 527 γε

435 538 662 580 ὑπέδυσαν
682 537 760 579 τόν
783 537 975 594 πόλεμον
996 541 1073 584 τόν
1091 540 1202 594 πρὸς
1223 540 1417 596 Πέρσας,
1448 539 1545 584 ἀλλ’
1571 541 1698 586 ἄκον-

409 614 429 647 5
443 625 517 658 τας
548 608 851 662 ἐκπολεμῶσαι.

911 611 1015 665 μετὰ
1046 611 1091 654 δὲ
1123 615 1278 661 τοῦτο,
1324 610 1617 667 ὑποστρέφειν
1653 612 1698 663 ἐς

436 678 515 733 τὴν
545 677 776 734 σφετέρην,
807 681 881 723 καὶ
899 681 1165 735 ἐπιχειρέειν,
1195 681 1249 737 ἢν
1268 681 1319 736 δὴ
1341 683 1697 737 βουλευομένοισι

642 753 787 793 ,Ταῦτα
818 753 861 794 οἰ
890 751 1068 794 Σκύθαι
1098 752 1462 807 βουλευσάμενοι,
1492 752 1695 808 ὑπηντία-
1707 762 1752 795 60

439 823 513 871 ζον
531 818 610 875 τήν
628 822 822 875 Δαρείου
842 822 1047 885 στρατιήν
1060 852 1070 871 ,
1101 822 1387 878 προδρόμους
1417 821 1695 868 ἀποστείλαν-

381 979 442 1019 Ad
475 994 621 1019 sensum
664 987 774 1022 recte.
831 984 891 1023 Ad
914 983 1041 1024 'verba

381 1038 548 1088 propius:
597 1042 702 1076 unius
741 1041 813 1077 diez·
850 1044 973 1079 itinere
1009 1042 1041 1079 et

381 1094 442 1129 lios
459 1093 578 1131 Persis
600 1109 817 1145 progressos.
857 1099 916 1135 'su
945 1100 1040 1136 cons.

380 1149 445 1197 IV,
476 1153 565 1192 122.
598 1152 659 1198 lx,
690 1156 764 1200 22,
795 1154 855 1191 ubi
883 1155 1041 1192 Masistii

381 1219 495 1255 equus
518 1206 695 1257 προέχων
715 1212 794 1247 τῶν
811 1208 952 1259 ἄλλων,
971 1212 992 1247 i.
1006 1225 1039 1249 e.

378 1275 468 1312 prae
488 1263 572 1300 aliis
593 1265 733 1313 lougius
744 1271 936 1315 provectus,
956 1281 1039 1317 pre-

379 1332 520 1367 grcssus
553 1320 705 1367 dicitur,
735 1329 834 1360 recte
860 1324 1039 1373 interpre-

378 1380 479 1412 tante
513 1375 755 1426 wesseling„
794 1379 855 1428 qui
887 1380 1035 1417 Homer.

377 1432 465 1467 citat
486 1431 524 1468 ll.
548 1433 692 1480 xxm,
723 1435 828 1481 453,
859 1436 906 1472 ad
926 1449 1036 1484 quem

375 1486 495 1523 locum
514 1487 682 1525 Eustath.
714 1489 895 1540 προέχειν
924 1505 1037 1541 expo-

376 1543 430 1579 nit
451 1540 723 1594 προελαύνειν.
765 1546 960 1584 Caeterum
981 1548 1035 1583 vi-

376 1600 483 1636 detur
520 1600 726 1650 impeditior
759 1601 828 1638 loci
857 1608 1035 1640 structura

339 1655 342 1659 ’
376 1667 445 1691 nec
470 1656 540 1692 nisi
568 1669 634 1706 per
655 1670 783 1694 sensus
804 1663 1032 1707 structuram,

377 1724 472 1760 quae
494 1713 645 1761 dicitur,
672 1715 924 1764 expedienda,
954 1729 1035 1753 cum

376 1769 572 1805 accusativi
596 1765 760 1816 τούτους
775 1792 831 1798 —-
848 1770 1035 1823 προέχον-

375 1838 468 1872 τας,
506 1822 691 1873 ὑπιόντας
719 1841 758 1864 τε
784 1826 851 1866 καὶ
877 1831 1034 1867 ποιεῦν-

375 1895 445 1926 τας
474 1893 548 1918 non
579 1883 646 1918 nisi
678 1895 785 1919 sensu
816 1885 1034 1922 conveniant

374 1939 601 1986 praegressis
623 1936 692 1985 τοὶς
716 1937 757 1977 δὲ
780 1935 853 1979 δύο
875 1954 923 1978 sc.
948 1941 1034 1991 μοί-

374 2008 459 2043 ρας,
471 1994 539 2030 nisi
556 1995 778 2032 accusativos
798 1994 868 2043 τιές
891 1995 933 2036 δὲ
957 1995 1031 2036 δύο

374 2064 411 2087 κ.
446 2064 478 2087 τ.
509 2053 542 2088 λ.
574 2064 596 2088 a
626 2052 737 2088 verbo
765 2055 925 2101 pendere
949 2059 1033 2090 tan-

373 2118 482 2154 quam
501 2107 631 2144 obiecti
647 2110 881 2158 accusativos,
901 2112 963 2160 qui
977 2111 1033 2148 di-

374 2167 524 2210 cuntur,
554 2168 706 2200 statuas.

431 2218 473 2254 In
513 2232 616 2269 seqq.
668 2216 917 2260 ἀπείπασθαι
956 2218 1031 2272 τήν

374 2276 599 2325 συμμαχίην
628 2276 723 2313 valet
753 2278 945 2315 detrectare
977 2292 1032 2314 sst-

373 2331 552 2376 cicentem,
604 2335 830 2380 renuntiare,
891 2339 930 2371 ut
968 2334 1030 2381 lv,

373 2385 464 2425 125.
512 2387 570 2423 Cf.
598 2390 646 2425 ad
676 2389 855 2426 Plutarch.
876 2390 1029 2427 Flamin.

370 2441 395 2480 5
425 2455 509 2491 pag.
540 2445 589 2483 91
619 2449 712 2480 nott.
739 2466 796 2471 —
831 2446 888 2482 De
918 2447 1028 2482 verbo

370 2495 615 2547 ἐκπολεμοῦν
635 2501 682 2536 cf.
705 2505 795 2537 nott.
817 2502 865 2537 ad
886 2501 946 2548 ΙΙΙ,
962 2504 1027 2541 66.

428 2553 462 2592 εἰ
483 2552 524 2592 ὁὲ
543 2552 597 2606 μή
614 2551 773 2602 ἑκόντες
792 2556 1027 2608 γε-ἐκπο-

369 2610 559 2661 λεμῶσαι]
601 2612 804 2659 Scliweigli.
839 2616 937 2660 ‚,u!‚
966 2615 1029 2662 qni

368 2666 560 2704 uoluissent
591 2672 707 2716 sponte
732 2668 922 2717 fortunam
945 2670 1029 2706 belli

368 2723 504 2769 subire,
556 2726 664 2761 invite·
701 2725 828 2762 bellare
865 2738 1027 2773 cogeren-

370 2782 488 2826 tur;“
533 2781 588 2818 vel
622 2781 769 2832 potius:
827 2781 1027 2832 „Namque

1096 988 1215 1036 sponte
1227 986 1260 1022 si
1275 984 1399 1021 bellum
1421 997 1495 1021 cum
1508 983 1624 1021 Persis
1643 987 1753 1022 susci-

1093 1055 1176 1092 pere
1193 1042 1343 1088 nollent,
1382 1043 1453 1077 ιἰιιιι
1475 1040 1555 1090 sore
1579 1045 1615 1077 ut
1639 1042 1688 1078 acl
1714 1041 1753 1078 id

1097 1099 1345 1147 cogereutztr.“
1404 1099 1497 1134 Sunt
1525 1103 1644 1135 autem
1663 1098 1752 1135 haee

1096 1156 1208 1192 verba
1231 1167 1296 1204 per
1317 1154 1550 1204 parenthesin
1573 1154 1668 1190 dicta
1690 1166 1751 1191 ac-

1096 1212 1288 1261 cipienda,
1349 1211 1478 1259 quibus
1528 1211 1749 1247 antecedens

1095 1268 1278 1304 sententia
1320 1266 1516 1315 explicatur
1567 1271 1603 1303 et
1641 1279 1750 1304 causa
1789 1310 1799 1313 -

1094 1323 1364 1372 quodammodo
1381 1323 1564 1358 subiicitur
1580 1335 1646 1371 per
1664 1335 1750 1372 par-

1095 1379 1238 1416 ticulam
1257 1376 1297 1417 ὄὲ
1318 1379 1428 1427 (quae
1448 1379 1504 1414 hic
1524 1379 1670 1416 minime
1691 1392 1750 1415 re-

1094 1436 1256 1485 spondet
1276 1435 1395 1471 verbis
1413 1436 1547 1484 πρώτα
1569 1432 1639 1483 μέν
1660 1450 1748 1482 νυν,

1093 1492 1141 1527 ad
1180 1503 1274 1539 quae
1309 1490 1430 1540 potius
1464 1490 1657 1539 respiciunt
1691 1503 1749 1528 se-

1093 1548 1260 1595 quentia:
1283 1542 1377 1594 μετὰ
1396 1543 1446 1583 δὲ
1466 1546 1580 1584 τοῦτο
1595 1548 1747 1594 κ.τ.λ.);

1092 1603 1139 1639 de
1171 1615 1244 1651 quo
1272 1602 1427 1639 Werter.
1456 1602 1494 1638 in
1522 1602 1615 1638 Actt.
1648 1602 1748 1652 phill.

1091 1658 1256 1695 Monacc.
1288 1659 1303 1694 Ι
1338 1670 1423 1708 pag.
1456 1659 1547 1696 113.
1624 1658 1748 1697 Yerba

1093 1711 1260 1761 ἄκοντας
1288 1713 1558 1763 ἐκπολεμῶσαι
1586 1727 1660 1750 non
1681 1714 1747 1751 ali-

1091 1776 1147 1808 ter
1169 1776 1280 1821 atque
1301 1771 1491 1817 infinitivi,
1520 1771 1582 1819 qui
1602 1775 1748 1809 antece-

1091 1828 1204 1873 dunt,
1241 1827 1290 1863 ad
1312 1827 1459 1864 verbum
1486 1822 1745 1876 ἐβουλεύοντο

1091 1884 1171 1920 init.
1194 1897 1270 1933 cap.
1295 1888 1400 1921 erunt
1426 1883 1628 1920 reserenda.
1686 1883 1746 1921 De

1091 1953 1156 1976 usu
1187 1947 1298 1988 atque
1335 1940 1370 1975 vi
1405 1939 1604 1989 particulae
1643 1934 1744 1978 dato}

1089 1997 1212 2033 monui
1230 1996 1265 2032 in
1286 1997 1456 2033 Creuzer.
1475 1995 1618 2032 Melett.
1637 1995 1686 2032 111
1707 2009 1746 2046 p.

1090 2054 1156 2092 26.
1176 2074 1232 2079 -
1251 2053 1292 2088 In
1306 2052 1369 2090 fin.
1386 2063 1541 2102 cappro
1559 2052 1746 2101 βουλευο-

1090 2108 1241 2159 μένοισι
1269 2108 1391 2158 plures
1423 2108 1528 2144 codd.
1553 2106 1745 2158 βουλομέ-

1090 2177 1216 2213 νοισι,
1263 2165 1475 2201 confusione
1513 2164 1610 2200 haud
1648 2177 1742 2201 rara.

1089 2222 1148 2258 Ad
1187 2225 1438 2269 argumentum
1477 2221 1604 2270 capitis
1643 2221 1742 2268 quod

1089 2278 1239 2323 attinet,
1280 2277 1388 2314 italus
1428 2277 1604 2325 interpres
1645 2276 1742 2313 haud

1087 2334 1179 2370 male
1229 2333 1390 2370 meminit
1437 2333 1677 2382 expeditionis
1719 2344 1743 2368 a

1086 2390 1316 2439 Napoleonte
1345 2392 1470 2425 nostra
1501 2389 1674 2424 memoria
1703 2388 1741 2425 in

1085 2445 1254 2482 Russiam
1305 2450 1494 2494 susceptae
1533 2445 1742 2494 prudentis-

1085 2514 1155 2549 que
1174 2502 1374 2537 Russorum
1395 2501 1532 2537 consilii
1553 2502 1588 2537 iu
1613 2501 1741 2537 defen-

1085 2558 1207 2594 denda
1235 2563 1330 2594 terra
1360 2557 1498 2606 patria,
1537 2569 1559 2594 a
1585 2557 1740 2606 Scytha-

1083 2626 1161 2650 rum
1179 2613 1247 2650 hoc
1262 2613 1410 2650 consilio
1429 2614 1575 2651 minime
1593 2614 1711 2650 alieni.

1268 2670 1378 2719 Cap.
1409 2669 1542 2706 cxxi.

1139 2723 1397 2776 ὑπηντίαζον]
1430 2726 1538 2762 Cous.
1563 2725 1625 2772 IV,
1646 2726 1738 2766 118.

1084 2782 1186 2820 thS.
1221 2783 1408 2834 Excerptt.
1440 2781 1560 2820 l'crss.
1597 2780 1634 2833 ὃ.
1675 2784 1736 2823 18.
