1863 3256
395 189 479 230 550
790 188 1259 228 HERODOTI

366 299 541 354 5ὥσπερ
572 300 609 342 εἰ
638 300 750 341 εἴποι
775 297 945 340 Ἑλλάδι
974 294 1148 354 γλώσσῃ
1177 298 1417 355 χρεωμένη’
1474 296 1552 353 ,,Ὦ
1582 304 1657 357 βοι-

395 374 534 421 σιλεῦ,
576 370 644 412 ἐπὶ
681 367 834 422 φωνην
870 363 1043 422 ἧλθες.“
1097 368 1146 411 Ὁ
1185 368 1227 412 δ’
1259 368 1457 426 ἀμείβετο
1487 375 1653 416 τοῖσδε·

363 435 472 493 6,,ἷΩ
490 440 612 491 ”ναξ,
652 437 733 492 ἐγώ
761 437 841 491 μὲν
869 433 1012 494 ἦλθον
1040 439 1160 493 παρὰ
1191 439 1237 483 σὲ
1265 440 1530 498 χρησόμενος
1559 443 1712 498 περὶ95

394 516 470 566 τῆς
514 512 682 565 φωνῆς·
743 507 798 551 σὺ
835 509 882 553 δέ
919 527 994 566 μοι
1034 510 1143 554 ἄλλα
1184 508 1380 555 ἀδύνατα
1418 518 1543 571 χρᾷς,
1591 530 1657 557 κε-

396 581 535 625 λεύων
591 577 762 635 Λιβύην
820 580 1078 634 ἀποικίζειν·
1144 584 1225 640 τέῳ
1283 584 1488 639 δυνάμεις
1556 587 1657 642 κοίῃ

367 651 567 706 7χειρί;“
630 653 776 693 Ταῦτα
811 651 968 706 λέγων,
1011 650 1110 695 οὐκὶ
1147 653 1290 695 ἔπειθε
1323 652 1431 696 ἄλλα
1461 655 1506 696 οἱ
1532 659 1656 709 χρᾶν.

397 722 455 771 ὡς
486 721 530 764 ὁὲ
561 722 670 765 κατὰ
700 721 835 766 τάυτὰ
864 723 1056 776 ἐθέσπιζέ
1089 725 1132 767 οἱ
1158 724 1232 767 καὶ
1257 723 1486 778 πρότερον,
1520 728 1656 782 οἴχετο
1723 734 1805 776 350

236 793 334 837 156
393 791 549 847 μεταξὺ
590 791 814 836 ἀπολιπών
852 792 875 836 ὁ
919 795 1084 846 Βάττος
1121 795 1163 846 ἐς
1201 795 1281 851 τήν
1315 794 1473 850 Θήρην.
1534 795 1660 840 Μετὰ

93 857 242 884 Λ(’“”“’““““
268 865 314 883 ‘⁰⁹
400 864 468 915 δὲ,
522 862 640 919 αὐτῷ
686 880 729 907 τε
773 864 915 923 τούτῳ
955 866 1027 908 καὶ
1065 871 1178 908 τοῖσι
1218 867 1386 909 ἄλλοισι
1427 869 1686 922 Θηραίοισι1

90 890 313 917 'l'liernvorumz

66 924 342 1018 ἰῗζῑῗἴ.“,ζξ“.ἐῖ“,ζζ“ἷι“ἶ.ᾌ.
370 936 662 990 Ξσυνεφὲρετο
692 934 973 991 παλιγκότως.
1023 934 1280 993 ἀγνοεῦντες
1309 936 1356 980 δὲ
1383 936 1459 988 τὰς
1489 950 1662 994 συμφο-

87 999 119 1017 US
135 999 202 1018 navt
228 999 261 1017 ΗΒ
276 995 344 1017 ΙΠΙῐ·
1652 1010 1655 1011 ⁷

290 1492 293 1496 ι
343 1469 473 1505 tissimi
506 1470 676 1506 editores.

406 1125 538 1181 ὥσπερ
580 1128 616 1169 εἰ
645 1129 751 1170 εἴποι
779 1153 825 1159 -
850 1125 1002 1183 ἦλθες]

343 1186 461 1236 „Mea
481 1187 629 1236 quidem
652 1189 826 1238 opinione
852 1188 943 1227 haec
960 1190 1004 1226 li-

343 1245 513 1282 teratoris
525 1249 649 1281 notam
665 1246 808 1296 sapiunt
820 1247 1003 1294 margina-

341 1300 412 1338 lem
425 1301 449 1320 “
494 1300 710 1337 Valet-en.
776 1301 873 1338 Hinc
903 1303 1003 1338 uncis

341 1356 432 1393 haec
482 1357 592 1393 verba
647 1357 790 1394 inclusit
839 1357 1002 1405 Reizius,

342 1412 474 1462 quibus
497 1413 625 1449 merito
654 1413 853 1451 liberarunt
874 1427 1003 1452 recen-

736 1469 869 1518 Neque
908 1471 1002 1507 enim

342 1526 437 1561 iusta
458 1525 671 1575 suspicionis
698 1538 829 1572 causa,
860 1526 890 1562 si
915 1526 1004 1575 quid

344 1581 463 1618 video.
493 1601 550 1608 ———
586 1582 628 1617 In
658 1594 762 1630 seqq.
787 1582 834 1618 ad
860 1580 932 1632 τέῳ
956 1583 1002 1619 cf.

344 1636 480 1675 Matth.
507 1637 572 1676 Gr.
591 1638 656 1674 Gr.
679 1636 715 1688 ἓ.
743 1638 823 1678 152
847 1651 884 1687 p·
908 1637 1005 1679 285.

404 1691 459 1739 ὥς
487 1690 529 1731 δὲ
556 1690 656 1732 nocto?
677 1689 800 1732 w'vvo?
824 1692 1005 1741 ἐθέσπιζέ

346 1748 389 1789 οἷ
410 1748 476 1788 καὶ
497 1745 705 1800 πρότερον]
729 1750 907 1806 Antemmcl
925 1751 1003 1788 vul-

345 1819 393 1856 go
430 1807 606 1844 insertum
648 1807 781 1856 legitur
809 1807 860 1860 ᾑ,
901 1809 1003 1857 quod

344 1876 424 1900 cum
446 1863 567 1913 scripti
585 1864 664 1900 libri
683 1864 853 1912 ignorent
865 1862 1006 1913 (quod-

344 1931 417 1968 que
439 1922 538 1956 stare
566 1920 596 1956 si
623 1921 777 1968 debeat,
816 1933 836 1957 e
869 1921 1004 1957 Struvii

343 1979 545 2026 praecepto
572 1976 595 2013 l.
615 1975 637 2013 l.
667 1989 752 2026 pag.
781 1977 856 2020 25,
893 1977 930 2013 in
954 1978 1005 2030 τῇ

342 2031 600 2081 mutandum),
658 2034 736 2070 iure
785 2033 1006 2071 sustulerunt

342 2088 581 2125 recentissimi
631 2090 800 2126 editores.
870 2089 1005 2139 Neque

345 2144 440 2181 enim
475 2158 568 2195 opus
613 2146 739 2182 addito
775 2147 1005 2196 pronomine,

345 2201 446 2249 quod
467 2206 507 2237 ut
527 2201 613 2238 addi
632 2215 740 2252 posse
757 2204 927 2251 adeoque
937 2204 1004 2239 ad-

346 2257 464 2293 ditum
491 2257 642 2294 inveniri
681 2259 734 2306 (v,
755 2272 785 2296 c.
815 2259 878 2306 IV,
903 2259 1002 2308 109)

346 2312 493 2349 minime
528 2326 648 2362 nego,
691 2315 741 2351 ita
776 2316 1004 2364 frequentius

347 2367 465 2403 omitti
483 2369 579 2405 idem
606 2371 810 2419 contendo,
848 2377 887 2408 ut
905 2373 1003 2409 libris

347 2424 466 2459 invitis
495 2425 581 2461 illud
604 2426 885 2476 haudquaquam
908 2429 1006 2465 inse—

347 2492 427 2516 rere
467 2479 585 2518 liceat.
643 2481 802 2519 Plurima
840 2483 1005 2533 exempla

348 2535 497 2584 collegit
516 2537 649 2573 Struve
669 2537 691 2573 l.
711 2537 733 2574 l.
753 2551 838 2588 pag.
858 2540 922 2579 25.
938 2542 1004 2580 26.

349 2591 391 2628 ln
416 2593 534 2629 verbis
570 2594 729 2642 proxime
766 2596 1006 2643 sequentibus

349 2649 518 2697 equidem
555 2650 664 2697 iungo
703 2648 828 2699 οἴχετο
869 2646 1007 2690 α’πολι-

349 2700 440 2742 πω“ν
467 2704 541 2742 scil.
575 2702 650 2754 τήν
681 2707 851 2756 Πυθίην
886 2721 928 2744 ex
961 2721 1005 2745 eo

349 2773 416 2797 usu
447 2762 545 2798 verbi
577 2761 758 2811 οἴχεσθαι
788 2764 876 2799 satis
905 2769 1007 2811 noto,

350 2829 422 2865 quo
464 2818 690 2868 participium
726 2819 838 2868 vulgo
879 2820 1007 2857 adiun-

1060 1135 1158 1171 ctum
1184 1131 1320 1179 habet;
1356 1144 1481 1170 vocem
1503 1129 1645 1183 μεταξῦ
1669 1133 1718 1170 ad

1060 1189 1316 1227 antecedentia
1341 1188 1460 1226 malim
1481 1190 1628 1236 referre,
1651 1189 1719 1226 hoc

1059 1247 1136 1283 sere
1164 1258 1294 1282 sensu:
1342 1245 1423 1282 dum
1454 1246 1519 1282 illa
1545 1245 1717 1295 (Pythia)

1059 1302 1317 1351 respondebat,
1365 1302 1545 1338 oraculum
1584 1302 1719 1349 edebat,

1060 1358 1215 1395 celeriter
1239 1358 1396 1394 discessit
1421 1358 1582 1398 Theium.
1636 1358 1717 1396 Nec

1059 1414 1163 1452 aliter
1183 1414 1503 1463 W'yttenbachium
1527 1428 1548 1452 a
1571 1414 1635 1452 Cr.
1666 1415 1718 1451 ci-

1060 1475 1199 1514 tatum,
1237 1470 1510 1509 Animadverss.
1545 1473 1593 1509 ad
1622 1471 1717 1508 Plut.

1059 1527 1157 1565 Mor.
1170 1526 1203 1562 11
1221 1539 1257 1576 p.
1272 1528 1376 1567 1057
1394 1527 1483 1565 haec
1499 1527 1719 1565 intellexisse

1060 1583 1188 1629 video,
1228 1594 1271 1619 ex
1303 1584 1605 1621 antecedentibus
1633 1583 1720 1619 sub-

1060 1639 1271 1677 audientem
1325 1640 1528 1686 θεσπίζων
1586 1643 1720 1677 interea

1063 1695 1145 1733 (lum
1182 1695 1267 1731 haec
1311 1698 1568 1734 vaticinaretur
1614 1696 1721 1733 relin-

1063 1767 1168 1803 quens
1200 1765 1275 1788 eum
1311 1753 1412 1790 abiit.
1453 1775 1506 1782 —-
1555 1752 1614 1790 De
1653 1765 1721 1790 usu

1061 1809 1343 1860 praepositionis
1380 1808 1420 1856 ἐς
1465 1807 1539 1860 τήν
1580 1804 1721 1860 Θήρην

1062 1867 1158 1903 conf.
1177 1864 1311 1901 Matth.
1334 1865 1397 1904 Gr.
1421 1866 1488 1903 Gr.
1509 1880 1545 1916 p.
1566 1868 1687 1907 1143.

1259 1922 1529 1972 Cap.CLVL

1120 1975 1356 2029 συνεφέρετο
1374 1976 1633 2030 παλιγκότως]
1652 1979 1674 2016 i.
1688 1991 1721 2016 e.

1063 2035 1175 2072 (lenito
1194 2034 1283 2071 male
1306 2037 1428 2081 cessit,
1466 2036 1577 2073 denuo
1599 2039 1637 2072 in
1659 2049 1720 2072 ca-

1061 2093 1240 2129 lamitates
1257 2092 1477 2135 oeciderunt,-
1517 2092 1576 2129 nbi
1598 2092 1719 2143 respi-

1061 2149 1153 2185 citur
1171 2149 1219 2185 ad
1241 2160 1304 2195 ea,
1335 2161 1430 2197 quae
1451 2150 1512 2194 IV,
1535 2149 1608 2189 151
1634 2151 1719 2185 sunt

1062 2206 1172 2242 dicta.
1212 2204 1357 2242 Etenim
1386 2205 1481 2242 haud
1510 2205 1718 2253 infrequens

1063 2259 1340 2312 συμφέρεσθαι
1373 2260 1617 2310 impersonale
1635 2273 1717 2298 ver-

1062 2318 1149 2355 bum
1180 2317 1377 2364 (accidere,
1418 2315 1599 2366 evenire),
1642 2329 1721 2354 cre-

1062 2375 1160 2411 brius
1195 2374 1323 2410 addito
1351 2373 1556 2409 accusativo
1582 2378 1618 2410 et
1638 2373 1721 2409 infi-

1063 2430 1174 2466 nitivo
1198 2429 1270 2476 rei,
1307 2440 1401 2477 quae
1427 2429 1601 2466 accidisse
1636 2442 1721 2466 nar-

1064 2490 1164 2522 ratur
1187 2487 1238 2532 (v.
1257 2498 1285 2521 c.
1308 2484 1346 2530 l,
1375 2487 1411 2525 9.
1443 2485 1497 2530 ll,
1524 2488 1625 2531 111,
1656 2490 1720 2522 aut

1062 2540 1141 2578 aliis
1169 2540 1278 2586 locis,
1332 2541 1391 2577 ubi
1420 2542 1550 2578 eodem
1580 2543 1720 2590 signifi-

1064 2602 1145 2633 catu
1186 2597 1339 2634 activum
1378 2596 1594 2648 συμφέρειν
1625 2611 1658 2633 v.
1688 2611 1718 2634 c.

1063 2653 1126 2699 ΙΙΙ,
1155 2655 1246 2694 129.
1280 2653 1340 2699 Π,
1359 2655 1425 2694 23.
1461 2656 1550 2694 117.
1579 2654 1661 2700 Vll,
1680 2652 1719 2692 4.

1065 2711 1130 2750 10.
1154 2713 1230 2749 117
1255 2711 1367 2758 etc),
1386 2710 1442 2747 vel
1462 2711 1631 2747 adiuncto
1653 2711 1721 2748 ad-

1062 2766 1186 2802 verbio
1228 2767 1303 2803 sive
1344 2767 1541 2811 adiectivo,
1588 2771 1628 2803 ut
1658 2765 1720 2812 lv,

1067 2823 1157 2862 157.
1188 2821 1293 2868 vui,
1317 2824 1369 2864 86
1390 2822 1469 2860 c011.
1491 2823 1578 2870 vu,
1601 2824 1637 2863 8.
1674 2823 1720 2869 v,
