1946 3272
32 688 131 743 {33

591 206 938 252 THALIA.

998 205 1062 246 111.
1408 211 1466 250 63

165 330 401 376 ὁκαλλίων.
459 322 534 368 καὶ
561 321 641 365 τόν
671 318 832 377 φάναι,
872 320 1063 363 δασεῖαν.
1123 313 1205 372 τήν
1234 312 1278 358 δ’
1311 314 1469 358 εἰπεῖν·

193 436 217 455 ,‚
232 399 403 453 Ταύτην
443 394 522 449 μέν
561 393 631 436 τοί
669 407 770 436 κοτε
808 388 864 433 σύ
902 388 981 445 τὴν
1018 388 1214 441 θρίδακα
1244 385 1473 441 ἐμιμήσαο,

165 472 271 516 6τόν
291 466 446 521 Κύρου
476 462 602 507 οἶκον
629 461 956 512 ἀποψιλώσας.“
1009 458 1097 502 Τόν
1120 458 1178 510 δὲ,
1207 456 1474 513 θυμωθέντα

192 541 432 597 ἐμπηδῆσαι
462 533 597 591 αὐτῇ,
629 533 789 591 ἐχούσῃ
821 533 868 577 ἐν
897 532 1072 588 γαστρί·
1114 531 1190 574 καί
1215 545 1291 585 μιν
1318 527 1502 584 ξηραί-5

191 624 329 656 σασαν
359 607 618 651 α’ποθανεῖν.

304 682 450 722 Ταῦτα
478 676 557 733 μὲν
581 676 624 727 ἐς
653 674 760 725 τούς
790 674 987 730 οἰκηΐους
1009 670 1033 716 ὁ
1058 671 1300 728 Καμβύσης
1324 669 1473 727 ἐξεμά-

188 769 242 808 νη
257 786 267 803 ,
300 752 381 794 εἴτε
403 748 456 805 δὴ
476 747 547 792 διὰ
569 747 647 791 τὸν
666 745 821 797 Ἆπιν,
855 747 937 789 εἴτε
958 743 1031 787 καὶ
1052 741 1210 794 ἄλλως,
1244 741 1317 787 οἶα
1333 743 1473 787 πολλοὶ

160 832 181 864 2
195 821 327 867 ἐώθεε
351 819 620 874 ἀνθρώπους
639 818 751 861 κακοὶ
772 814 1137 872 καταλαμβάνειν.
1171 815 1244 857 καὶ
1265 815 1350 871 γάρ
1374 832 1474 858 τινα

188 894 263 939 καὶ
292 893 338 936 ἐκ
367 895 517 948 γενεῆς
547 893 714 933 νοῦσον
743 889 934 947 μεγάλην
963 888 1128 943 λέγεται
1161 887 1272 942 ἔχειν
1303 885 1326 929 ὁ
1360 889 1476 942 Καμ-
1489 894 1532 927 10

189 964 350 1050 βύσης,
392 979 473 1019 την
510 961 610 1035 ἱρην
653 960 952 1017 οὐνομάζουσί
995 975 1122 1010 τινες.

1183 975 1236 1001 OD
1279 975 1366 1001 νυν
1405 974 1474 1001 τοι

189 1035 329 1087 άεικὲς
360 1033 492 1078 οὐδὲν
520 1030 597 1090 ἦν,
628 1038 709 1077 τοῦ
741 1032 943 1089 σώματος
973 1035 1142 1075 νοῦσον
1172 1029 1364 1086 μεγάλην
1392 1047 1475 1074 νο-

31 1091 131 1172 134
190 1108 388 1159 σὲοντος,
429 1105 535 1161 μηδὲ
574 1104 651 1155 τὰς
694 1104 858 1159 φρένας
896 1103 1123 1159 ὑγιαίνειν.

192 1177 296 1229 τούς
340 1176 503 1228 ἄλλους
541 1176 718 1232 Πέρσας
759 1174 952 1232 ἐξεμάνη.
1011 1176 1178 1231 λέγεται
1215 1173 1300 1231 γὰρ
1341 1174 1478 1216 εἰπεῖν

136 1343 185 1381 ad
205 1341 253 1391 11,
273 1343 340 1382 73.
353 1362 410 1368 —-
428 1340 543 1378 Paulo
563 1344 650 1391 post
669 1341 706 1379 in
721 1353 804 1378 ver-

138 1401 212 1437 bis:
248 1393 400 1448 ταύτην
426 1396 565 1449 μέντοί
584 1412 673 1436 κοτε
697 1394 746 1437 ου’
767 1412 802 1436 κ.

137 1471 169 1495 τ.
181 1459 214 1494 λ.
230 1455 444 1507 particulam
464 1469 553 1494 κοτε
571 1455 677 1492 reddi
694 1468 805 1506 posse

135 1525 246 1564 nuper
276 1516 382 1549 notat
410 1511 619 1560 Schweigh.
651 1512 698 1548 ad
728 1512 806 1548 Eu-

136 1570 243 1607 stath.
257 1570 306 1606 ad
326 1569 424 1606 Iliad.
444 1570 474 1615 I,
492 1571 570 1609 108
587 1581 803 1619 provocans.

137 1627 179 1663 In
201 1639 305 1675 seqq.
328 1624 426 1676 ἔχειν
456 1624 498 1664 ἐν
525 1624 662 1677 γαστρὶ
689 1625 804 1662 valet:

138 1683 331 1733 gravidam
351 1695 442 1726 esse5
472 1682 582 1732 plane
603 1688 645 1719 ut
670 1683 730 1729 lv,
752 1684 805 1722 30

140 1746 177 1778 et
202 1740 299 1790 apud
325 1739 484 1776 Pausan.
513 1739 545 1786 I,
575 1742 617 1785 6,
642 1741 667 1778 2
686 1744 724 1777 et
744 1738 807 1786 IV,

140 1799 180 1844 9,
202 1796 239 1836 5.
271 1795 432 1845 Simplex
456 1794 557 1846 ἔχειν
584 1796 660 1834 sive
683 1795 807 1846 ἴσχειν

139 1853 239 1904 apud
249 1853 480 1889 Herodotum
493 1853 672 1889 invenitur
686 1853 728 1901 V,
740 1851 805 1891 41.

311 1909 424 1959 Cap.
463 1909 636 1945 XXXIII.

198 1960 265 2005 οἷα
285 1987 331 1993 -
358 1959 806 2017 καταλαμβάνειν]

143 2017 465 2073 καταλαμβάνειν
494 2023 541 2060 de
571 2023 717 2060 casibus
739 2022 811 2060 dici

144 2080 220 2117 sive
240 2079 359 2126 malis,
389 2092 484 2129 quae
508 2092 574 2116 nos
594 2080 716 2117 subito
731 2092 812 2116 cor-

142 2137 280 2187 ripiant
308 2141 345 2174 et
365 2137 597 2187 opprImant,
638 2149 734 2186 quae
757 2137 813 2174 in-

143 2194 294 2244 opinata
316 2194 508 2243 repentino
527 2194 668 2244 impetu
682 2206 813 2243 super-

143 2250 307 2298 veniant,
337 2251 477 2287 monuit
496 2250 749 2288 Hemsterhus.
764 2251 811 2288 ad

141 2306 295 2344 Lucian.
315 2307 443 2344 Somn.
472 2304 507 2357 ἓ
535 2309 586 2347 12
607 2307 716 2345 Tom.
741 2307 810 2358 lp.

147 2365 240 2410 192,
264 2376 339 2413 quo
365 2364 421 2400 usi
450 2368 535 2401 sunt
554 2363 732 2402 Valcken.
763 2365 812 2401 ad

144 2420 284 2458 Herod.
313 2420 383 2468 IV,
422 2422 468 2460 11
504 2425 541 2458 et
572 2421 731 2458 Goeller.
763 2422 812 2458 ad

145 2477 349 2526 Thucydid.
372 2449 444 2525 9IV,
476 2479 553 2523 313
600 2478 661 2515 ubi
692 2477 811 2529 plura.

147 2532 208 2570 Tu
227 2534 298 2570 vid.
319 2547 430 2584 supra
449 2533 495 2580 II,
518 2536 571 2574 66
601 2535 690 2584 ibiq.
720 2538 813 2572 nott.

203 2604 270 2628 και
300 2585 374 2641 γάρ
404 2605 493 2629 τινα
514 2589 582 2630 καὶ
609 2590 651 2630 ἐκ
673 2593 814 2642 γενεῆς

149 2659 185 2682 κ.
213 2660 242 2683 τ.
271 2645 326 2697 λ]
395 2646 560 2685 Alterum
604 2646 694 2687 καὶ
732 2661 813 2686 cum

150 2701 352 2752 Schweigh.
389 2708 427 2742 et
454 2704 573 2742 Gaisf.
612 2705 739 2772 recepi
774 2708 813 2743 et

151 2769 234 2794 mox
254 2772 333 2796 cum
350 2761 477 2799 iisdem
493 2761 660 2812 rescripsi
679 2778 699 2801 ο
712 2756 739 2800 v’
750 2776 812 2801 νο-

152 2808 318 2864 μάζουσι
339 2829 405 2866 pro
426 2812 449 2856 0’
461 2814 699 2869 νομάζουσι.
721 2818 810 2856 Vul—

151 2876 277 2919 gatam
305 2873 455 2911 retinuit
472 2874 607 2914 Matth.
647 2875 707 2913 Ad
733 2889 811 2914 rem

861 1340 1001 1378 dudum
1033 1352 1078 1377 ex
1108 1338 1298 1388 Hesychio
1335 1340 1531 1375 monuerat

861 1397 1030 1435 Larcher.
1045 1425 1056 1443 ,
1097 1397 1145 1433 de
1170 1395 1364 1446 Epilepsz‘a
1388 1396 1447 1432 hic
1468 1408 1531 1432 co-

862 1455 1053 1503 gitandum
1075 1466 1180 1496 esse,
1223 1466 1332 1502 quem
1365 1453 1535 1490 morbum

862 1511 1017 1548 lustinus
1041 1510 1145 1557 XIII,
1166 1513 1193 1550 2
1227 1514 1337 1547 vocat
1355 1509 1535 1546 valetudi-

862 1581 939 1604 nem
962 1569 1136 1604 maiorem.
1185 1566 1293 1603 Plura
1323 1580 1420 1604 nunc
1449 1579 1537 1616 sup-

861 1625 1044 1676 peditabit
1076 1625 1137 1661 Fr.
1169 1623 1289 1661 Dietz.
1321 1625 1369 1661 ad
1389 1624 1537 1673 Hippo-

863 1683 972 1718 cratis
1003 1680 1085 1732 (qui
1111 1682 1190 1731 ipse
1211 1685 1343 1718 contri
1371 1680 1537 1731 appella-

862 1739 999 1776 tionem
1028 1740 1128 1775 sacri
1151 1739 1284 1784 morbi,
1330 1751 1439 1788 quam
1466 1737 1534 1773 ho-

864 1795 1002 1832 minum
1052 1795 1294 1832 introduxerit
1340 1794 1536 1844 imperitia,

865 1852 1051 1901 disputat)
1080 1851 1210 1888 librum
1239 1849 1330 1902 περὶ
1351 1853 1423 1901 τῆς
1443 1850 1534 1901 ἱρῆς

863 1905 1016 1948 νούσου
1028 1907 1152 1959 (Lips.
1174 1909 1304 1957 1827)
1323 1922 1359 1959 p.
1372 1910 1425 1948 93
1437 1920 1534 1957 sqq„

868 1966 929 2003 ubi
950 1966 1116 2015 quaerit,
1147 1966 1210 2015 qui
1232 1966 1370 2002 sactum
1391 1966 1462 2011 sit,
1497 1968 1536 2001 ut

867 2023 940 2060 iste
955 2023 1119 2068 morbus,
1149 2023 1206 2059 cui
1224 2021 1314 2059 aIIas
1333 2022 1432 2073 apud
1444 2021 1539 2071 Hip-

868 2084 1055 2130 pocratem
1076 2078 1287 2129 Epz'lepsz'ae
1307 2092 1454 2124 nomen,
1479 2091 1538 2114 sa-

872 2139 926 2174 cri
952 2137 1063 2173 mor‘bz'
1090 2136 1336 2186 appellatione
1366 2136 1539 2184 designe-

870 2198 930 2231 tur
965 2198 1028 2230 aut
1059 2194 1170 2231 etiam
1207 2188 1356 2245 μεγάλη
1390 2194 1539 2238 νοῦσος

870 2251 1040 2300 adeoque
1053 2248 1252 2301 ήρακληΐη
1266 2250 1419 2288 dicatur.
1436 2250 1540 2293 Quas

871 2320 997 2344 omnes
1038 2307 1304 2358 appellationes
1346 2307 1395 2344 ad
1431 2306 1543 2344 vehe-

870 2365 1044 2402 mentiam
1074 2364 1192 2401 morbi
1215 2369 1328 2414 atque
1358 2363 1542 2413 magnim-

871 2422 1007 2468 dinem,
1042 2434 1137 2470 quae
1158 2421 1213 2458 vel
1232 2421 1348 2458 malor
1373 2433 1480 2471 quam
1502 2432 1542 2457 re

869 2491 956 2516 vera
979 2482 1058 2526 est,
1099 2478 1284 2515 veteribus
1314 2480 1391 2515 visa
1421 2477 1543 2523 fuerit,

871 2539 1061 2586 spectare,
1105 2536 1177 2571 iam
1209 2535 1342 2572 Graeci
1370 2535 1543 2571 observa-

871 2597 956 2629 runt
979 2591 1164 2638 nonnulli,
1194 2605 1350 2641 quorum
1370 2591 1538 2629 testimo-

871 2649 932 2686 nia
967 2648 1088 2686 attulit
1118 2648 1242 2686 Dietz.
1271 2647 1293 2684 l.
1323 2648 1345 2685 I.
1377 2660 1462 2698 pag.
1486 2648 1541 2687 98

870 2718 975 2756 seqq.
1019 2706 1204 2743 Observat
1225 2704 1336 2742 Italus
1360 2703 1541 2742 Herodoti

869 2763 1074 2812 interpres,
1113 2762 1212 2813 apud
1235 2775 1319 2809 eOS,
1359 2762 1538 2810 quinum:

869 2818 1056 2856 Etruriam
1095 2819 1278 2866 incolunt,
1324 2816 1536 2869 epilepsiam

869 2876 1012 2914 vocari:
1051 2876 1125 2913 mal
1145 2875 1333 2912 benedetto.

1531 671 1696 705 Cambysae
1683 681 1808 713 sapue-

1530 714 1563 732 ro
1583 707 1705 741 epilept
1698 716 1771 736 iiiii

1189 1102 1303 1145 Tafis
1344 1099 1388 1144 δ’
1430 1101 1473 1152 ἐς
1531 1105 1698 1139 Prexaspes
1715 1104 1811 1131 inter-

1533 1144 1678 1174 rogatus,
1706 1146 1811 1165 verum

1536 1160 1678 1207 Οεηὼμῖ
1721 1172 1767 1199 dic
1771 1172 1809 1198 i:t

1536 1207 1699 1242 Cambyses
1731 1206 1812 1241 Cyro
