1879 3255
372 173 428 211 24

767 171 1236 209 HERODOTI

373 278 419 322 δὲ
437 278 598 335 ποινήν
619 280 810 331 τίσοντες
829 280 1144 335 Μυτιληναίων
1158 285 1270 323 τοῖσι
1290 280 1336 323 ἐν
1350 279 1508 335 Μέμφι
1532 277 1635 322 ἄπο-

371 349 594 405 λομένοισι
625 349 706 393 σὺν
735 355 788 408 τῇ
817 354 910 405 νηΐ·

969 354 1107 393 ταῦτα
1137 350 1220 406 γὰρ
1251 350 1457 394 ἐδίκασαν
1488 351 1532 392 οἱ
1561 352 1636 405 βα-

373 421 533 477 σιλήϊοι
562 422 782 474 δικασταὶ,
820 420 927 474 ὑπὲρ
960 419 1125 473 ἀνδρὸς
1155 419 1340 464 ἑκάστου
1372 420 1474 464 δέκα
1506 423 1636 476 Αἰγυ-

344 493 514 534 ΰπτίων
538 495 627 534 τῶν
654 492 837 545 πρώτων
862 490 1232 534 ἀνταπόλλυσθαι.
1278 489 1301 534 ὁ
1333 492 1401 540 δὲ,
1431 491 1539 534 ἰδών
1557 507 1635 534 πα-

374 561 615 615 ρεξιόντας,
667 564 740 606 καὶ
788 561 946 617 μαθων
987 560 1064 604 τὸν
1109 563 1244 604 παῖδα
1285 559 1523 616 ᾰγεόμενον
1567 562 1635 604 ἐπὶ

371 631 592 684 θάνατον,
632 637 720 676 τῶν
760 632 906 676 ἄλλων
937 633 1189 686 Αἰγυπτίων
1225 635 1313 674 τῶν
1350 632 1633 687 περικατημέ-
1649 636 1694 671 40

372 720 464 747 νων
494 702 628 747 αὐτόν
657 702 900 747 κλαιόντων
929 703 1001 747 καὶ
1032 704 1152 746 δεινὰ
1182 701 1449 753 ποιεύντων,
1495 701 1636 746 τωύτὸ

374 875 440 915 καὶ
454 872 603 926 μαθων
618 870 687 912 τόν
700 873 824 912 παῖδα
845 868 900 923 dy
912 867 978 912 εό-

319 947 406 983 μεν
422 947 477 970 ον
505 931 567 970 ἐπὶ
595 925 802 979 θανατου]
832 929 977 966 Plurimi

318 990 397 1026 libri
425 988 479 1038 (in
507 988 637 1037 quibus
659 986 860 1033 Mediceus,
891 985 979 1022 Flo-

318 1046 503 1090 reatinus,
541 1044 722 1080 Sancrosti
754 1042 868 1089 liber,
898 1042 976 1092 alii)

319 1115 398 1138 cum
434 1101 651 1150 Wesseling.
685 1100 847 1137 editione
879 1099 979 1136 exhi-

317 1159 409 1195 bent
426 1153 656 1209 ήγεὸμενον,
678 1156 777 1205 quod
799 1155 979 1194 Matthiae

318 1218 456 1260 tuetur,
469 1218 544 1251 tum
566 1215 602 1250 in
623 1217 712 1250 nota
732 1213 780 1249 ad
797 1213 832 1250 h.
852 1213 890 1259 l.,
916 1212 979 1248 ubi

319 1272 599 1321 interpretatur:
629 1271 721 1319 „qui
731 1272 859 1306 ceteros
872 1281 978 1318 prae-

318 1327 491 1377 grediens,
520 1330 602 1364 ante
622 1331 748 1363 ceteros
769 1325 818 1363 ad
839 1328 979 1363 mortem

319 1384 560 1431 ducebatur“,
589 1396 668 1420 cum
691 1380 881 1436 ἡγεῖσθαί
901 1396 980 1421 τινι

318 1440 572 1492 pervulgatum
601 1440 659 1486 sit,
689 1452 723 1476 v,
751 1453 780 1476 c.
800 1439 882 1485 VH,
903 1441 980 1484 403

319 1501 397 1534 tum
422 1498 459 1534 in
485 1497 552 1535 Gr.
576 1497 642 1533 Gr.
672 1509 759 1546 pag.
781 1494 885 1544 430,
916 1495 980 1532 ubi

321 1554 494 1604 exponit:
532 1552 590 1589 der
624 1554 860 1601 υοηιηςιέης,
889 1551 981 1589 alte-

319 1623 397 1647 ram
418 1609 609 1647 lectionem
641 1604 757 1660 οἷγεό
771 1624 796 1659 μ
811 1623 860 1647 εν
874 1623 894 1647 ο
909 1622 932 1646 ν
958 1621 979 1645 e

321 1667 503 1703 scribendi
535 1679 658 1704 errore
691 1666 839 1702 fluxisse
869 1669 979 1701 ratus.

320 1722 372 1759 Et
395 1723 483 1759 facit
516 1716 585 1759 huc
615 1721 885 1770 quodammodo
914 1721 979 1767 111,

324 1779 374 1820 15
389 1779 550 1826 init.‚ubi
568 1778 741 1827 legimus:
763 1773 861 1815 ἄλλα
875 1779 982 1827 πρῶ-

320 1849 390 1874 τον
419 1833 702 1873 κατακοπέντα.
762 1833 810 1870 At
840 1846 906 1870 nos
938 1846 982 1870 ex

320 1890 468 1938 Aldina,
497 1892 590 1928 binis
610 1891 707 1927 libris
729 1890 983 1927 addicentibus

322 1960 402 1984 cum
436 1946 643 1995 Schweigh.
680 1951 716 1984 et
753 1946 870 1986 Gaiss.
916 1946 984 1982 hoc

322 2003 441 2067 ipsum
462 2004 629 2040 dedimus
647 1997 875 2068 ἄγεόμενον,
888 2014 983 2051 quae

323 2060 442 2096 ionica
463 2064 519 2098 est
548 2060 664 2096 forma
687 2072 753 2108 pro
775 2053 983 2109 οἷγόμενον.

323 2116 434 2153 Conf.
458 2116 646 2155 Schaeser.
665 2116 712 2151 ad
728 2115 884 2163 Gregor.
908 2116 983 2151 Co-

322 2172 430 2210 rinth.
463 2186 500 2223 p.
526 2173 623 2218 233,
654 2170 837 2208 Aristotel.
857 2170 982 2208 Rhett.

324 2228 381 2276 11,
410 2229 447 2269 8.
506 2228 607 2265 Idem
645 2228 722 2265 sine
753 2228 984 2264 cunctatione

323 2284 434 2334 recipi
458 2283 534 2320 vult
556 2284 768 2320 Buttmann.
799 2284 886 2332 (Gr.
916 2284 981 2322 Gr.

324 2340 405 2378 mai.
430 2340 463 2376 11
497 2353 582 2390 pag.
615 2342 666 2380 31
691 2345 766 2376 not.
786 2337 885 2390 ***)‚
915 2340 984 2376 nisi

323 2396 440 2434 multo
473 2396 720 2442 verisimilius,
759 2395 827 2432 hoc
865 2396 982 2445 ipsum

325 2448 537 2519 ἇγεόμενον
571 2457 781 2502 corruptum
822 2465 859 2489 es
862 2465 901 2489 se
941 2464 984 2488 ex

326 2504 673 2571 αγινεόμενον.
705 2507 984 2557 Probavitquo-

325 2578 398 2615 que
411 2565 628 2602 VVerferus'
622 2578 656 2600 iu
676 2563 771 2603 Actt.
789 2564 889 2613 phili.
902 2563 984 2600 Mo-

326 2634 423 2659 nacc.
452 2622 530 2671 lp.
553 2623 632 2662 269
655 2633 734 2669 seq.
756 2619 836 2657 coll.
859 2620 984 2670 lpag.

325 2681 404 2725 76,
434 2678 529 2714 idem
550 2689 633 2714 mox
653 2677 758 2713 scribi
774 2676 901 2713 iubens
921 2676 985 2715 ἐπὶ

326 2729 493 2786 θανατῳ
515 2731 632 2783 (pro'
616 2731 681 2771 επὶ
704 2728 916 2782 niumm),
949 2737 986 2770 et

326 2790 433 2842 paulo
453 2791 563 2827 infra:
596 2787 659 2828 ἐπὶ
679 2784 884 2827 θανάτω
905 2789 985 2840 (pro

1034 870 1098 911 ἐπὶ
1125 867 1325 923 θάνατον)
1360 872 1580 923 στείχοντα,
1613 884 1694 909 cum

1032 928 1202 966 solemnis
1229 929 1305 965 fere
1333 928 1422 966 haec
1450 929 1498 966 sit
1527 929 1693 966 formula.

1035 985 1145 1022 Conf.
1165 985 1308 1034 Spohn.
1330 984 1377 1020 ad
1402 986 1551 1022 Isocrat.
1575 985 1695 1022 Pane-

1035 1042 1150 1091 gyric.
1175 1039 1212 1091 ἓ.
1234 1042 1314 1082 154
1340 1040 1437 1091 (cap.
1460 1042 1543 1089 41).
1586 1041 1697 1078 WVes-

1034 1098 1207 1146 selingius
1246 1098 1469 1135 coniecerat:
1518 1094 1592 1148 τήν
1631 1095 1697 1136 ἐπὶ

1035 1151 1201 1207 θανάτῳ
1224 1153 1332 1203 plane
1358 1159 1398 1191 ut
1415 1155 1572 1191 Pausan.
1593 1155 1624 1199 Ι,
1641 1156 1696 1194 20

1037 1209 1073 1262 ἓ.
1093 1213 1119 1252 4
1153 1211 1265 1256 dixit·,
1293 1210 1341 1248 ad
1359 1223 1467 1260 quem
1489 1210 1606 1248 locum
1618 1211 1697 1248 He-

1034 1267 1179 1304 rodotei
1208 1266 1276 1304 loci
1307 1280 1382 1304 non
1409 1268 1598 1305 immemor
1630 1267 1698 1304 suit

1036 1324 1268 1361 doctissimus
1290 1324 1481 1374 interpres.
1520 1323 1580 1361 Tu
1601 1323 1695 1360 conf.

1037 1393 1148 1431 supra
1175 1380 1202 1427 1,
1227 1381 1305 1421 109
1327 1380 1414 1429 ibiq.
1435 1384 1528 1419 nott.
1581 1380 1699 1429 Equi-

1035 1438 1118 1475 dem
1140 1436 1236 1474 libris
1250 1436 1370 1473 invitis
1387 1436 1438 1473 nil
1457 1441 1598 1474 mutare
1617 1449 1698 1473 sum

1035 1506 1168 1541 ausus,
1198 1507 1277 1531 cum
1306 1495 1533 1530 accusativus
1563 1493 1631 1530 hac
1660 1493 1697 1530 in

1033 1550 1188 1587 formula
1218 1563 1438 1599 quamquam
1480 1550 1598 1587 minus
1627 1550 1699 1587 fre-

1035 1619 1175 1655 quens,
1226 1607 1371 1644 minime
1426 1606 1503 1643 tolli
1552 1606 1697 1644 debeat.

1035 1662 1183 1699 Monuit
1194 1662 1383 1699 Sintenis
1374 1675 1410 1699 m
1425 1662 1699 1712 Schulzeitung.

1042 1720 1161 1764 1831,
1183 1718 1214 1755 ll
1234 1731 1319 1770 pag.
1342 1719 1438 1766 587,
1457 1719 1517 1756 ubi
1539 1719 1611 1755 vid.

1095 1769 1220 1814 τωυτό
1243 1775 1404 1824 ἐποίησε
1424 1790 1465 1814 το
1485 1774 1551 1813 καὶ
1572 1773 1635 1814 ἐπι
1651 1776 1699 1829 τῇ

1038 1835 1120 1882 &vy
1125 1832 1261 1883 ατρί]ἱ.
1275 1846 1306 1871 e.
1325 1832 1532 1882 i‘demsectt,
1553 1831 1644 1882 quod
1663 1834 1701 1868 in

1029 1888 1128 1938 filia.
1157 1888 1225 1927 καὶ
1245 1889 1367 1939 plures
1386 1889 1494 1926 codd.
1515 1889 1701 1925 omittunt.

1039 1944 1173 1994 Neque
1203 1950 1325 1983 tamen
1355 1946 1444 1983 eieci
1474 1944 1702 1995 particulam,

1041 2014 1149 2050 quam
1174 2002 1210 2037 in
1235 2001 1439 2039 huiusmodi
1459 2001 1701 2038 locutionibus

1039 2057 1179 2095 Noster
1197 2058 1346 2095 reiativo
1365 2059 1569 2108 pronom'ni
1586 2058 1703 2096 adde-

1039 2127 1079 2151 re
1102 2114 1204 2151 solet.
1234 2115 1344 2152 Plura
1367 2115 1501 2153 Struve
1520 2115 1542 2151 l.
1561 2114 1583 2153 l.
1613 2127 1701 2165 pag.

1040 2170 1107 2211 24.
1139 2170 1198 2207 Ad
1219 2172 1329 2208 verba
1354 2170 1435 2210 ἐπὶ
1457 2173 1507 2223 τῇ
1531 2169 1703 2221 θυγατρί

1041 2228 1137 2263 conf.
1164 2228 1289 2274 Viger.
1310 2241 1397 2277 pag.
1425 2227 1518 2268 624.
1551 2227 1591 2264 ln
1614 2240 1703 2277 pro-

1040 2284 1134 2319 xime
1171 2285 1368 2322 antecedd.
1412 2279 1558 2322 ὃεινοῖ
1597 2297 1702 2321 ποι-

1043 2335 1233 2377 εύντων
1263 2341 1414 2377 adverte
1433 2340 1580 2377 verbum
1610 2339 1702 2376 acti-

1041 2408 1146 2442 vum,
1183 2396 1283 2432 cuius
1316 2395 1394 2432 loco
1426 2396 1585 2432 crebrius
1612 2408 1702 2432 sane

1039 2452 1226 2488 invenitur
1257 2452 1415 2489 medium
1447 2452 1597 2489 verbum
1636 2452 1703 2489 hac

1043 2509 1078 2544 in
1097 2508 1249 2544 formula
1263 2537 1273 2554 ‚
1302 2521 1397 2557 quae
1419 2508 1528 2544 miros
1550 2509 1599 2544 ad
1621 2521 1701 2544 mo-

1041 2569 1098 2600 tus
1123 2564 1370 2613 affectusque,
1403 2577 1495 2613 quos
1527 2565 1606 2613 quis
1637 2564 1702 2600 ali-

1043 2633 1152 2669 quam
1186 2633 1261 2657 rem
1303 2633 1413 2669 aegre
1451 2621 1571 2658 ferens
1612 2620 1701 2667 edit,

1044 2677 1302 2725 significandos
1330 2677 1533 2714 adhibetur.
1594 2677 1701 2714 Cons.

1043 2733 1108 2780 ΠΙ,
1133 2734 1223 2773 155.
1244 2733 1305 2779 IV,
1325 2735 1389 2773 33.
1413 2733 1523 2780 vn,1
1547 2738 1585 2770 et
1606 2746 1703 2783 quae

1044 2789 1113 2827 alia
1150 2788 1269 2826 attulit
1306 2789 1425 2826 lacob.
1464 2790 1511 2826 ad
1550 2789 1701 2827 Lucian.
