1863 3256
402 246 485 284 616
790 239 1252 281 HERODOTI

402 351 483 407 τήν
526 350 687 405 ἐσθῆτα
732 348 986 398 θυσανωτὰς
1033 349 1079 390 αἱ
1116 349 1352 403 Λίβυσσαι,
1401 346 1650 402 κεχριμένας

403 419 694 477 ἐρευθεδάνῳ·
753 420 800 462 ἐκ
829 418 874 461 δὲ
902 422 990 460 τῶν
1019 417 1173 472 αἰγέων
1201 415 1391 460 τουτέων
1416 418 1580 471 αἰγίδας
1609 417 1651 459 οἱ

378 491 605 547 4Ἕλληνες
641 488 960 545 μετωνόμασαν.
1027 487 1181 530 Δοκέει
1221 485 1266 531 δ’
1301 487 1396 542 ἐμοί
1432 503 1480 542 γε
1515 487 1586 530 καὶ
1624 483 1710 541 ἡ7ο

409 560 594 615 ὀλολυγή
625 560 671 602 ἐν
699 560 833 612 ἱροῖσι
863 557 1053 601 ἐνθαῦτα
1071 561 1246 610 πρῶτον
1264 556 1490 613 γενέσθαι·
1518 556 1655 610 κάρτα

408 631 490 687 γὰρ
532 627 664 684 ταύτῃ
710 626 917 683 χρέωνται
966 630 1012 671 αἱ
1049 630 1288 683 Λίβυσσαι,
1340 628 1414 672 καὶ
1448 626 1657 682 χρέωνται

407 705 558 750 καλῶς.
624 698 711 740 Καὶ
757 697 958 753 τέσσερας
1004 701 1163 750 ἵππους
1207 698 1491 754 συζευγνύναι
1535 696 1654 750 παραὶ

406 770 584 825 Λιβύων
614 785 656 811 οι
673 768 874 824 Έλληνες
902 769 1184 826 μεμαθήκασι.
1225 769 1447 813 Θάπτουσι
1477 769 1521 811 δὲ
1552 768 1709 819 τούς75

83 841 246 913 '‘Pthg
227 850 275 901 3-3
286 852 322 901 ‘¹¹¹¹
405 838 767 895 ἀποθνήσκοντας
814 840 857 881 οἱ
901 839 1087 893 νομάδες
1130 839 1318 894 κατάπερ
1364 856 1406 883 οι
1437 838 1653 894 ‘'EM-qves,

116 908 337 970 gfim‘ssffnelss'
341 916 354 935 ⁸
407 909 522 966 πλὴν
550 908 851 966 Νασαμώνων.
900 905 1023 954 οὗτοι
1052 911 1097 955 δὲ
1125 910 1390 967 κατημένους
1417 909 1654 954 θάπτουσι·

117 982 214 1002 muco.

251 779 350 823 190

354 1096 530 1138 θὲδανον
547 1098 670 1135 dicunt
686 1110 766 1136 esse
782 1098 919 1135 rubiam
935 1100 1006 1135 tin-

356 1157 522 1201 ctorz‘am,
571 1167 599 1191 s.
646 1155 782 1190 rubiam
819 1156 1007 1191 tinctorum

354 1211 477 1258 Linn.,
507 1211 553 1247 de
571 1223 642 1260 qua
654 1210 817 1247 Dioscor.
834 1211 899 1258 111,
914 1214 1004 1252 160.

354 1266 436 1305 Nos
472 1269 597 1314 vulgo:
645 1265 886 1303 Eirberraenhe.
953 1267 1008 1303 Ac

357 1335 445 1360 sane
484 1322 643 1359 affirmat
681 1322 789 1359 Pach.
828 1323 1009 1373 (Voyage

361 1383 429 1416 etc.
456 1391 540 1428 pag.
569 1378 622 1417 59
650 1378 746 1424 seq.)
776 1379 913 1414 rubiam
938 1380 1011 1415 fre-

360 1438 532 1482 quentem
556 1433 593 1469 in
617 1433 670 1469 his
692 1434 928 1471 Marmaricae
946 1447 1010 1471 ve-

306 1496 309 1499 ·
360 1490 448 1526 teris
473 1489 579 1526 terris
605 1489 774 1538 reperiri,
814 1490 908 1527 bene
935 1503 1012 1527 me-

359 1557 439 1581 mor
476 1544 679 1581 Herodotei
715 1543 795 1581 loci.
865 1545 1014 1593 Colligit

358 1613 444 1637 vero
465 1613 507 1636 ex
529 1600 597 1636 hoc
616 1600 794 1636 Herodoti
815 1600 894 1637 loco
912 1601 1013 1638 Reu-

358 1655 419 1692 nel
438 1668 474 1705 p.
494 1656 576 1695 683
597 1667 674 1703 seq.
695 1661 808 1692 artem
836 1656 1013 1693 tractandi

359 1712 456 1747 coria
484 1711 656 1746 maturius
690 1711 727 1747 in
749 1711 872 1749 Africa
901 1713 1014 1749 exsti-

359 1766 449 1803 tisse
488 1765 673 1816 pellesque
719 1766 826 1804 affert
861 1768 1013 1805 arietum

360 1822 567 1859 rubefactas
585 1822 825 1859 Israelitarum
839 1824 876 1859 in
892 1824 1016 1861 taber-

363 1877 494 1914 naculo
524 1889 583 1927 ap.
603 1877 722 1915 Exod.
744 1878 866 1923 XXV,
894 1879 939 1927 5,
971 1891 1015 1916 ex

363 1932 536 1982 Aegypto
564 1933 796 1982 probabiliter
823 1936 1014 1980 adductas,

360 1991 397 2026 in
426 2002 535 2037 quam
566 1993 688 2025 tamen
716 1990 831 2039 ipsam
857 2004 877 2028 e
899 1990 1016 2039 Libya

360 2044 489 2082 allatas
512 2045 638 2081 statuit
654 2045 805 2082 Rennel.
819 2075 829 2093 ,
867 2047 927 2083 ubi
948 2047 1015 2083 ho-

362 2101 495 2148 dieque
523 2100 585 2137 illa
614 2113 673 2137 ars
707 2102 884 2138 tractandi
918 2103 1016 2139 coria

361 2157 514 2194 maxime
542 2156 671 2192 dicitur
696 2158 826 2195 florere
861 2159 1013 2195 testibus

361 2212 574 2249 recentioris
605 2213 734 2249 aetatis
767 2215 1015 2262 peregrinato-

363 2268 471 2304 ribus.
517 2268 644 2316 Itaque
671 2268 708 2304 in
730 2268 919 2306 Graeciam
940 2283 1015 2306 non

363 2322 472 2358 aliter
499 2327 611 2371 atque
635 2324 672 2359 in
692 2322 900 2374 Aegyptum
929 2326 1016 2362 talia

364 2378 498 2414 adferri
517 2383 711 2427 potuerunt
732 2393 751 2416 e
771 2381 888 2429 Libya
909 2385 944 2418 et
968 2382 1016 2417 ad

364 2431 500 2469 cultum
546 2435 694 2470 deornm
736 2436 898 2474 adhiberi
936 2442 1018 2474 tan-

364 2499 472 2538 quam
493 2493 715 2526 ornuncnta.

419 2564 561 2604 Δοκέει
582 2562 614 2603 ὁ’
635 2565 721 2615 ἐμοί
740 2581 783 2618 γε
800 2567 867 2607 καὶ
884 2568 912 2619 η’
931 2565 1017 2608 ὀλο-

364 2618 465 2672 λυγη
501 2645 549 2650 -
580 2621 792 2673 γειὲσθαι]
863 2625 934 2660 Pro
975 2624 1020 2663 ἐν

368 2677 489 2727 ἱροῖσι
528 2678 600 2714 duo
645 2677 726 2714 libii
773 2677 837 2717 ἐπὶ
888 2680 1018 2727 ἵοοῖσι,

366 2731 536 2769 Eustath.
558 2734 606 2770 ad
629 2733 667 2770 ll.
684 2746 769 2783 pag.
790 2734 883 2782 643,
913 2737 965 2775 36
991 2749 1018 2772 s.

367 2788 449 2828 503
490 2787 555 2827 ἐπὶ
594 2791 670 2827 τῶν
709 2789 740 2827 ἵε
727 2792 837 2840 ρῶι.
903 2792 944 2827 M
937 2804 994 2827 oc
981 2804 1019 2827 vs

367 2839 581 2896 ὄλολυΙιὶν,
625 2841 839 2898 ὄλολυῃιὸν
872 2851 908 2884 et
938 2841 1019 2886 ὀλο-

1063 1095 1113 1138 λύ
1118 1099 1194 1146 ζειν
1212 1099 1360 1150 proprie
1379 1098 1603 1135 iubilantium
1622 1100 1660 1136 et
1676 1097 1714 1135 in

1064 1157 1172 1193 rebus
1194 1155 1296 1192 laetis
1317 1155 1589 1205 tripudiantium
1607 1155 1714 1191 femi-

1064 1225 1190 1249 narum
1211 1224 1290 1248 esse
1308 1212 1473 1248 observat
1493 1209 1713 1258 WVesseling.

1065 1268 1112 1305 ad
1141 1267 1292 1304 Diodor.
1321 1266 1430 1314 XVI,
1457 1268 1526 1311 11,
1560 1266 1621 1302 ubi
1644 1265 1715 1301 vid.

1064 1323 1179 1374 plura.
1230 1322 1325 1359 Add.
1354 1321 1557 1359 Blomfield.
1589 1322 1715 1358 Gloss.

1066 1380 1115 1415 ad
1150 1378 1315 1426 Aeschyl.
1355 1379 1394 1414 S.
1432 1392 1461 1414 c.
1504 1377 1577 1414 Th.
1621 1374 1715 1417 254.

1066 1434 1230 1472 Nitzsch.
1262 1435 1309 1470 ad
1329 1434 1462 1481 odyss,
1493 1433 1557 1479 lli,
1577 1430 1659 1474 450
1677 1445 1716 1482 p.

1068 1493 1163 1531 222.
1210 1488 1262 1526 Ac
1284 1490 1366 1526 dein
1389 1489 1508 1525 latiori
1527 1501 1634 1525 sensu
1649 1488 1718 1525 hae

1067 1558 1174 1582 voces
1195 1546 1242 1581 de
1264 1546 1360 1582 omni
1388 1545 1447 1581 illo
1473 1545 1627 1581 clamore
1653 1544 1719 1580 ad-

1068 1601 1237 1639 hibentur
1269 1601 1482 1638 inconcinno
1512 1613 1541 1637 s.
1567 1599 1720 1645 ululatu,

1068 1658 1130 1706 qni
1171 1655 1255 1693 festi
1294 1655 1500 1693 celebrandi
1541 1668 1648 1693 causa
1682 1656 1720 1691 in

1067 1712 1212 1763 templis
1235 1713 1295 1749 edi
1315 1711 1427 1748 soleat
1444 1712 1521 1749 sive
1539 1711 1652 1750 laetas
1672 1711 1720 1748 ob

1068 1781 1126 1806 res
1165 1769 1241 1805 sive
1279 1769 1414 1805 tristes.
1471 1768 1568 1805 Hinc
1593 1766 1722 1816 virgil.

1069 1824 1161 1862 Aen.
1187 1823 1262 1872 IV,
1299 1825 1377 1865 168
1404 1824 1554 1861 ululare.
1611 1823 1723 1860 Plura

1070 1880 1247 1928 Bottiger.
1266 1880 1589 1930 Kunstmythoiog.
1605 1893 1640 1930 p.
1652 1877 1722 1919 49.

1072 1938 1243 1973 Creuzer.
1261 1936 1422 1985 Symboi.
1453 1936 1484 1972 11
1513 1949 1599 1986 pag.
1626 1936 1723 1975 263.

1071 1990 1124 2028 Ac
1154 1992 1298 2028 videtur
1318 1992 1510 2029 Herodoto
1533 1992 1579 2028 ob
1600 1990 1723 2027 oculos

1071 2049 1183 2085 fuisse
1199 2048 1349 2085 Homeri
1370 2048 1473 2084 illud:
1504 2047 1548 2085 αἱ
1571 2042 1612 2086 δ’
1636 2042 1723 2086 ὅλο-

1071 2106 1172 2171 λυγῇ
1217 2106 1342 2142 πᾶσαι
1384 2098 1538 2156 Αθήνῃ
1593 2117 1724 2154 χειοας

1071 2155 1238 2209 α’νέσχοι
1271 2159 1412 2207 11.ΥΙ,
1442 2163 1543 2205 3023
1581 2159 1627 2196 de
1651 2171 1723 2207 quo

1070 2216 1115 2252 cs.
1129 2215 1297 2253 Creuzer.
1316 2214 1337 2252 l.
1355 2215 1379 2253 l
1398 2229 1436 2266 p.
1448 2216 1524 2256 641
1539 2219 1617 2253 not.
1629 2216 1721 2255 313.

1125 2292 1193 2331 καὶ
1213 2291 1395 2345 τέσσερας
1412 2292 1560 2339 ἵππους
1582 2294 1724 2338 συζευ-

1072 2345 1218 2401 γνύναι
1236 2365 1268 2387 κ.
1289 2365 1320 2388 τ.
1339 2348 1387 2398 k]
1428 2350 1533 2386 Conf.
1554 2348 1723 2385 Eustath.

1073 2407 1120 2443 ad
1145 2406 1297 2454 Dionys.
1327 2405 1467 2453 Perieg.
1496 2404 1574 2444 175
1607 2404 1655 2441 ad
1684 2403 1724 2441 ll.

1073 2475 1110 2512 p.
1132 2464 1226 2507 707,
1252 2465 1278 2501 2
1296 2473 1323 2496 s.
1346 2463 1439 2504 591,
1460 2461 1485 2499 3
1508 2464 1545 2497 et
1564 2472 1657 2508 quae
1676 2460 1726 2496 ad

1073 2517 1213 2553 Herod.
1235 2516 1296 2561 lv,
1322 2518 1397 2556 183
1422 2515 1616 2552 attulimus.
1640 2514 1728 2551 Val-

1075 2572 1179 2608 cken.
1226 2572 1358 2608 excitat
1391 2572 1558 2621 Sophoci.
1592 2571 1724 2608 Electr.

1076 2627 1171 2667 704.
1211 2627 1340 2675 steph.
1368 2627 1458 2675 Byz.
1487 2640 1515 2664 s.
1534 2639 1568 2663 v.
1588 2621 1726 2677 Βάρκη

1075 2694 1112 2731 p.
1132 2684 1234 2727 212,
1259 2682 1348 2727 aliu3
1379 2684 1509 2730 quibus
1531 2683 1615 2719 add.
1641 2682 1728 2719 Wl-

1076 2737 1171 2772 ελον.
1193 2737 1306 2787 lupet.
1325 2752 1359 2787 p.
1382 2741 1474 2780 220.
1507 2738 1572 2775 Cr.
1590 2738 1728 2775 confert

1076 2791 1250 2830 Matthiae
1267 2793 1491 2832 Aninuidvss.
1522 2795 1570 2832 ad
1591 2794 1725 2843 Hymn.

1076 2849 1225 2887 Homer.
1241 2862 1277 2900 p.
1301 2852 1391 2890 157.
