1863 3256
0 0 10 156 ss

1 426 8 648 ἒ

0 650 5 916 ἒ

0 918 5 1127 1

0 1276 3 1345 ι

0 1444 4 1547 Ι

6 699 93 744 “97

444 101 1004 144 MELPOMENE.
1064 103 1124 140 IV.

155 214 226 256 καὶ
255 216 335 257 τοῦ
365 215 605 269 καταγαίου
645 211 876 268 οἰκήματος
908 211 1006 254 οὔτε
1043 207 1248 262 ἀπιστέω,
1299 213 1397 254 οὔτε
1418 216 1478 254 11¹

1330 110 1409 148 461

157 279 220 327 ὦν
247 284 432 328 πιστεύω
456 300 496 327 τι
526 285 643 340 λίην·
703 282 838 327 δοκέω
871 283 915 326 δὲ
943 285 1141 325 πολλοῖσι
1171 281 1279 326 ἔτεσι
1307 281 1410 336 πρό-

156 371 282 409 τερον
324 355 401 398 τὸν
441 354 654 409 Ζάλμοξιν
693 358 851 398 τοῦτον
891 354 1093 409 γενέσθαι
1125 351 1410 408 Πυθαγόρεω.

126 427 262 468 ΞΕἵτε
294 425 337 468 δὲ
370 424 535 479 ἐγένετό
573 443 636 475 τις
668 425 877 480 Ζάλμοξις
915 423 1171 479 ἄνθρωπος,
1215 422 1290 467 εἴτ’
1323 424 1412 467 ἐστὶ

126 497 326 551 3δαίμων
350 511 412 544 τις
429 494 584 550 Γέτῃσι
605 491 734 545 οὗτος
755 494 1001 549 ἐπιχώριος,
1031 495 1225 550 χαιρέτω.
1282 490 1412 538 Οὗτοι
1427 501 1467 536 15

155 565 233 620 μὲν
264 565 338 620 δη,
372 563 518 623 τρόπῳ
540 565 722 620 τοιούτῳ
748 564 1001 619 χρεώμενοι,
1031 564 1090 615 ὠς
1120 563 1412 622 ἐχειρώθησαν

152 633 238 677 ὑπὸ
274 634 496 687 Περσέων,
537 637 708 679 εἵποντο
739 640 800 693 τῷ
829 635 943 691 ἄλλῳ
975 640 1154 690 στρατῷ.

263 709 448 758 Δαρεῖος
479 707 525 749 δὲ
559 705 617 758 ὦς
648 704 822 749 ἀπίκετο
859 706 932 749 καὶ
965 704 989 750 ὁ
1019 706 1144 759 πεζὸς
1182 704 1259 761 ἅμ’
1291 705 1411 764 αὐτῷ
1466 711 1595 747 Darius,
1614 710 1741 738 “aiem

154 774 338 830 στρατός
368 775 435 819 ἐπὶ
464 778 540 821 τὸν
565 777 759 832 Ἴστρον,

807 777 998 821 ἐνθαῦτα
1029 777 1275 833 διαβάντων
1303 777 1410 821 πάν-

1484 216 1609 245 !erodoti
1633 218 1740 246 iudicio

1483 249 1628 277 Za1moxin
1649 253 1725 279 anti-

1485 283 1571 315 quior
1616 284 1725 319 Pytha-

1488 322 1575 348 goi-a.

1486 745 1562 773 Intro
1572 766 1580 780 ‚
1606 749 1726 785 ponteni

1466 780 1636 813 soluturus,
1673 779 1743 806 Cois

1467 813 1567 840 Lesbii
1583 813 1697 841 monitu
1712 812 1742 841 id

154 863 241 890 των
270 851 460 902 Δαρεῖος
499 848 690 892 ἐκέλευσε
719 849 819 899 τοὺς
843 847 996 899 Ἴωνας
1024 848 1105 905 τήν
1135 850 1305 906 σχεδίην
1336 849 1527 893 λύ-20“0“
1544 847 1625 875 ‘³⁰³‘-

156 928 314 968 σαντας
353 917 534 963 ἕπεσθαι
574 919 671 963 κατ’
709 919 888 976 ἤπειρον
927 919 1094 975 ἑωυτῷ,
1142 920 1213 963 καὶ
1253 920 1330 962 τόν
1366 919 1413 963 ἐκ

127 991 246 1031 Ξτῶν
294 992 404 1032 νεῶν
448 990 648 1046 στρατόν.

720 988 985 1033 Μελλόντων
1036 991 1081 1034 δὲ
1128 995 1215 1033 τῶν
1254 989 1413 1034 Ἰώνων

155 1059 276 1103 λύειν
304 1060 376 1103 καὶ
406 1062 569 1106 ποιέειν
602 1061 653 1105 τοὶ
687 1060 968 1116 κελευόμενα,
1017 1060 1148 1116 Κώης
1188 1060 1211 1104 ὁ
1245 1060 1413 1116 Ἐρξάν-

157 1133 296 1185 δρου,
336 1131 571 1188 στρατηγός
606 1131 691 1174 ε’ω“ν
721 1132 1054 1186 ιΜυτιληναίων,
1100 1132 1208 1183 ἔλεξε
1241 1134 1412 1188 Δαρείῳ

155 1200 280 1253 τάδε,
319 1201 570 1259 πυθόμενος
598 1200 811 1257 πρότερον
846 1202 887 1245 εἴ
914 1203 957 1245 οἱ
984 1203 1115 1257 φίλον
1144 1204 1208 1258 εἴη
1237 1203 1415 1259 γνώμην

293 1380 404 1431 Cap.
433 1379 565 1417 XCVI.

158 1433 249 1476 οὔτε
272 1431 463 1484 ἀπιστέω,
496 1433 585 1475 οὔτε
609 1429 665 1475 οἷν
692 1449 756 1473 πι-

103 1488 227 1532 στεύω
254 1507 290 1531 τι
320 1492 425 1544 λίην]
472 1492 640 1530 Produnt
666 1492 756 1529 haec

101 1550 211 1587 verba
239 1550 449 1599 scriptorem
480 1562 567 1586 sane
593 1549 756 1586 cautissi-

102 1618 198 1643 mum
219 1609 257 1642 et
278 1607 353 1644 veri
373 1606 571 1655 indagandi
591 1605 627 1641 in
651 1606 755 1642 fabu-

101 1661 168 1708 lis,
198 1673 288 1711 quas
315 1662 426 1699 fando
454 1662 637 1707 audierat,
676 1665 753 1698 stu-

103 1717 354 1755 diosissimum.
401 1718 458 1755 De
477 1731 550 1767 quo
575 1730 653 1754 cum
673 1730 755 1754 sae-

102 1775 182 1824 pius
206 1778 293 1811 ante
314 1775 385 1811 iam
404 1775 578 1811 monitum
600 1774 667 1819 sit,
697 1773 754 1810 hic

101 1830 254 1868 lectores
304 1831 500 1868 admonere
542 1831 599 1867 vix
650 1842 754 1880 opus,

103 1885 270 1924 Eandem
291 1891 401 1937 atque
412 1886 593 1924 Herodoti
613 1886 660 1924 de
671 1885 756 1923 Zal-

103 1943 216 1980 moxis
242 1947 362 1981 aetate
391 1943 502 1980 fuisse
539 1942 757 1980 sententiam

102 1998 281 2036 Hellanici
303 2012 414 2049 supra
444 1999 514 2036 iam
543 1999 755 2036 monuimus.

103 2052 201 2092 Add.
233 2055 402 2093 Eustath.
445 2056 493 2092 ad
528 2055 661 2105 Odyss.
691 2055 756 2102 lx,

105 2111 158 2153 65
176 2123 261 2162 pag·
281 2111 385 2158 335,
416 2112 442 2152 3
459 2111 571 2149 Basil.

160 2166 337 2218 χαιρέτω]
370 2167 477 2204 conf.
500 2167 545 2214 11,
571 2169 650 2208 117
670 2167 757 2216 ibiq.

103 2227 196 2261 nott.
222 2224 375 2261 Cautam
398 2223 490 2261 hanc
511 2224 693 2274 scriptoris
711 2225 758 2261 de

105 2280 269 2317 Zalmoxi
291 2280 364 2318 sive
393 2280 571 2317 daemone
592 2281 667 2317 sive
692 2280 759 2316 ho-

106 2335 201 2373 mine
220 2336 502 2374 admonitionem
521 2337 569 2373 ad
585 2349 629 2373 ea
652 2348 759 2386 prae-

106 2395 213 2442 cepta
229 2396 411 2442 spectare,
450 2405 544 2441 quae
562 2393 610 2429 de
631 2392 685 2429 his
705 2393 758 2430 le-

106 2451 240 2496 guntur
265 2449 362 2498 apud
388 2447 528 2486 Platon.
559 2447 649 2485 Min.
670 2461 756 2498 pag.

107 2504 189 2543 318
207 2503 249 2540 F.
280 2503 337 2540 De
353 2503 469 2554 Legg.
491 2504 527 2541 X
545 2518 581 2555 p.
602 2506 684 2544 886
696 2505 757 2551 D.‚

107 2563 232 2596 monet
264 2558 435 2597 Valcken.
485 2560 543 2598 Ad
576 2561 758 2598 Herodoti

107 2616 219 2652 verba
258 2615 380 2651 forsan
416 2620 519 2653 erunt
554 2618 757 2664 reserenda,

108 2683 202 2720 quae
234 2671 333 2721 apud
354 2670 509 2720 Diogen,
539 2672 562 2708 l.
582 2673 603 2711 l.
625 2674 759 2710 tradita

108 2730 267 2765 exstant:
305 2725 388 2777 ἔσχε
414 2729 481 2775 (sc.
512 2727 756 2777 Pythagoras)

813 1377 957 1416 δοῦλον
1000 1373 1199 1428 Ζάμολξιν
1216 1407 1226 1426 ,
1283 1371 1315 1432 ᾦ
1353 1376 1467 1417 Γέται

811 1430 982 1482 θύουσι,
1031 1429 1188 1486 Κρόνον
1227 1435 1466 1485 νομίζοντες,

813 1486 865 1536 ὥς
881 1501 1004 1540 φησιν
1019 1486 1252 1542 Ἡρόδοτοςς
1283 1492 1349 1528 nisi
1366 1504 1467 1529 men·

812 1547 896 1583 dum
916 1547 951 1582 in
974 1546 1028 1583 his
1047 1548 1280 1584 inestverbis.
1310 1547 1368 1585 De
1378 1547 1466 1584 Zal-

811 1603 924 1639 moxis
970 1603 1089 1639 divino
1117 1604 1215 1653 apud
1245 1603 1360 1641 Getas
1390 1603 1464 1640 cul-

809 1663 847 1696 tu
869 1658 972 1709 plura
988 1660 1121 1697 Strabo
1142 1659 1208 1696 Vll
1222 1672 1308 1710 pag.
1334 1661 1413 1701 298
1434 1672 1462 1696 5.

811 1715 892 1757 457
912 1714 955 1751 Α.

994 1771 1024 1808 C
1037 1784 1058 1808 a
1069 1784 1103 1821 p.
1134 1770 1281 1808 XCVII.

869 1826 936 1867 καὶ
957 1825 979 1867 ὁ
996 1824 1111 1875 πεζὸς
1132 1823 1208 1878 ’ἅμ’
1230 1823 1337 1882 αὐτῷ
1354 1840 1465 1878 στρα-

813 1879 896 1935 τός]
940 1884 1009 1921 Vix
1042 1885 1183 1921 monitu
1214 1898 1326 1934 opus,
1366 1886 1468 1933 quod

814 1941 953 1978 monuit
978 1939 1149 1977 Larcher.
1179 1940 1225 1977 ad
1246 1940 1278 1976 h.
1296 1940 1319 1977 l.
1349 1937 1467 1987 πεζὸν

815 1994 979 2049 στρατόν
1010 1997 1056 2034 de
1079 1997 1301 2033 terrestribus
1320 1997 1388 2034 diei
1413 2011 1468 2033 co-

809 2055 905 2104 piz'S,
935 2065 1029 2102 quae
1051 2052 1155 2090 classi
1179 2053 1255 2105 (τῷ
1274 2055 1466 2108 ναυτικῷ)

812 2113 1067 2160 opponantur,
1097 2110 1143 2146 de
1164 2109 1381 2159 pedestribus
1406 2123 1467 2147 co-

812 2168 904 2217 piis,
960 2166 991 2203 si
1026 2170 1199 2214 sequatur
1233 2165 1377 2214 ἵππος,
1425 2170 1467 2203 ut

813 2222 876 2267 lV,
901 2223 990 2263 134.
1015 2223 1104 2262 136.
1134 2243 1191 2248 —
1220 2221 1261 2259 In
1280 2235 1369 2260 voce
1386 2224 1467 2261 Δα-

816 2282 920 2331 ρεῖος
941 2278 1095 2328 repetita
1118 2291 1224 2316 nemo
1242 2278 1418 2316 haerebit.

872 2330 996 2385 Κώης
1017 2332 1039 2373 ὁ
1057 2329 1316 2385 Ἐρξάνδρου]
1363 2334 1468 2372 Libri

815 2391 963 2441 quidam
982 2385 1208 2441 ἘξανδρΟν.
1256 2391 1314 2428 Cf.
1335 2390 1380 2438 V,
1401 2393 1467 2431 37.

813 2448 923 2498 Apud
967 2446 1094 2484 Tzetz.
1138 2446 1230 2484 Chil.
1270 2447 1344 2493 Ill,
1385 2445 1467 2486 465

814 2498 938 2554 Κώης
971 2497 1244 2554 Ὀρεξοῖνδρου.
1283 2524 1339 2530 --
1377 2503 1465 2540 Mox

813 2560 956 2611 reposui
1009 2559 1326 2609 Μυτιληναίωνς
1392 2558 1463 2594 vid.

814 2621 909 2654 nott.
933 2616 980 2653 ad
996 2616 1032 2663 I,
1050 2617 1116 2657 27.
1132 2636 1189 2643 —-
1211 2615 1268 2652 De
1286 2614 1465 2650 locutione

817 2671 854 2711 εἴ
873 2671 914 2711 οἱ
932 2671 1050 2721 φίλον
1073 2670 1132 2721 εἴη
1151 2672 1246 2708 conf.
1266 2670 1304 2716 1,
1326 2670 1390 2708 87.
1418 2668 1465 2715 11,

816 2726 869 2768 64
888 2728 1011 2777 ibique
1032 2730 1126 2766 nott.
