1946 3272
413 227 470 267 38
811 225 848 262 H
878 225 909 261 E
940 225 975 261 R
1005 224 1039 261 Ο
1068 223 1103 261 D
1134 224 1169 261 Ο
1199 221 1235 260 Τ
1266 223 1280 258 Ι

415 334 493 390 τὴν
514 333 756 376 Αἰθιοπίδα
784 337 1007 388 γλῶσσαν·
1047 332 1095 375 ἐν
1127 326 1161 389 ᾧ
1193 331 1239 375 δὲ
1267 328 1455 379 τούτους
1485 331 1689 386 μετῇσαν,

416 404 464 449 ἐν
503 402 646 459 τούτῳ
686 404 851 448 ἐκέλευε
893 404 963 448 ἐπὶ
1005 403 1086 459 τήν
1126 397 1386 454 Καρχηδόνα
1425 399 1572 442 πλέειν
1615 398 1694 442 τόν

391 483 412 516 2
426 474 635 518 ναυτικὸν
656 475 854 529 στρατόν.
908 476 1109 524 Φοίνικες
1131 474 1175 517 δὲ
1199 470 1283 516 οὐκ
1305 471 1477 525 ἔφασαν
1497 470 1694 527 ποιήσειν

416 549 576 590 ταῦτα·
630 544 821 600 ὁρκίοισί
859 562 904 588 τε
939 545 1023 602 γὰρ
1053 543 1279 600 μεγάλοισι
1308 541 1582 594 ἐνδεδέσθαι,
1622 542 1696 585 καὶ

419 615 503 661 οὐκ
533 614 587 660 ἂν
616 615 780 660 ποιέειν
809 616 932 667 ὅσια,
964 616 1033 659 ἐπὶ
1061 614 1167 666 τούς
1195 614 1355 663 παῖδας
1383 611 1489 662 τούς
1520 609 1697 654 ἑωυτῶν
1709 618 1753 650 50

391 686 774 742 δστρατευόμενοι.
843 688 1065 731 Φοινίκων
1110 685 1156 728 δὲ
1203 683 1256 728 οὐ
1296 683 1603 740 βουλομένων,
1653 682 1697 724 οἱ

420 759 567 804 λοιποὶ
611 757 695 802 οὐκ
741 757 968 814 ἀξιόμαχοι
1018 757 1227 812 ἐγίνοντο.
1285 753 1582 811 Καρχηδόνιοι
1618 752 1697 808 μέν

420 847 506 874 νυν
562 829 677 873 οὕτω
725 828 1004 885 δουλοσύνην
1056 826 1271 883 διέφυγον
1313 825 1423 880 πρὸς
1474 822 1696 878 Περσέων.

391 900 664 958 4Καμβύσης
691 900 776 955 γὰρ
816 901 917 956 βίην
946 897 1032 943 οὐκ
1071 899 1267 943 ἐδικαίου
1297 896 1568 952 προσφέρειν
1595 895 1697 937 Φοί-

419 975 527 1024 νιξι,
559 970 626 1015 ὅτι
655 971 791 1026 σφέας
818 985 862 1014 τε
894 967 1058 1020 αὐτούς
1086 967 1354 1013 ἐδεδώκεσαν
1384 967 1592 1023 Πέρσῃσι,
1624 966 1698 1009 καὶ

392 1046 508 1094 5πᾶς
537 1042 583 1086 ἐκ
615 1042 838 1084 Φοινίκων
866 1041 1037 1098 ἤρτητο,
1059 1039 1082 1084 ὁ
1113 1038 1321 1089 ναυτικὸς
1350 1037 1543 1093 στρατός.
1602 1036 1696 1081 δόν-
1709 1044 1754 1078 55

421 1130 489 1165 τες
522 1113 568 1157 δὲ
607 1113 679 1156 καὶ
711 1111 904 1165 Κύπριοι
934 1112 1068 1167 σφέας
1099 1110 1262 1162 αὐτοὺς
1294 1108 1511 1166 Πέρσῃσι,
1554 1107 1700 1161 ἐστρα-

298 1192 364 1235 20
423 1184 602 1228 τεύοντο
634 1181 700 1227 ἐπ’
733 1185 972 1239 Αἴγυπτον.
1033 1180 1145 1224 Ἐπεί
1173 1196 1216 1225 τε
1247 1181 1294 1224 δὲ
1323 1183 1383 1238 τῷ
1404 1177 1622 1237 Καμβύσῃ
1653 1178 1700 1222 ἐκ

92 1256 288 1290 Affiffiffl'ffflss
311 1255 368 1282 ¹¹¹¹-
425 1258 502 1312 τῆς
534 1253 842 1310 Ἐλεφαντίνης
881 1251 1090 1297 ἀπίκοντο
1122 1254 1165 1296 οἱ
1200 1249 1507 1308 Ἰχθυοφάγοι,
1546 1250 1703 1306 ἔπεμπε

115 1298 172 1316 uae
208 1289 296 1324 periti
333 1297 367 1315 ex

106 1323 370 1358 chthyophagisab

427 1393 469 1432 έν
489 1386 522 1448 ᾧ
543 1391 586 1432 δὲ
605 1388 775 1439 τούτους
794 1395 916 1447 μετῇ
930 1391 1033 1443 σαν]

369 1449 472 1487 Libri
494 1452 679 1501 μετῇσαν,
695 1451 798 1499 quod
811 1450 1034 1498 Wesseling.

369 1507 521 1544 mutavit
550 1508 586 1544 in
617 1508 804 1560 μετῇσαν.
862 1506 1036 1543 Formam

370 1562 528 1600 lonicam
550 1559 744 1614 μετήϊσαν
768 1563 926 1600 restituit
952 1562 1035 1600 Val-

369 1620 495 1667 cken.,
534 1632 643 1668 quein
667 1631 759 1657 rece.
798 1620 882 1656 edd.
921 1619 1036 1656 secuti

370 1680 464 1712 sunt.
531 1676 715 1725 Equidem
746 1688 768 1712 a
802 1675 903 1712 libris
939 1680 1035 1712 stare

372 1732 493 1769 malui.
541 1733 650 1768 Conf.
683 1732 710 1779 1,
738 1733 792 1772 62
818 1732 906 1780 ibiq.
941 1735 1035 1768 nott.

373 1789 434 1824 Ad
474 1788 778 1837 significationem
818 1792 915 1825 recte
947 1787 1036 1824 Val-

373 1846 497 1881 cken.:
534 1844 644 1892 „dum
675 1845 723 1881 ad
749 1847 833 1881 istos
862 1856 1038 1880 arcessen-

372 1901 434 1937 ‹lvs
448 1901 771 1952 proficiscebantur.
802 1900 898 1938 Nam
916 1899 1038 1951 μετιέ-

375 1973 443 1996 ναι
469 1970 497 1993 s.
523 1956 779 2008 μετέρχεσθαι
801 1957 896 1994 valet
919 1970 1038 1994 arces-

375 2026 465 2061 sere,
497 2014 547 2050 ire
573 2016 745 2063 petitum,
777 2018 816 2049 ut
840 2026 951 2063 supra
977 2013 1040 2059 ΙΙΙ,

378 2070 440 2110 15.
474 2070 555 2107 Alia
575 2071 721 2107 dabunt
745 2071 966 2120 interpretes
993 2070 1040 2106 ad

437 2180 505 2220 καὶ
527 2175 603 2220 οὔκ
625 2177 674 2219 ἂν
693 2180 841 2220 ποιέειν
859 2179 949 2221 ὅσια
962 2198 995 2221 κ.
1008 2197 1040 2220 τ.

379 2237 430 2287 λ.]
464 2239 568 2275 Haec
586 2237 633 2274 illi
653 2238 777 2275 dicunt
795 2251 862 2289 pro
885 2240 1040 2288 antiquo

379 2294 600 2332 coloniarum
639 2294 736 2339 iure,
784 2308 829 2332 ex
861 2309 932 2344 quo
966 2308 1040 2332 non

382 2351 480 2387 licuit
493 2351 571 2386 urbi
591 2350 736 2400 capitali
754 2351 885 2388 bellum
905 2352 1040 2389 inferre

380 2406 518 2443 colonis
536 2407 621 2452 snis,
637 2419 704 2443 nec
725 2407 767 2442 iis
789 2408 942 2445 vicissim
967 2421 1044 2444 me-

380 2462 526 2513 tropoli.
564 2462 670 2506 Quae
691 2464 787 2499 enim
807 2464 906 2513 apud
926 2463 1044 2500 Grae-

377 2532 438 2557 cos
469 2518 639 2564 valuere,
684 2532 728 2555 ea
767 2520 865 2568 apud
899 2520 1042 2555 Poenos

378 2588 527 2624 quoqne
565 2574 721 2611 valuisse
761 2574 932 2612 credibile
976 2580 1040 2612 est.

381 2632 461 2668 lid.
489 2631 647 2667 Heeren.
679 2631 798 2667 ldeen.
822 2631 868 2676 ΙΙ,
892 2634 909 2669 1
942 2645 976 2679 p.
989 2634 1040 2672 29

380 2692 418 2725 et
437 2688 600 2736 inprimis
619 2687 715 2723 locos
738 2687 920 2724 Herodoti
942 2687 1041 2733 ΥΙΙΙ,

381 2747 445 2785 22.
479 2743 706 2791 ‘l'hncydidis
729 2743 754 2790 Ι,
777 2745 842 2783 38.
875 2744 919 2789 Υ,
953 2746 1041 2783 106.

383 2799 508 2849 Polyb.
534 2800 614 2846 Xll,
639 2803 702 2846 10,
722 2802 756 2838 3.
790 2800 896 2835 Cons.
920 2801 961 2835 C.
981 2800 1042 2835 Fr.

383 2857 584 2895 Hermann.
611 2854 803 2894 Lehrbuch
843 2856 879 2892 d.
909 2855 1042 2905 griech.

1092 1390 1367 1430 Staatsalterth.
1391 1388 1428 1441 ἓ.
1451 1392 1517 1431 73.
1556 1390 1606 1428 Et
1626 1395 1757 1441 postea

1093 1461 1241 1499 quoque
1267 1449 1360 1485 hanc
1386 1447 1564 1485 rationem
1586 1447 1755 1494 valuisse,

1094 1504 1311 1543 Hannibalis
1340 1503 1543 1554 exemplum
1566 1516 1634 1541 nos
1664 1517 1758 1553 quo-

1095 1562 1292 1599 dammodo
1327 1559 1461 1598 docere
1501 1565 1646 1611 potest,
1695 1561 1757 1609 qni

1093 1618 1320 1666 Carthagine
1346 1617 1514 1666 fugiens,
1545 1616 1685 1666 Tyrum
1715 1630 1758 1655 se

1092 1675 1257 1723 legatum
1295 1686 1375 1711 esse
1414 1673 1563 1710 missum
1605 1674 1757 1722 diceret,

1092 1736 1188 1769 teste
1210 1729 1314 1767 Livio
1337 1728 1508 1776 ΧΧΧΙΙΙ,
1528 1730 1593 1771 48,

1153 1782 1215 1826 ὅτι
1239 1784 1365 1835 σφέας
1384 1800 1424 1824 τε
1446 1782 1595 1832 αὐτούς
1619 1781 1760 1825 ἐδεδώ-

1096 1856 1217 1883 κεσαν
1252 1841 1458 1895 Πέρσῃσι]
1493 1842 1646 1892 Colligit
1672 1843 1758 1880 inde

1095 1901 1158 1939 Fr.
1184 1899 1271 1936 Chr.
1301 1899 1501 1935 Schlosser.
1524 1898 1758 1947 (Universal-

1096 1956 1175 1994 hist.
1201 1956 1415 1993 Uebersicht
1438 1955 1580 2002 etc.1,1
1597 1969 1632 2007 p.
1644 1953 1760 2005 251.)

1097 2012 1261 2063 Tyrum,
1291 2024 1399 2061 qnam
1422 2012 1554 2049 Persas
1582 2025 1664 2050 esse
1689 2024 1758 2061 ag-

1098 2081 1242 2119 gressos
1278 2068 1442 2119 nuspiam
1475 2068 1628 2106 relatum
1659 2069 1761 2106 inve-

1098 2127 1230 2172 nimus,
1253 2124 1346 2161 ultro
1366 2125 1402 2161 in
1425 2130 1646 2176 potestatem
1671 2125 1760 2163 Per-

1097 2195 1218 2220 sarum
1245 2182 1407 2219 cessisse.
1466 2181 1546 2219 Nec
1566 2182 1682 2231 magis
1704 2193 1762 2220 re-

1097 2240 1205 2276 latum
1240 2239 1459 2286 invenimus,
1492 2251 1565 2287 qno
1595 2243 1762 2288 tempore

1097 2295 1298 2332 Phoenices
1334 2295 1455 2332 Persis
1495 2307 1536 2332 se
1579 2295 1760 2333 dederint.

1095 2352 1206 2395 Quod
1228 2364 1311 2388 cum
1345 2351 1452 2400 vulgo
1476 2351 1524 2387 ad
1554 2352 1642 2401 Cyri
1669 2357 1761 2388 tem-

1100 2420 1190 2457 pora
1228 2407 1429 2452 reficiatur,
1480 2409 1595 2456 magis
1626 2407 1762 2456 proba-

1102 2463 1171 2499 bile
1195 2464 1339 2499 videtur
1364 2462 1594 2499 Dahhnauno
1621 2462 1763 2511 (Hero-

1101 2520 1177 2555 dot.
1198 2533 1235 2568 p.
1258 2520 1356 2565 151)
1384 2519 1432 2555 ad
1451 2519 1641 2566 Cambysis
1666 2524 1760 2555 tem-

1099 2586 1190 2625 pora
1221 2576 1376 2620 referre,
1410 2575 1469 2622 qni
1501 2581 1700 2623 antequam
1725 2575 1761 2611 in

1099 2630 1196 2678 Aeg)
1208 2636 1309 2680 ptum
1330 2632 1600 2681 expeditionem
1621 2632 1760 2677 fecerit,

1099 2691 1135 2723 et
1150 2687 1367 2723 Phoenicum
1381 2691 1417 2723 et
1431 2687 1648 2737 Cypriorum
1659 2700 1763 2725 acce-

1098 2744 1191 2793 perit
1213 2744 1447 2779 deditionem.
1467 2764 1521 2769 —
1537 2743 1593 2779 Ad
1614 2741 1760 2795 ἤρτητο

1099 2800 1194 2836 cons.
1218 2801 1245 2846 Ι,
1272 2800 1351 2839 125
1397 2804 1433 2835 et
1462 2800 1510 2836 ad
1539 2814 1612 2838 reni
1646 2802 1761 2852 ipsam

1101 2860 1194 2893 nott.
1215 2856 1264 2892 ad
1290 2855 1354 2902 ΙΙΙ,
1375 2858 1440 2897 25.
