1946 3272
19 742 29 835 ’ἰ
97 806 162 851 19

636 193 977 236 THALlA.
1038 196 1099 234 111.
1453 203 1509 243 37

231 305 388 363 λειμών
417 304 504 348 ἐστι
535 302 582 346 ἐν
601 306 663 359 τῷ
693 305 937 360 προαστείῳ
969 304 1167 354 ἐπίπλεος
1196 308 1334 358 κρεῶν
1355 306 1509 360 ἑφθῶν

231 377 406 421 πάντων
444 377 533 416 τῶν
563 375 841 430 τετραπόδων
853 389 862 398 ·

915 376 957 426 ἐς
993 375 1072 418 τὸν
1111 374 1189 426 τοὶς
1228 375 1308 430 μὲν
1345 375 1509 429 νύκτας

229 443 563 500 ἐπιτηδεύοντας
601 445 775 489 τιθέναι
808 445 861 489 τὰ
903 445 1012 500 κρέα
1049 443 1155 497 τούς
1191 445 1237 489 ἐν
1274 443 1385 489 τέλεϊ
1413 446 1508 490 ἑκά-

227 528 357 566 στους
387 513 536 568 ἐόντας
566 521 654 560 τῶν
685 517 854 571 οἰστῶν,

891 518 965 569 τὰς
996 517 1042 560 δὲ
1072 515 1235 573 ἡμέρας
1266 518 1508 561 δαίνυσθαι,

222 586 466 642 προσιόντα
496 588 575 631 τόν
602 588 896 644 βουλόμενον·
946 586 1085 644 φάναι
1125 588 1170 631 δὲ
1209 589 1317 640 τούς
1356 589 1566 646 ἐπιχω-4Ο

224 659 349 713 ρίους
387 663 526 703 ταῦτα
565 660 644 717 τήν
684 665 768 717 γῆν
807 659 947 716 αὐτὴν
987 657 1249 702 ἀναδιδόναι
1290 658 1505 705 ἑκάστοτε.

220 818 294 845 ναι
322 800 481 858 τοιήδε.

193 728 252 786 Ξὴ
282 729 363 785 μὲν
393 730 445 787 δή
473 731 657 786 τράπεζα
687 736 769 775 τοῦ
799 730 928 788 ἡλίου
962 730 1220 786 καλεομένη,
1256 729 1422 786 λέγεται
1453 729 1506 776 εἶ-

541 801 761 861 Καμβύσῃ
796 802 842 846 δὲ
868 800 923 854 ὡς
953 803 1070 854 ἔδοξε
1094 801 1279 858 πέμπειν
1299 803 1404 854 τούς
1433 820 1507 847 κα-

218 872 489 926 τασκόπους,
520 873 677 918 αὐτίκα
706 873 993 931 μετεπέμπετο
1025 875 1067 926 ἐξ
1093 873 1401 930 Ἐλεφαντίνης
1429 873 1504 917 πό-

218 948 313 996 λιος
352 948 442 988 τῶν
475 944 781 1003 Ἰχθυοφάγων
819 944 997 1001 ἀνδρῶν
1038 945 1143 997 τούς
1184 945 1551 1002 ἐπισταμένους45

163 1086 211 1124 de
235 1084 332 1123 Solis
355 1098 481 1123 mensa
505 1099 584 1124 cum
605 1088 716 1125 medii
739 1087 831 1124 aevii

161 1141 292 1180 fabulis
313 1143 360 1180 de
371 1144 550 1192 sanguine
568 1145 679 1192 regali
698 1143 832 1192 (Graal

161 1198 271 1247 vulgo
292 1197 443 1250 vocant)
462 1202 700 1238 contendunt.

219 1255 404 1302 ἐπίπλεος
417 1258 546 1307 κρεῶν
570 1255 715 1306 ἑφθῶν
729 1251 829 1295 πάν-

160 1327 240 1350 των
261 1314 342 1351 τῶν
362 1308 631 1365 τετραπόδων]
664 1310 829 1353 πάντων

160 1371 241 1408 τῶν
273 1367 524 1420 τετραπόδων
556 1371 597 1408 cle
627 1374 737 1408 omnis
765 1384 830 1420 ge-

158 1428 251 1463 neris
294 1426 576 1478 quadrupedibus
619 1428 828 1476 intelligen-

159 1483 256 1520 dum.
291 1484 401 1521 Conf.
427 1485 518 1532 l,5O
533 1485 620 1534 ibiq.
634 1490 711 1523 not.
734 1485 825 1522 Car-

157 1553 233 1578 nem
255 1540 399 1588 elixam,
418 1554 526 1590 quam
551 1542 640 1579 dicit
655 1543 826 1580 Herodo-

156 1601 238 1645 tus,
270 1598 317 1635 de
338 1611 442 1634 carne
467 1600 604 1635 siccata
626 1599 827 1649 probabili-

156 1658 213 1692 ter
225 1655 472 1705 accipiendam
489 1669 569 1693 esse
582 1657 711 1693 statuit
724 1657 826 1694 Hee-

155 1724 233 1749 ren.
264 1713 287 1748 l.
316 1713 339 1749 l.
370 1724 456 1762 pag.
478 1712 584 1760 346,
617 1727 697 1750 cum
722 1713 826 1749 istius

154 1768 256 1806 modi
291 1782 374 1805 caro
409 1769 446 1805 in
489 1769 568 1805 istis
611 1770 824 1819 regionibus

152 1826 371 1876 plerumque
382 1830 548 1862 servetur
559 1830 670 1875 atque
691 1827 822 1864 etiam-

153 1895 240 1919 num
258 1882 393 1919 siccata
414 1894 498 1919 caro
513 1883 550 1918 in
571 1883 661 1919 cibis
686 1883 822 1920 delica-

154 1939 306 1976 tissimis
335 1939 525 1977 habeatur.
604 1941 679 1977 Sed
713 1940 742 1976 si
775 1940 822 1978 de

153 1996 329 2032 sacrificio
351 1996 565 2045 cogitemus,
595 1997 685 2034 nihil
710 1997 820 2033 credo

153 2053 335 2100 obstabit,
373 2066 446 2102 quo
482 2054 600 2090 minus
641 2055 688 2091 de
725 2053 821 2091 elixa

152 2122 255 2146 carne
287 2109 345 2148 hic
372 2109 553 2147 Nostrum
590 2110 690 2160 loqui
718 2111 820 2148 dica-

153 2180 246 2204 mus.
271 2188 316 2194 -
348 2166 388 2203 ln
410 2179 513 2216 seqq.
539 2164 633 2214 τούς
659 2166 701 2206 ἐν
720 2166 824 2206 τέλεϊ

151 2228 258 2260 vocat
277 2225 532 2273 magistratus3
558 2225 604 2262 de
627 2238 700 2274 qua
721 2224 820 2262 locu-

150 2280 252 2318 tione
270 2280 378 2332 plura
400 2280 574 2319 Valcken.
597 2286 635 2319 et
660 2280 818 2320 wesse1.

151 2338 199 2374 ad
218 2337 284 2385 lX,
311 2339 404 2379 106.

362 2429 393 2465 c
406 2441 427 2466 a
438 2442 475 2480 p.
506 2429 606 2465 xix.

205 2509 286 2546 τῶν
328 2503 608 2560 Ἰχθυοφάγων
652 2503 816 2560 α’νδρών

150 2561 244 2610 τούς
266 2564 551 2616 ἐπισταμένους
572 2581 607 2619 κἴ
623 2580 654 2603 τ.
676 2563 725 2616 λ.]
758 2565 815 2603 De

150 2619 435 2673 Ichthyophagis
473 2623 565 2660 haec
594 2621 754 2659 Pausan.
784 2622 812 2668 I,

154 2678 207 2717 33
239 2676 275 2728 ἓ.
299 2680 353 2719 4:
411 2676 631 2719 Αἰθιόπων
662 2676 704 2718 δὲ
733 2681 813 2718 τῶν

126 2730 252 2784 ’νπὲρ
294 2732 460 2787 Συήνης
499 2735 565 2775 ἐπὶ
601 2731 812 2775 θάλασσαν

153 2787 305 2840 ε’σχατοι
322 2790 395 2843 τήν
409 2790 587 2845 ἒρυθροὶν
605 2795 813 2832 κατοικοῦ-

153 2857 216 2884 σιν
235 2841 490 2902 Ἰχθυοφάγοι
517 2848 585 2890 καὶ
607 2847 630 2890 0‘
651 2846 812 2900 κόλπος,

889 1083 935 1127 ὃν
959 1089 1249 1138 περιοικοῦσιν,
1278 1081 1558 1137 Ἰχθυοφάγων

890 1139 1142 1194 ὀνομάζεται.
1177 1143 1319 1186 Quibus
1341 1143 1427 1179 add.
1452 1143 1559 1180 Stra-

888 1201 974 1237 bon.
995 1201 1082 1237 XVI
1112 1213 1149 1251 p.
1171 1201 1253 1240 769
1274 1213 1302 1236 s.
1325 1213 1362 1249 p.
1380 1199 1559 1239 1113.D.

888 1261 925 1294 et
952 1257 1108 1295 Diodor.
1142 1256 1253 1293 Sicul.
1282 1256 1355 1302 III,
1388 1254 1439 1296 15
1475 1268 1558 1305 sqq.

887 1326 973 1364 pag.
1007 1314 1086 1355 184
1118 1327 1199 1363 Sqq.
1230 1312 1386 1351 iVessel.

884 1372 1120 1409 manifestum
1161 1374 1239 1417 est,
1272 1371 1309 1406 in
1342 1369 1555 1418 regionibus

883 1441 995 1479 supra
1029 1427 1243 1478 Aegyptum
1272 1426 1366 1463 sinui
1398 1426 1554 1463 Arabico

881 1485 1057 1535 proximis
1104 1485 1212 1522 sedes
1258 1483 1555 1533 Ichthyophago-

882 1555 983 1589 rum,
1023 1542 1144 1591 gentis
1185 1541 1364 1578 barbarae
1399 1541 1475 1578 sere
1517 1544 1555 1578 et

883 1599 1038 1636 maxime
1056 1599 1172 1644 rudis,
1201 1611 1282 1635 esse
1308 1597 1550 1646 quaerendas

884 1656 940 1693 Ob
958 1656 1142 1692 Herodoti
1161 1656 1272 1692 verba
1299 1655 1460 1691 Heeren.
1482 1655 1505 1690 l.
1527 1654 1549 1690 Ι.

881 1725 967 1763 pag.
979 1711 1062 1754 349
1093 1716 1236 1762 partem
1257 1711 1442 1761 quandam
1459 1723 1551 1759 gen-

882 1770 929 1806 tis
959 1770 995 1805 in
1021 1770 1212 1820 superiore
1236 1768 1410 1818 Aegypto
1440 1767 1550 1804 sedes

881 1826 1053 1863 habuisse
1071 1825 1198 1862 statuit
1217 1826 1376 1873 indeque
1398 1824 1550 1861 ulterius

881 1884 1101 1933 pertinuisse
1142 1883 1191 1919 ad
1226 1882 1342 1918 tribus
1382 1881 1551 1932 palantes

880 1941 915 1976 in
946 1940 1124 1985 desertis,
1156 1951 1222 1989 per
1249 1951 1344 1987 quae
1375 1950 1553 1975 commer-

879 1997 971 2033 cium
994 1997 1090 2034 inter
1105 1996 1319 2045 Aegyptum
1340 1999 1377 2032 et
1397 1995 1549 2031 Aethio-

878 2054 976 2104 piam
1004 2053 1100 2103 (sive
1126 2052 1401 2090 Macrobiorum
1425 2051 1548 2100 regio-

878 2111 980 2159 nes).
997 2111 1133 2147 factum
1163 2109 1294 2155 fuerit3
1335 2108 1435 2144 unde
1462 2107 1545 2145 illos

878 2167 1174 2217 Ichthyophagos
1214 2165 1262 2202 ob
1309 2164 1442 2202 itinera
1480 2178 1547 2215 per

877 2225 1025 2262 deserta
1044 2223 1230 2261 mercandi
1253 2223 1363 2259 causa
1384 2222 1544 2258 crebrius

875 2281 1043 2318 instituta
1060 2281 1254 2329 utriusque
1274 2283 1396 2316 terrae
1414 2283 1451 2315 et
1476 2278 1546 2314 lin·-

875 2351 971 2388 guae
993 2337 1238 2387 cognitionem
1258 2335 1434 2373 habuisse
1450 2334 1546 2372 veri-

875 2394 991 2432 simile
1020 2395 1164 2432 videtur
1189 2393 1265 2430 viro
1291 2392 1400 2428 docto
1429 2404 1546 2442 quae-

873 2452 983 2498 renti,
1013 2464 1061 2488 an
1086 2452 1134 2487 ad
1157 2454 1332 2499 gentem,
1363 2448 1419 2485 cui
1447 2461 1545 2485 nunc

871 2522 1005 2546 nomen
1031 2507 1186 2554 Ababcle,
1217 2507 1254 2543 in
1279 2505 1349 2542 illis
1380 2505 1545 2555 regioni-

871 2566 940 2603 bus
968 2566 1088 2602 adhuc
1114 2564 1365 2610 habitantem,
1397 2568 1435 2599 et
1455 2562 1542 2598 inde

871 2623 917 2659 ab
950 2622 1203 2671 antiquissimo
1233 2633 1325 2658 aevo
1357 2619 1540 2657 mercibus

869 2692 936 2730 per
958 2680 1104 2717 deserta
1118 2676 1415 2728 transportandis
1436 2674 1542 2712 dedi-

870 2742 967 2783 tam,
998 2735 1265 2785 Ichthyophagi
1291 2734 1417 2771 referri
1448 2743 1539 2779 que-

870 2797 946 2830 ant.
973 2813 1027 2820 -
1075 2792 1135 2830 De
1165 2791 1405 2842 Elephantine
1441 2787 1541 2824 conf.

870 2853 965 2887 nott.
983 2850 1032 2887 ad
1054 2849 1102 2896 11,
1126 2851 1191 2890 17.

1566 803 1732 837 Cambyses
1762 805 1841 833 cedit

1563 837 1746 864 Phoenicum
1789 838 1841 865 dc-

1563 875 1627 898 trec·
1613 871 1736 897 etaumi
1754 880 1787 897 ex
1791 881 1840 905 pe-

1564 905 1637 931 ditio
1622 914 1668 931 οιιι
1663 905 1686 931 's
1715 905 1745 931 in
1765 906 1839 932 Car-

1564 938 1648 972 thagi
1642 947 1681 964 ιιιι
1685 947 1789 965 enses:

1566 972 1749 1007 cypriorum
1789 972 1840 1000 de-

1561 989 1767 1034 ditionemace
1753 1006 1839 1042 cipit.

1448 1312 1560 1350 Unde
