1863 3256
541 256 888 301 THALIA.
947 258 1010 296 111.

1327 264 1411 303 235

136 377 199 430 τῷ
217 374 410 428 Δαρείῳ·
451 369 474 413 ὁ
495 369 541 413 δὲ
571 367 693 424 ἄγειν
726 383 802 422 μιν
830 366 911 423 τήν
939 367 1143 422 ταχίστην
1172 364 1277 419 παρ’
1310 368 1410 411 έωυ-

109 443 218 487 5τὸν
258 443 460 487 ἐκέλευσε.
517 438 597 482 τόν
627 439 673 483 δὲ
704 437 763 490 ὦς
791 438 970 493 ἐξεῦρον
1000 436 1047 480 ἐν
1072 441 1184 480 τοῖσι
1214 436 1412 491 Ὀροίτεω

137 512 454 568 ἀνδραπόδοισι
491 510 602 554 ὅκου
640 509 693 566 δὴ
725 508 1082 566 ἀπημελημένον,
1131 512 1333 564 παρῆγον
1373 510 1414 560 ἐς

136 585 292 642 μέσον,

134 728 179 770 εἷ
205 726 434 769 ἐπίσταιτο.

131 797 297 842 ἑωυτὸν
327 796 521 854 ἐκφῄνας
536 830 545 847 ,

104 877 126 910 2
138 869 414 926 στερημένος.

132 940 416 997 ἐπιστάμενος
428 955 438 965 ·

344 583 478 632 πέδας
516 597 560 625 τε
596 581 801 633 ἕλκοντα,
851 581 922 625 καὶ
966 578 1118 634 ῥάκεσι
1156 578 1470 635 ἔσθημένον.25

0 663 90 708 [30
135 655 364 700 Σταθέντα
395 654 440 697 δὲ
469 653 512 704 ές
538 653 672 710 μέσον
702 652 861 708 εἰρώτα
880 651 904 697 ὁ
924 656 1133 707 Δαρεῖος,
1163 651 1243 706 τὴν
1261 649 1414 706 τέχνην

495 724 518 769 ὁ
567 723 609 769 δ’
651 724 733 768 οὐκ
771 724 1022 776 ὑπεδέκετο,
1074 722 1309 778 ἀρρωδέων
1353 721 1411 777 μὴ

593 794 642 840 τὸ
676 795 887 850 παράπαν
914 799 991 852 τῆς
1016 793 1221 844 Ἑλλάδος
1250 788 1280 849 ᾗ
1310 790 1412 836 ἀπε-

481 866 708 925 κατεφάνη
763 867 809 910 δὲ
858 871 919 925 τῷ
968 868 1142 923 Δαρείῳ
1188 863 1415 921 τεχνάζειν,

495 940 569 984 καὶ
613 939 718 991 τοὺς
758 938 1003 995 ἀγαγόντας
1042 936 1179 981 αὐτόν
1224 936 1473 979 έκέλευσεΒΟ

134 1011 346 1068 μάστιγάς
389 1012 546 1056 τεκαὶ
583 1011 742 1066 κέντρα
777 1010 1051 1067 παραφέρειν
1092 1010 1135 1060 ἐς
1176 1008 1225 1051 τὸ
1265 1008 1412 1063 μέσον.

105 1083 183 1126 3Ὁ
213 1084 258 1127 δὲ
289 1084 484 1127 ἐνθαῦτα
523 1083 576 1140 δὴ
609 1078 672 1126 ὦν
713 1083 930 1138 ἐκφαίνει,
973 1081 1062 1138 φάς
1092 1078 1303 1134 ἀτρεκέως
1336 1079 1415 1135 μὲν

135 1152 218 1198 οὐκ
238 1153 525 1202 ἀπίστασθαι,
560 1153 769 1211 ὁμιλήσας
801 1155 845 1198 δὲ
877 1156 1033 1212 ἰητρῷ,
1065 1151 1275 1208 φλαύρως
1305 1151 1416 1206 ἔχειν

105 1224 217 1281 4τὴν
245 1224 412 1282 τέχνην.
470 1224 577 1281 μετα
608 1227 676 1279 δὲ,
716 1226 773 1277 ὥς
804 1227 847 1269 οἷ
877 1224 1104 1280 ἐπέτρεψε,
1132 1220 1474 1279 Ἑλληνικοῖσιδὸ

134 1295 286 1352 ἰήμασι
311 1295 577 1353 χρεώμενος,
609 1297 682 1340 καὶ
702 1295 809 1353 ἤπια
841 1295 948 1352 μετα
979 1294 1032 1338 τὰ
1062 1293 1218 1351 ἰσχυρὰ
1251 1294 1418 1349 προσά-

76 1497 184 1522 maeo
210 1498 270 1536 ap.
294 1483 426 1523 Athen.
448 1485 519 1522 XII
541 1499 576 1536 p.
597 1485 680 1527 522
699 1485 742 1522 Β.

77 1546 116 1578 et
133 1540 275 1579 Aelian.
298 1542 338 1579 V.
358 1542 407 1579 H.
430 1542 530 1590 vlu,
553 1545 614 1582 17.
644 1542 742 1579 Add.

76 1598 174 1636 Kurt
210 1599 414 1649 Sprengel,
473 1599 745 1649 pragmatische

78 1654 300 1693 Geschichte
333 1661 401 1693 etc.
428 1655 475 1693 T.
500 1656 516 1691 Ι
539 1669 625 1706 pag.
648 1657 743 1698 349.

78 1712 275 1749 Caeterum
297 1712 517 1750 Dahlmann.
541 1713 743 1761 (Herodot.

76 1781 165 1819 pag.
189 1768 242 1810 50
264 1770 371 1818 seq.)
407 1770 608 1817 existimat,
650 1771 745 1807 hanc

78 1838 225 1862 omnem
258 1826 305 1862 de
328 1825 541 1864 Democede
565 1827 746 1863 narratio·

77 1894 186 1927 nem,
216 1883 414 1932 praecipue
435 1895 500 1930 ea,
539 1895 635 1932 quae
659 1884 745 1921 inde

79 1951 101 1975 a
127 1950 206 1988 cap.
238 1940 316 1979 131
349 1941 547 1977 memoriae
583 1940 748 1990 produn-

78 1999 160 2041 tur,
214 1994 409 2032 Herodoto
458 1997 661 2034 innotuisse
710 1997 747 2033 in

81 2051 239 2089 Graecia
297 2065 431 2101 magna
493 2054 748 2099 commoranti,

81 2108 172 2155 nisi,
223 2109 325 2158 quod
357 2109 403 2145 ab
443 2111 540 2146 omni
576 2110 750 2147 abhorret

79 2177 188 2211 vem,
238 2178 319 2203 eum
350 2166 422 2202 iam
459 2171 569 2204 antea
607 2166 749 2204 ltaliam

79 2221 226 2269 visisse,
259 2222 443 2260 sumseris.

263 2279 378 2330 Cap.
408 2279 560 2316 CXXX.

137 2331 346 2387 κατεφάνη
366 2358 420 2363 -
439 2332 639 2386 τεχνάζειν
668 2335 749 2376 ἔπι-

82 2387 286 2442 στάμενος]
351 2392 500 2439 „Dolos
524 2397 557 2430 et
586 2393 750 2443 strophas

80 2452 228 2485 noverat
250 2449 480 2496 Democecles,
511 2453 552 2486 ut
572 2453 664 2487 artis
680 2463 749 2487 me—

84 2505 184 2542 dicae
204 2509 374 2556 peritiam
403 2507 655 2545 dissimularet.
706 2505 749 2544 Id

82 2559 320 2612 τεχνάζειν.“
353 2564 413 2602 Sic
434 2564 655 2614 Wesseling.
669 2563 748 2600 lau-

84 2617 176 2655 dans
197 2620 268 2668 Vl,
302 2624 320 2661 1
338 2649 348 2668 ‚
382 2621 443 2658 ubi
464 2621 591 2658 itidem
610 2617 742 2671 τεχνά-

86 2673 164 2720 ζειν
195 2676 291 2714 valet
323 2677 580 2715 dissimulandi
609 2678 748 2714 artibus

84 2731 152 2767 uti.
172 2752 227 2759 -
249 2730 532 2786 έπισταμενος,
562 2734 747 2773 Larchero

85 2792 272 2836 monente,
292 2790 388 2829 idem
405 2797 461 2829 est
480 2796 590 2841 atque
607 2791 747 2843 καίπερ

86 2840 357 2895 ἐπισταμενος.
406 2847 522 2885 Paulo
548 2852 633 2886 ante
654 2846 748 2887 ’ὕπε-

87 2898 218 2940 δέκετο
238 2906 310 2939 est:
361 2903 421 2940 ille
452 2904 516 2942 hoc
545 2906 673 2954 (quod
697 2918 746 2942 sc.

803 1488 917 1521 artem
942 1483 1122 1520 medicam
1150 1479 1346 1532 caueret),
1380 1483 1417 1518 in
1438 1494 1472 1518 se

802 1555 873 1578 non
900 1542 1047 1590 recepit,
1091 1553 1120 1576 s.
1147 1540 1386 1587 interroganti
1412 1552 1471 1575 ne-

802 1599 927 1646 gabat.
959 1598 1071 1634 Haud
1089 1596 1194 1633 aliter
1214 1597 1276 1643 lV,
1290 1598 1383 1636 167.
1406 1595 1470 1642 Vl,

803 1658 867 1697 (59.
889 1677 943 1681 —
970 1654 1039 1702 „ln
1057 1648 1269 1704 τεχνάζειν,
1302 1652 1470 1703 repetitis

801 1712 951 1748 vocibus
960 1710 1073 1761 τέχνη
1087 1732 1143 1757 -,
1153 1711 1368 1760 interposito
1378 1710 1473 1746 inest

802 1768 902 1805 haud
946 1768 1106 1804 insuavis
1135 1767 1329 1804 verborum
1361 1765 1472 1802 lusus.

801 1819 958 1876 Ἰατρῶν
994 1822 1130 1874 τέχνας
1168 1824 1271 1860 novit
1306 1822 1472 1860 Plotinus

803 1881 867 1929 IV,
890 1880 929 1928 4,
954 1883 1048 1921 42.“
1081 1881 1147 1918 Cr.

862 1933 1053 1989 φλαύρως
1083 1936 1184 1988 ἔχειν
1214 1933 1289 1988 τήν
1315 1934 1470 1987 τέχνην]

804 1993 982 2031 Valckeu.
1013 1996 1150 2032 mavult
1173 1995 1244 2043 legi
1274 1996 1339 2043 φλ.
1370 1992 1470 2044 ἔχειν

805 2053 878 2101 τῆς
903 2049 1053 2102 τέχνης.
1113 2052 1197 2096 Quo
1237 2056 1361 2088 tamen
1396 2062 1472 2086 non

807 2121 920 2158 opus,
971 2108 1070 2145 libris
1102 2108 1316 2159 praesertim
1342 2107 1473 2144 invitis.

807 2164 967 2214 Vulgata
987 2164 1101 2202 valet:
1133 2179 1167 2202 se
1186 2178 1254 2201 non
1276 2166 1362 2200 satis
1378 2165 1474 2214 peri-

807 2225 882 2258 tum
913 2235 1005 2269 esse,
1046 2222 1137 2272 quod
1169 2222 1218 2258 acl
1246 2222 1338 2258 hanc
1367 2223 1478 2256 artem

808 2280 961 2324 attinet,
1003 2291 1038 2315 se
1068 2280 1177 2315 obiter
1216 2282 1356 2315 tantum
1386 2277 1478 2314 hanc

808 2339 921 2372 artem
942 2335 1079 2372 callere.
1120 2335 1201 2372 Alio
1220 2348 1330 2372 sensu
1350 2330 1477 2383 φλαύ-

809 2407 886 2444 ρως
908 2391 1009 2443 ἔχειν
1033 2391 1201 2440 V1‚135
1222 2397 1260 2430 et
1284 2386 1475 2441 φλαύρως

809 2445 1069 2496 ἀκούεινῩΙΙ,
1091 2452 1156 2496 10,
1175 2453 1214 2495 7,
1234 2448 1314 2485 coll.
1329 2448 1394 2496 VI,
1408 2447 1476 2489 94.

807 2506 923 2543 —Ad
934 2519 1090 2556 sequens
1103 2505 1168 2544 ἕπε
1161 2504 1474 2557 ’τρεψεδεὴινςῂ

807 2562 967 2614 suppleri
989 2561 1105 2600 vult
1088 2564 1234 2602 εαυτοῦ
1254 2575 1304 2600 se.
1320 2558 1362 2600 τό
1373 2561 1474 2613 πρᾶ-

806 2635 897 2687 γμα.
928 2620 1111 2669 Equidem
1132 2621 1232 2670 prius
1253 2618 1387 2656 malim.

862 2673 965 2728 ἤπια
999 2673 1095 2726 μετοὶ
1121 2692 1169 2715 τα
1203 2676 1276 2727 ἰσχ.
1306 2690 1342 2714 κ.
1372 2690 1403 2712 τ.
1423 2672 1474 2723 λ.]

805 2731 908 2784 ’ἤπια
943 2748 1136 2786 φαρμακα
1168 2732 1323 2770 remedza
1364 2731 1472 2777 Iemja

807 2790 999 2837 lenientz'a‚
1048 2791 1120 2827 iam
1160 2789 1261 2826 novit
1289 2789 1472 2824 Homerus

804 2847 845 2884 11.
863 2847 926 2894 lv,
949 2848 1045 2887 218.
1076 2847 1141 2891 XI,
1164 2845 1258 2887 515.
1277 2846 1369 2884 829.
1390 2840 1472 2882 845

806 2917 860 2955 sq.
883 2908 921 2943 et
939 2902 1103 2951 Aesehyl.
1125 2903 1163 2939 in
1180 2899 1364 2938 Prometh.
1378 2900 1474 2946 481,

1471 693 1516 719 uis
1535 694 1551 720 d

1471 658 1584 687 Sanam
1596 670 1679 695 rege,
1696 663 1746 690 do-

1471 701 1477 705 ·
1556 699 1671 724 ouatur.
