1863 3256
389 253 475 293 590

780 248 1250 290 HERODOT!

392 356 523 411 οὗτος
560 359 605 411 ἐς
642 362 799 416 λίμνην
838 357 1027 414 μεγάλην
1061 358 1325 411 Τριτωνίδα·
1385 357 1431 400 ἐν
1470 358 1516 401 δὲ
1547 357 1712 415 αὐτῇ95

335 580 382 618 de
402 577 629 628 Argonautis
649 576 810 612 narratio
830 576 893 622 lV,
916 578 994 616 179

334 638 604 674 commonstret.
673 632 780 675 Quae
818 644 897 668 cum
946 633 996 668 ita

337 693 433 739 sint,
473 693 548 727 iure
568 700 721 738 quaeras
735 717 745 734 ‚
776 689 838 736 qui
862 689 908 725 sit
929 689 998 724 ssu-

334 750 411 785 vius
428 747 485 783 ille
500 756 653 792 magnus
667 743 793 780 Triton
803 737 996 780 Herodoto

334 805 661 847 commemoratus,
692 813 771 837 cum
791 800 906 837 nullus
929 801 997 836 ho-

336 861 468 907 dieque
510 857 578 893 illic
613 856 815 907 reperiatur
854 857 996 902 fluvius,

336 916 400 964 qui
434 926 587 962 magnus
622 913 895 962 quodammodo
931 925 997 962 ap-

336 971 463 1022 pellari
483 973 606 1019 queat.
655 970 997 1006 Commemorantnr

336 1028 484 1076 quidem
506 1027 577 1062 duo
597 1025 685 1072 rivi,
723 1038 877 1074 quorum
905 1025 996 1062 alte-

337 1097 416 1120 rum
454 1082 570 1120 Kabes
606 1083 675 1118 huc
715 1083 829 1119 refert
864 1081 996 1127 Shaw;

337 1152 561 1189 quamquam
590 1138 651 1188 qui
684 1139 720 1174 in
748 1138 865 1189 ipsum
898 1151 997 1175 mare

337 1196 413 1234 exit
434 1196 585 1242 rivulus,
626 1196 742 1232 lacum
765 1195 911 1232 minime
932 1208 996 1244 po-

333 1253 404 1290 tuit
426 1257 590 1302 tangere.
646 1251 687 1288 ln
709 1250 859 1288 alterum
881 1252 995 1287 rivum

334 1309 386 1345 El
414 1308 594 1346 Hammak
621 1307 747 1344 incidit
772 1306 927 1344 Rennel.
957 1320 994 1357 p.

333 1368 437 1412 6823
478 1366 540 1415 qui
566 1378 587 1403 e
606 1363 842 1414 complurium
862 1363 995 1400 rivulo-

333 1435 411 1458 rum
431 1421 684 1459 coniunctione
704 1424 827 1466 ortus,
857 1420 894 1456 in
914 1420 994 1469 ipsa

299 1491 302 1495 ⁴
333 1491 444 1516 arena
472 1479 593 1528 perire
632 1476 769 1513 dicitur.
828 1476 995 1520 Quocum

334 1540 464 1572 neutro
499 1542 699 1582 sanequam
730 1533 900 1569 convenit
920 1544 995 1568 ma-

334 1603 451 1639 gnus,
491 1591 553 1639 qui
581 1591 627 1626 ab
650 1588 842 1626 Herodoto
865 1588 994 1638 appel-

335 1647 431 1683 latur
466 1647 601 1690 amnis-3
642 1645 709 1681 nisi
730 1645 851 1695 potius
873 1646 920 1681 ad
941 1643 996 1681 lu-

337 1703 454 1740 dibria
473 1708 688 1753 poetarum,
720 1701 781 1750 qui
804 1701 996 1749 Argonau-

336 1763 456 1796 tarum
491 1771 549 1796 res
585 1758 743 1795 carmine
783 1757 999 1795 celebrarint

336 1815 570 1865 Libycasque
584 1827 641 1852 res
653 1813 760 1851 valde
778 1813 996 1859 exornarint‚

337 1871 406 1909 hoc
440 1871 604 1909 retuleris
650 1871 810 1919 indeque
848 1871 997 1908 fluxisse

337 1932 476 1966 statuas
497 1928 713 1966 Herodotea
738 1940 817 1964 eum
835 1927 995 1965 Heeren.

337 1984 450 2023 ldeen
468 1985 514 2031 ll,
544 1987 561 2025 1
584 1997 618 2034 p.
638 1985 694 2024 36
713 1983 790 2021 coll.
812 1983 996 2020 Mannert.

336 2041 385 2088 X,
404 2043 430 2081 2
448 2054 484 2092 p.
507 2039 599 2081 164.
636 2040 717 2078 Nec
734 2041 909 2077 minorem
929 2041 996 2077 de-

336 2098 448 2147 nique
475 2097 725 2134 difficultatem
755 2096 872 2133 insula
897 2096 996 2134 exhi-

336 2154 401 2191 bet
425 2153 520 2190 Plila
535 2182 546 2199 ,
577 2166 672 2203 quae
693 2152 838 2190 Shawio
852 2154 996 2189 videtur

336 2223 418 2248 esse
464 2223 598 2260 magna
644 2210 824 2260 quaedam
867 2209 996 2256 insula,

335 2280 430 2315 quae
446 2268 646 2304 etiamnum
663 2267 698 2304 in
716 2265 796 2303 lacu
811 2265 995 2303 Lowdeah

334 2324 576 2373 conspicitur3
606 2323 683 2359 aliis
704 2335 814 2369 vei-0,
839 2327 879 2359 ut
896 2322 996 2359 Hee-

334 2380 435 2415 renio
461 2379 483 2415 l.
510 2379 530 2414 Ι.
560 2393 602 2416 ac
621 2379 800 2416 Rennelio
833 2391 870 2428 p.
899 2380 996 2424 681,

334 2446 431 2471 nunc
452 2435 510 2471 ina
532 2435 677 2473 videtur
695 2449 774 2472 cum
796 2435 996 2472 continenti

334 2494 453 2537 terra,
493 2503 588 2539 quae
618 2493 714 2528 inter
749 2491 863 2528 lacum
899 2490 996 2527 illum

334 2560 506 2596 mareque
552 2548 727 2591 interest,
792 2547 995 2584 coniuncta.

334 2602 529 2640 Mannerto
553 2603 607 2647 X,
633 2606 657 2642 2
677 2616 762 2652 pag.
785 2605 874 2643 166.
901 2604 992 2643 168.

339 2662 417 2700 178
447 2671 553 2709 seqq.
596 2658 714 2696 insula
759 2660 887 2696 eadem
925 2663 993 2704 est,

335 2728 429 2765 quae
448 2715 554 2765 vuigo
573 2714 727 2753 Blenina:
744 2720 903 2760 vocatur,
921 2714 995 2751 Lo-

338 2773 583 2823 tophagorum
600 2772 708 2810 sedes
730 2773 819 2817 (vid.
839 2775 932 2807 nott.
948 2771 995 2806 ad

341 2828 401 2875 lV,
435 2829 567 2877 177),
607 2829 757 2879 ipseque
797 2827 995 2864 Tritonidis

338 2885 438 2922 lacus
456 2890 511 2924 est
527 2885 650 2936 Syrtis
667 2888 778 2923 minor
795 2885 996 2936 importuo-

1054 588 1116 623 sa,
1147 588 1168 613 e
1187 576 1286 612 cuius
1307 575 1478 611 tortuosis
1497 575 1713 624 ambagibus

1053 633 1110 669 vix
1134 644 1176 669 ac
1207 644 1253 669 ne
1274 632 1333 668 vix
1360 632 1507 680 quidem
1534 633 1714 681 navigan-

1054 693 1111 726 tes
1141 701 1181 725 se
1212 688 1384 737 expedire
1412 689 1618 738 potuerint3
1665 689 1714 724 ita

1054 749 1092 781 ut
1104 772 1115 791 ,
1145 756 1384 793 quaecunque
1402 745 1449 781 de
1467 743 1545 781 lacu
1563 744 1713 781 tradan-

1053 806 1134 847 tur,
1164 814 1185 838 e
1202 805 1392 850 poetarum
1415 800 1571 849 ingeniis
1598 802 1713 838 ssuxe-

1054 858 1137 893 rint.
1182 856 1304 905 Atque
1324 856 1598 893 Schlichthorst.
1624 870 1710 907 pag.

1057 912 1158 959 147,
1215 913 1276 961 qui
1325 913 1372 949 de
1420 911 1565 949 Tritone
1615 926 1712 949 amne

1052 968 1188 1006 Shawii
1253 968 1418 1017 sequitur
1482 969 1713 1016 sententiam,

1053 1026 1176 1062 omnia
1206 1025 1376 1074 expedita
1412 1025 1492 1061 fore
1521 1025 1713 1071 existimat,

1054 1082 1084 1117 si
1101 1081 1332 1119 Herodotum
1351 1081 1560 1119 confudisse
1572 1085 1713 1118 statua-

1053 1151 1132 1175 mus
1156 1137 1357 1174 Tritonidis
1377 1137 1493 1174 lacum
1516 1151 1595 1175 cum
1613 1138 1713 1187 Syrti

1053 1194 1202 1241 minori,
1233 1206 1326 1241 quae
1349 1194 1532 1231 interdum
1551 1194 1713 1244 paludis,

1053 1264 1082 1287 s.
1104 1253 1213 1287 maris
1231 1249 1432 1287 Tritonidis
1454 1251 1626 1287 obveniat
1647 1263 1714 1287 no-

1053 1308 1161 1345 mine.
1195 1307 1233 1343 ln
1257 1320 1365 1355 quam
1384 1307 1602 1345 sententiam
1625 1308 1712 1344 scri-

1054 1364 1104 1400 bit
1114 1377 1259 1412 quoque
1271 1363 1435 1401 Viileker.
1446 1363 1711 1412 Myth.Ge0g1-.

1053 1420 1067 1456 l
1087 1433 1122 1469 p.
1143 1420 1197 1460 35
1217 1420 1329 1456 videri
1347 1433 1463 1468 usque
1479 1420 1526 1455 ad
1541 1420 1711 1456 Herodo-

1052 1481 1127 1521 tum
1147 1477 1263 1525 ipsam
1284 1476 1420 1525 Syrtim
1446 1477 1622 1513 minorem
1643 1476 1710 1512 sub

1053 1532 1248 1569 Tritonide
1270 1532 1382 1569 fuisse
1400 1531 1709 1582 comprehensam.

1051 1587 1170 1625 Nobis
1205 1588 1321 1636 magis
1365 1588 1501 1625 arridet
1541 1588 1710 1625 Rennelii

1051 1648 1165 1693 atque
1191 1643 1365 1681 Heerenii
1394 1644 1595 1691 sententia,
1641 1645 1713 1693 qua

1053 1700 1139 1737 olim
1161 1699 1391 1738 Tritonidem
1416 1700 1534 1738 lacum
1565 1712 1607 1737 ae
1624 1701 1714 1749 Syr-

1053 1758 1118 1794 tim
1154 1756 1267 1794 fuisse
1303 1757 1460 1794 iunctum
1501 1758 1712 1807 pronuntia-

1053 1826 1158 1859 mus3
1207 1814 1398 1863 ipsamque
1426 1813 1579 1850 insulam
1610 1813 1711 1858 Phia,

1053 1874 1137 1908 ante
1176 1869 1273 1906 lacus
1311 1870 1440 1906 ostium
1473 1870 1556 1906 olim
1591 1870 1711 1915 sitam,

1053 1939 1149 1963 nune
1163 1938 1297 1963 arenae
1311 1925 1457 1963 afflatae
1478 1930 1516 1963 et
1536 1930 1712 1975 aggestae

1053 1982 1149 2020 moie
1201 1995 1282 2019 cum
1340 1983 1419 2032 ipsa
1463 1987 1560 2019 terra
1603 1982 1712 2032 plane

1053 2039 1228 2077 coaluisse
1275 2039 1434 2088 indeque
1474 2039 1620 2076 fluvium
1665 2038 1712 2074 El

1052 2095 1248 2140 Hammah,
1266 2096 1328 2144 qui
1348 2108 1415 2146 pro
1431 2094 1587 2132 Tritone
1605 2107 1711 2132 amne

1052 2152 1264 2197 habendus,
1309 2152 1346 2188 in
1375 2164 1419 2189 ea
1447 2152 1526 2201 ipsit
1552 2152 1712 2197 interire,

1052 2221 1132 2246 cum
1150 2209 1198 2245 ob
1227 2209 1374 2245 nimiam
1394 2220 1527 2246 arenae
1546 2208 1711 2245 obiectae

1051 2265 1194 2315 copiam
1227 2265 1275 2301 ad
1297 2265 1412 2314 ipsum
1433 2263 1550 2301 lacum
1579 2276 1710 2314 perve-

1052 2322 1131 2358 nire
1161 2326 1330 2370 nequeat.
1390 2320 1439 2357 Et
1466 2324 1640 2370 poterunt
1672 2320 1709 2355 in

1052 2378 1275 2415 Herodoteis
1296 2375 1466 2413 nonnulla
1488 2388 1576 2413 sane
1595 2375 1707 2412 aliun-

1054 2435 1120 2479 de,
1161 2438 1350 2483 poctarum
1375 2432 1514 2469 iliorum
1545 2432 1654 2469 credo
1686 2445 1706 2469 e

1054 2490 1284 2534 carminibus,
1308 2489 1437 2525 hausta
1453 2489 1579 2534 videri,
1600 2501 1708 2538 prae-

1053 2547 1175 2583 sertim
1201 2545 1230 2581 si
1252 2545 1299 2581 ad
1317 2557 1378 2581 eas
1403 2557 1517 2593 usque
1539 2546 1709 2593 regiones

1052 2603 1168 2652 ipsum
1201 2601 1416 2650 scriptorem
1452 2602 1509 2637 vix
1538 2614 1710 2651 progres-

1051 2671 1128 2694 sum
1157 2670 1238 2694 esse
1263 2657 1528 2694 existimemus:
1569 2657 1615 2695 de
1637 2670 1711 2706 quo

1054 2714 1146 2750 conf.
1174 2718 1266 2750 nott.
1293 2714 1340 2749 ad
1364 2713 1424 2759 lv,
1452 2715 1541 2754 168.
1590 2715 1710 2751 Verba

1053 2770 1204 2809 ἐκδιδοῖ
1221 2766 1262 2807 δὲ
1287 2763 1451 2815 οὗτοςκ.
1471 2785 1502 2807 τ.
1523 2773 1555 2808 λ.
1574 2771 1709 2808 excitat

1053 2826 1216 2863 Eustatli.
1237 2826 1283 2862 ad
1295 2826 1446 2874 Dionys.
1458 2827 1600 2876 Perieg.
1613 2828 1708 2866 267.

1051 2882 1180 2934 steph.
1198 2882 1288 2932 Byz.
1312 2896 1350 2933 p.
1371 2883 1466 2924 739.

1825 425 1863 474 1ἶ9
