<?xml version="1.0" encoding="UTF-8"?>
<!DOCTYPE html PUBLIC "-//W3C//DTD XHTML 1.0 Transitional//EN"
    "http://www.w3.org/TR/xhtml1/DTD/xhtml1-transitional.dtd">
<html xmlns="http://www.w3.org/1999/xhtml" xml:lang="en" lang="en">
 <head>
  <title>
</title>
<meta http-equiv="Content-Type" content="text/html;charset=utf-8" />
  <meta name='ocr-system' content='tesseract 3.04.00' />
  <meta name='ocr-capabilities' content='ocr_page ocr_carea ocr_par ocr_line ocrx_word'/>
</head>
<body>
  <div class='ocr_page' id='page_1' title='image "./musaeher02hero/musaeher02hero_0365.png"; bbox 0 0 1863 3256; ppageno 0'>
   <div class='ocr_carea' id='block_1_1' title="bbox 452 125 1022 166">
    <p class='ocr_par' dir='ltr' id='par_1_1' title="bbox 452 125 1022 166">
     <span class='ocr_line' id='line_1_1' title="bbox 452 125 1022 166; baseline -0.005 0"><span class='ocrx_word' id='word_1_1' title='bbox 452 125 1022 166; x_wconf 87' lang='lat' dir='ltr'>MELPOMENE.</span> 
     </span>
    </p>
   </div>
   <div class='ocr_carea' id='block_1_2' title="bbox 1081 126 1434 171">
    <p class='ocr_par' dir='ltr' id='par_1_2' title="bbox 1081 126 1434 171">
     <span class='ocr_line' id='line_1_2' title="bbox 1081 126 1434 171; baseline 0.02 -8"><span class='ocrx_word' id='word_1_2' title='bbox 1081 126 1143 164; x_wconf 91' lang='lat' dir='ltr'>1V.</span> <span class='ocrx_word' id='word_1_3' title='bbox 1352 132 1434 171; x_wconf 82' lang='lat'>351</span> 
     </span>
    </p>
   </div>
   <div class='ocr_carea' id='block_1_3' title="bbox 133 233 1493 294">
    <p class='ocr_par' dir='ltr' id='par_1_3' title="bbox 133 233 1493 294">
     <span class='ocr_line' id='line_1_3' title="bbox 133 233 1493 294; baseline -0.002 -11"><span class='ocrx_word' id='word_1_4' title='bbox 133 242 278 294; x_wconf 75' lang='grc' dir='ltr'>Βγελῶ</span> <span class='ocrx_word' id='word_1_5' title='bbox 316 239 362 283; x_wconf 76' lang='grc' dir='ltr'>δὲ</span> <span class='ocrx_word' id='word_1_6' title='bbox 395 237 533 293; x_wconf 79' lang='grc' dir='ltr'><strong><em>ὁρέων</em></strong></span> <span class='ocrx_word' id='word_1_7' title='bbox 562 240 641 293; x_wconf 78' lang='grc' dir='ltr'>γῆς</span> <span class='ocrx_word' id='word_1_8' title='bbox 670 234 905 290; x_wconf 79' lang='grc' dir='ltr'><strong><em>περιόδους</em></strong></span> <span class='ocrx_word' id='word_1_9' title='bbox 935 233 1210 291; x_wconf 79' lang='grc' dir='ltr'><strong><em>γράψαντας,</em></strong></span> <span class='ocrx_word' id='word_1_10' title='bbox 1248 239 1493 288; x_wconf 60' lang='grc' dir='ltr'><strong><em>πολλούςὲᾶ</em></strong></span> 
     </span>
    </p>
   </div>
   <div class='ocr_carea' id='block_1_4' title="bbox 95 397 770 2491">
    <p class='ocr_par' dir='ltr' id='par_1_4' title="bbox 101 397 770 886">
     <span class='ocr_line' id='line_1_4' title="bbox 104 397 768 449; baseline 0.005 -16"><span class='ocrx_word' id='word_1_11' title='bbox 104 399 238 435; x_wconf 75' lang='lat' dir='ltr'>Strabo</span> <span class='ocrx_word' id='word_1_12' title='bbox 271 400 303 445; x_wconf 92' lang='lat' dir='ltr'>l,</span> <span class='ocrx_word' id='word_1_13' title='bbox 332 402 356 438; x_wconf 83' lang='lat'>3</span> <span class='ocrx_word' id='word_1_14' title='bbox 388 413 422 449; x_wconf 94' lang='lat' dir='ltr'>p.</span> <span class='ocrx_word' id='word_1_15' title='bbox 453 400 519 437; x_wconf 88' lang='grc'>61.</span> <span class='ocrx_word' id='word_1_16' title='bbox 545 399 599 438; x_wconf 79' lang='grc'>62</span> <span class='ocrx_word' id='word_1_17' title='bbox 628 409 656 433; x_wconf 85' lang='lat' dir='ltr'>S·</span> <span class='ocrx_word' id='word_1_18' title='bbox 689 397 768 437; x_wconf 86' lang='lat'>106</span> 
     </span>
     <span class='ocr_line' id='line_1_5' title="bbox 105 453 770 504; baseline -0.005 -13"><span class='ocrx_word' id='word_1_19' title='bbox 105 456 147 491; x_wconf 86' lang='lat' dir='ltr'>C.</span> <span class='ocrx_word' id='word_1_20' title='bbox 167 469 242 504; x_wconf 77' lang='lat' dir='ltr'>seq.</span> <span class='ocrx_word' id='word_1_21' title='bbox 273 455 566 499; x_wconf 67' lang='lat' dir='ltr'>Eratosthenem,</span> <span class='ocrx_word' id='word_1_22' title='bbox 591 453 770 491; x_wconf 79' lang='lat' dir='ltr'><strong>Herodoti</strong></span> 
     </span>
     <span class='ocr_line' id='line_1_6' title="bbox 104 512 769 560; baseline -0.003 -14"><span class='ocrx_word' id='word_1_23' title='bbox 104 512 201 547; x_wconf 79' lang='lat' dir='ltr'>«licta</span> <span class='ocrx_word' id='word_1_24' title='bbox 221 513 463 557; x_wconf 74' lang='lat' dir='ltr'>cavillantem,</span> <span class='ocrx_word' id='word_1_25' title='bbox 491 517 527 547; x_wconf 82' lang='lat' dir='ltr'>et</span> <span class='ocrx_word' id='word_1_26' title='bbox 551 512 669 560; x_wconf 89' lang='lat' dir='ltr'>ipsum</span> <span class='ocrx_word' id='word_1_27' title='bbox 687 522 769 558; x_wconf 91' lang='lat' dir='ltr'>per-</span> 
     </span>
     <span class='ocr_line' id='line_1_7' title="bbox 104 566 767 616; baseline -0.006 -13"><span class='ocrx_word' id='word_1_28' title='bbox 104 569 264 615; x_wconf 82' lang='lat' dir='ltr'>stringit.</span> <span class='ocrx_word' id='word_1_29' title='bbox 303 567 437 616; x_wconf 86' lang='lat' dir='ltr'>Attigit</span> <span class='ocrx_word' id='word_1_30' title='bbox 469 579 616 615; x_wconf 85' lang='lat' dir='ltr'>quoque</span> <span class='ocrx_word' id='word_1_31' title='bbox 646 566 767 601; x_wconf 78' lang='lat' dir='ltr'>Hero-</span> 
     </span>
     <span class='ocr_line' id='line_1_8' title="bbox 103 621 768 672; baseline -0.006 -11"><span class='ocrx_word' id='word_1_32' title='bbox 103 625 214 661; x_wconf 84' lang='lat' dir='ltr'>dotea</span> <span class='ocrx_word' id='word_1_33' title='bbox 252 623 364 660; x_wconf 87' lang='lat' dir='ltr'>schol.</span> <span class='ocrx_word' id='word_1_34' title='bbox 405 622 525 672; x_wconf 81' lang='lat' dir='ltr'><strong>Apoll.</strong></span> <span class='ocrx_word' id='word_1_35' title='bbox 559 622 680 658; x_wconf 86' lang='lat' dir='ltr'>Rhod.</span> <span class='ocrx_word' id='word_1_36' title='bbox 724 621 768 667; x_wconf 93' lang='lat' dir='ltr'>ll,</span> 
     </span>
     <span class='ocr_line' id='line_1_9' title="bbox 103 678 768 729; baseline -0.009 -10"><span class='ocrx_word' id='word_1_37' title='bbox 103 680 208 725; x_wconf 76' lang='lat'><strong>6753</strong></span> <span class='ocrx_word' id='word_1_38' title='bbox 239 679 401 729; x_wconf 79' lang='lat' dir='ltr'><strong>itemque</strong></span> <span class='ocrx_word' id='word_1_39' title='bbox 436 684 563 715; x_wconf 88' lang='lat' dir='ltr'>nostra</span> <span class='ocrx_word' id='word_1_40' title='bbox 592 678 768 715; x_wconf 86' lang='lat' dir='ltr'>memoria</span> 
     </span>
     <span class='ocr_line' id='line_1_10' title="bbox 102 734 768 785; baseline -0.002 -13"><span class='ocrx_word' id='word_1_41' title='bbox 102 735 362 783; x_wconf 74' lang='lat' dir='ltr'>Wyttenbach.</span> <span class='ocrx_word' id='word_1_42' title='bbox 400 737 553 785; x_wconf 79' lang='lat' dir='ltr'>praefat.</span> <span class='ocrx_word' id='word_1_43' title='bbox 582 735 629 771; x_wconf 90' lang='lat' dir='ltr'>ad</span> <span class='ocrx_word' id='word_1_44' title='bbox 649 734 768 771; x_wconf 89' lang='lat' dir='ltr'>Phae-</span> 
     </span>
     <span class='ocr_line' id='line_1_11' title="bbox 101 792 768 843; baseline 0 -16"><span class='ocrx_word' id='word_1_45' title='bbox 101 792 186 829; x_wconf 90' lang='lat' dir='ltr'>don.</span> <span class='ocrx_word' id='word_1_46' title='bbox 213 806 299 843; x_wconf 90' lang='lat' dir='ltr'>pag.</span> <span class='ocrx_word' id='word_1_47' title='bbox 322 793 522 839; x_wconf 84' lang='lat' dir='ltr'>XXXVII,</span> <span class='ocrx_word' id='word_1_48' title='bbox 555 797 597 829; x_wconf 90' lang='lat' dir='ltr'>ut</span> <span class='ocrx_word' id='word_1_49' title='bbox 624 792 768 829; x_wconf 88' lang='lat' dir='ltr'>monuit</span> 
     </span>
     <span class='ocr_line' id='line_1_12' title="bbox 101 849 218 886; baseline 0 0"><span class='ocrx_word' id='word_1_50' title='bbox 101 849 218 886; x_wconf 84' lang='lat' dir='ltr'>Gaisf.</span> 
     </span>
    </p>

    <p class='ocr_par' dir='ltr' id='par_1_5' title="bbox 95 900 766 2491">
     <span class='ocr_line' id='line_1_13' title="bbox 158 900 765 957; baseline 0 -13"><span class='ocrx_word' id='word_1_51' title='bbox 158 908 259 957; x_wconf 78' lang='grc' dir='ltr'>γελῶ</span> <span class='ocrx_word' id='word_1_52' title='bbox 299 903 341 945; x_wconf 80' lang='grc' dir='ltr'>δὲ</span> <span class='ocrx_word' id='word_1_53' title='bbox 371 903 498 956; x_wconf 74' lang='grc' dir='ltr'><em>ὁρέων</em></span> <span class='ocrx_word' id='word_1_54' title='bbox 529 908 604 957; x_wconf 73' lang='grc' dir='ltr'>γῆς</span> <span class='ocrx_word' id='word_1_55' title='bbox 630 900 765 953; x_wconf 81' lang='grc' dir='ltr'><em>περιό-</em></span> 
     </span>
     <span class='ocr_line' id='line_1_14' title="bbox 101 959 766 1015; baseline -0.003 -13"><span class='ocrx_word' id='word_1_56' title='bbox 101 963 197 1009; x_wconf 82' lang='grc' dir='ltr'><em>δους</em></span> <span class='ocrx_word' id='word_1_57' title='bbox 227 959 464 1015; x_wconf 72' lang='grc' dir='ltr'><em>γράψαντας</em></span> <span class='ocrx_word' id='word_1_58' title='bbox 483 978 517 1003; x_wconf 78' lang='grc' dir='ltr'>κ.</span> <span class='ocrx_word' id='word_1_59' title='bbox 542 979 571 1001; x_wconf 90' lang='grc' dir='ltr'>τ.</span> <span class='ocrx_word' id='word_1_60' title='bbox 597 961 655 1012; x_wconf 83' lang='grc' dir='ltr'>λ.]</span> <span class='ocrx_word' id='word_1_61' title='bbox 687 964 766 1000; x_wconf 85' lang='lat' dir='ltr'>He-</span> 
     </span>
     <span class='ocr_line' id='line_1_15' title="bbox 101 1020 765 1071; baseline -0.002 -14"><span class='ocrx_word' id='word_1_62' title='bbox 101 1021 221 1057; x_wconf 88' lang='lat' dir='ltr'>rodoti</span> <span class='ocrx_word' id='word_1_63' title='bbox 246 1021 554 1071; x_wconf 77' lang='lat' dir='ltr'>vituperationem</span> <span class='ocrx_word' id='word_1_64' title='bbox 574 1021 621 1057; x_wconf 91' lang='lat' dir='ltr'>ad</span> <span class='ocrx_word' id='word_1_65' title='bbox 643 1020 765 1056; x_wconf 87' lang='lat' dir='ltr'>Heca-</span> 
     </span>
     <span class='ocr_line' id='line_1_16' title="bbox 101 1077 764 1127; baseline 0.002 -14"><span class='ocrx_word' id='word_1_66' title='bbox 101 1082 221 1115; x_wconf 87' lang='lat' dir='ltr'>taeum</span> <span class='ocrx_word' id='word_1_67' title='bbox 251 1077 431 1115; x_wconf 83' lang='lat' dir='ltr'>Milesium</span> <span class='ocrx_word' id='word_1_68' title='bbox 456 1079 651 1127; x_wconf 80' lang='lat' dir='ltr'>praecipue</span> <span class='ocrx_word' id='word_1_69' title='bbox 678 1090 764 1126; x_wconf 90' lang='lat' dir='ltr'>spe-</span> 
     </span>
     <span class='ocr_line' id='line_1_17' title="bbox 101 1136 765 1172; baseline -0.005 -1"><span class='ocrx_word' id='word_1_70' title='bbox 101 1139 200 1171; x_wconf 89' lang='lat' dir='ltr'>ctare</span> <span class='ocrx_word' id='word_1_71' title='bbox 249 1139 289 1171; x_wconf 92' lang='lat' dir='ltr'>ut</span> <span class='ocrx_word' id='word_1_72' title='bbox 337 1136 485 1172; x_wconf 89' lang='lat' dir='ltr'>credam</span> <span class='ocrx_word' id='word_1_73' title='bbox 533 1136 765 1171; x_wconf 86' lang='lat' dir='ltr'>commovent</span> 
     </span>
     <span class='ocr_line' id='line_1_18' title="bbox 100 1189 764 1241; baseline -0.006 -13"><span class='ocrx_word' id='word_1_74' title='bbox 100 1204 160 1228; x_wconf 89' lang='lat' dir='ltr'>me</span> <span class='ocrx_word' id='word_1_75' title='bbox 185 1204 254 1237; x_wconf 88' lang='lat' dir='ltr'>ea,</span> <span class='ocrx_word' id='word_1_76' title='bbox 287 1203 382 1239; x_wconf 86' lang='lat' dir='ltr'>quae</span> <span class='ocrx_word' id='word_1_77' title='bbox 404 1191 541 1241; x_wconf 87' lang='lat' dir='ltr'>scripta</span> <span class='ocrx_word' id='word_1_78' title='bbox 558 1194 699 1228; x_wconf 89' lang='lat' dir='ltr'>exstant</span> <span class='ocrx_word' id='word_1_79' title='bbox 719 1189 764 1234; x_wconf 91' lang='lat' dir='ltr'>ll,</span> 
     </span>
     <span class='ocr_line' id='line_1_19' title="bbox 100 1245 765 1295; baseline -0.005 -11"><span class='ocrx_word' id='word_1_80' title='bbox 100 1251 177 1294; x_wconf 80' lang='lat'>21,</span> <span class='ocrx_word' id='word_1_81' title='bbox 208 1247 270 1284; x_wconf 92' lang='lat' dir='ltr'>ubi</span> <span class='ocrx_word' id='word_1_82' title='bbox 299 1248 371 1284; x_wconf 90' lang='lat' dir='ltr'>vid.</span> <span class='ocrx_word' id='word_1_83' title='bbox 403 1252 496 1284; x_wconf 87' lang='lat' dir='ltr'>nott.</span> <span class='ocrx_word' id='word_1_84' title='bbox 540 1246 674 1295; x_wconf 90' lang='lat' dir='ltr'>Neque</span> <span class='ocrx_word' id='word_1_85' title='bbox 699 1245 765 1283; x_wconf 91' lang='lat' dir='ltr'>ali-</span> 
     </span>
     <span class='ocr_line' id='line_1_20' title="bbox 98 1303 764 1354; baseline -0.002 -14"><span class='ocrx_word' id='word_1_86' title='bbox 98 1308 156 1341; x_wconf 87' lang='lat' dir='ltr'>ter</span> <span class='ocrx_word' id='word_1_87' title='bbox 198 1303 377 1354; x_wconf 82' lang='lat' dir='ltr'>placuisse</span> <span class='ocrx_word' id='word_1_88' title='bbox 419 1305 527 1341; x_wconf 76' lang='lat' dir='ltr'>video</span> <span class='ocrx_word' id='word_1_89' title='bbox 568 1303 764 1341; x_wconf 87' lang='lat' dir='ltr'>Bredowio</span> 
     </span>
     <span class='ocr_line' id='line_1_21' title="bbox 99 1360 762 1410; baseline -0.003 -12"><span class='ocrx_word' id='word_1_90' title='bbox 99 1360 259 1410; x_wconf 87' lang='lat' dir='ltr'>(Geogr.</span> <span class='ocrx_word' id='word_1_91' title='bbox 306 1366 343 1398; x_wconf 91' lang='lat' dir='ltr'>et</span> <span class='ocrx_word' id='word_1_92' title='bbox 379 1360 584 1410; x_wconf 89' lang='lat' dir='ltr'>Uranolog.</span> <span class='ocrx_word' id='word_1_93' title='bbox 621 1360 762 1397; x_wconf 87' lang='lat' dir='ltr'>Herod.</span> 
     </span>
     <span class='ocr_line' id='line_1_22' title="bbox 99 1412 764 1469; baseline -0.002 -15"><span class='ocrx_word' id='word_1_94' title='bbox 99 1418 246 1468; x_wconf 87' lang='lat' dir='ltr'>specim.</span> <span class='ocrx_word' id='word_1_95' title='bbox 276 1430 363 1467; x_wconf 87' lang='lat' dir='ltr'>pag.</span> <span class='ocrx_word' id='word_1_96' title='bbox 395 1418 481 1455; x_wconf 82' lang='lat' dir='ltr'>XVI</span> <span class='ocrx_word' id='word_1_97' title='bbox 509 1412 604 1469; x_wconf 90' lang='lat' dir='ltr'>not.)</span> <span class='ocrx_word' id='word_1_98' title='bbox 649 1422 764 1466; x_wconf 91' lang='lat' dir='ltr'>atque</span> 
     </span>
     <span class='ocr_line' id='line_1_23' title="bbox 96 1474 764 1526; baseline 0 -15"><span class='ocrx_word' id='word_1_99' title='bbox 96 1475 308 1526; x_wconf 85' lang='lat' dir='ltr'>nuperrimo</span> <span class='ocrx_word' id='word_1_100' title='bbox 331 1475 619 1521; x_wconf 68' lang='lat' dir='ltr'>fragmentorum</span> <span class='ocrx_word' id='word_1_101' title='bbox 640 1474 764 1512; x_wconf 88' lang='lat' dir='ltr'>Heca·</span> 
     </span>
     <span class='ocr_line' id='line_1_24' title="bbox 97 1531 763 1577; baseline -0.002 -9"><span class='ocrx_word' id='word_1_102' title='bbox 97 1533 169 1569; x_wconf 83' lang='lat' dir='ltr'>taei</span> <span class='ocrx_word' id='word_1_103' title='bbox 195 1531 342 1577; x_wconf 88' lang='lat' dir='ltr'>editori,</span> <span class='ocrx_word' id='word_1_104' title='bbox 366 1532 544 1577; x_wconf 84' lang='lat' dir='ltr'>Klausen,</span> <span class='ocrx_word' id='word_1_105' title='bbox 573 1532 665 1568; x_wconf 90' lang='lat' dir='ltr'>bene</span> <span class='ocrx_word' id='word_1_106' title='bbox 683 1544 763 1568; x_wconf 92' lang='lat' dir='ltr'>mo-</span> 
     </span>
     <span class='ocr_line' id='line_1_25' title="bbox 97 1586 762 1639; baseline -0.003 -13"><span class='ocrx_word' id='word_1_107' title='bbox 97 1589 201 1626; x_wconf 90' lang='lat' dir='ltr'>nenti</span> <span class='ocrx_word' id='word_1_108' title='bbox 222 1586 325 1639; x_wconf 87' lang='lat' dir='ltr'>(pag.</span> <span class='ocrx_word' id='word_1_109' title='bbox 339 1590 392 1630; x_wconf 84' lang='lat'>39</span> <span class='ocrx_word' id='word_1_110' title='bbox 403 1591 503 1637; x_wconf 87' lang='lat' dir='ltr'>seq.)</span> <span class='ocrx_word' id='word_1_111' title='bbox 520 1588 762 1635; x_wconf 82' lang='lat' dir='ltr'>Hecataeum,</span> 
     </span>
     <span class='ocr_line' id='line_1_26' title="bbox 97 1644 762 1695; baseline -0.002 -13"><span class='ocrx_word' id='word_1_112' title='bbox 97 1658 207 1695; x_wconf 89' lang='lat' dir='ltr'>quem</span> <span class='ocrx_word' id='word_1_113' title='bbox 236 1657 330 1694; x_wconf 90' lang='lat' dir='ltr'>opus</span> <span class='ocrx_word' id='word_1_114' title='bbox 360 1645 396 1682; x_wconf 93' lang='lat' dir='ltr'>in</span> <span class='ocrx_word' id='word_1_115' title='bbox 425 1645 518 1682; x_wconf 88' lang='lat' dir='ltr'>duos</span> <span class='ocrx_word' id='word_1_116' title='bbox 538 1644 649 1682; x_wconf 91' lang='lat' dir='ltr'>libros</span> <span class='ocrx_word' id='word_1_117' title='bbox 669 1645 762 1681; x_wconf 88' lang='lat' dir='ltr'>divi-</span> 
     </span>
     <span class='ocr_line' id='line_1_27' title="bbox 97 1699 762 1749; baseline -0.003 -10"><span class='ocrx_word' id='word_1_118' title='bbox 97 1714 202 1749; x_wconf 89' lang='lat' dir='ltr'>sum,</span> <span class='ocrx_word' id='word_1_119' title='bbox 232 1699 358 1738; x_wconf 87' lang='lat' dir='ltr'>Asiam</span> <span class='ocrx_word' id='word_1_120' title='bbox 386 1701 554 1739; x_wconf 89' lang='lat' dir='ltr'>nimirum</span> <span class='ocrx_word' id='word_1_121' title='bbox 584 1706 621 1740; x_wconf 89' lang='lat' dir='ltr'>et</span> <span class='ocrx_word' id='word_1_122' title='bbox 644 1701 762 1738; x_wconf 87' lang='lat' dir='ltr'>Euro-</span> 
     </span>
     <span class='ocr_line' id='line_1_28' title="bbox 97 1758 763 1809; baseline -0.002 -14"><span class='ocrx_word' id='word_1_123' title='bbox 97 1771 197 1809; x_wconf 82' lang='lat' dir='ltr'>pam,</span> <span class='ocrx_word' id='word_1_124' title='bbox 227 1759 287 1804; x_wconf 90' lang='lat' dir='ltr'>(cf.</span> <span class='ocrx_word' id='word_1_125' title='bbox 312 1758 397 1794; x_wconf 89' lang='lat' dir='ltr'>ibid.</span> <span class='ocrx_word' id='word_1_126' title='bbox 420 1772 504 1808; x_wconf 85' lang='lat' dir='ltr'>pag.</span> <span class='ocrx_word' id='word_1_127' title='bbox 530 1760 600 1805; x_wconf 83' lang='lat'>13)</span> <span class='ocrx_word' id='word_1_128' title='bbox 636 1759 763 1795; x_wconf 89' lang='lat' dir='ltr'>condi-</span> 
     </span>
     <span class='ocr_line' id='line_1_29' title="bbox 97 1815 761 1865; baseline 0.002 -13"><span class='ocrx_word' id='word_1_129' title='bbox 97 1816 196 1852; x_wconf 81' lang='lat' dir='ltr'>disse</span> <span class='ocrx_word' id='word_1_130' title='bbox 224 1815 490 1864; x_wconf 87' lang='lat' dir='ltr'>Oceanumque</span> <span class='ocrx_word' id='word_1_131' title='bbox 518 1816 761 1865; x_wconf 80' lang='lat' dir='ltr'>proflumine</span> 
     </span>
     <span class='ocr_line' id='line_1_30' title="bbox 97 1871 761 1921; baseline -0.002 -12"><span class='ocrx_word' id='word_1_132' title='bbox 97 1884 241 1909; x_wconf 92' lang='lat' dir='ltr'>omnem</span> <span class='ocrx_word' id='word_1_133' title='bbox 259 1876 394 1909; x_wconf 91' lang='lat' dir='ltr'>terram</span> <span class='ocrx_word' id='word_1_134' title='bbox 405 1871 577 1921; x_wconf 82' lang='lat' dir='ltr'>cingente</span> <span class='ocrx_word' id='word_1_135' title='bbox 588 1871 761 1909; x_wconf 88' lang='lat' dir='ltr'>habuisse</span> 
     </span>
     <span class='ocr_line' id='line_1_31' title="bbox 96 1929 761 1979; baseline -0.002 -13"><span class='ocrx_word' id='word_1_136' title='bbox 96 1930 286 1976; x_wconf 89' lang='lat' dir='ltr'>novimus,</span> <span class='ocrx_word' id='word_1_137' title='bbox 323 1929 469 1978; x_wconf 90' lang='lat' dir='ltr'>saepius</span> <span class='ocrx_word' id='word_1_138' title='bbox 495 1929 608 1966; x_wconf 85' lang='lat' dir='ltr'>tacita</span> <span class='ocrx_word' id='word_1_139' title='bbox 636 1942 761 1979; x_wconf 87' lang='lat' dir='ltr'>repre-</span> 
     </span>
     <span class='ocr_line' id='line_1_32' title="bbox 95 1985 759 2035; baseline 0.002 -13"><span class='ocrx_word' id='word_1_140' title='bbox 95 1985 273 2023; x_wconf 89' lang='lat' dir='ltr'>hensione</span> <span class='ocrx_word' id='word_1_141' title='bbox 284 1986 330 2023; x_wconf 88' lang='lat' dir='ltr'>ab</span> <span class='ocrx_word' id='word_1_142' title='bbox 342 1985 537 2023; x_wconf 86' lang='lat' dir='ltr'>Herodoto</span> <span class='ocrx_word' id='word_1_143' title='bbox 548 1985 759 2035; x_wconf 85' lang='lat' dir='ltr'>perstringi.</span> 
     </span>
     <span class='ocr_line' id='line_1_33' title="bbox 96 2042 758 2092; baseline 0.003 -14"><span class='ocrx_word' id='word_1_144' title='bbox 96 2042 169 2087; x_wconf 86' lang='lat' dir='ltr'>Qui</span> <span class='ocrx_word' id='word_1_145' title='bbox 191 2042 367 2080; x_wconf 85' lang='lat' dir='ltr'>historiae</span> <span class='ocrx_word' id='word_1_146' title='bbox 382 2048 500 2092; x_wconf 90' lang='lat' dir='ltr'>pater,</span> <span class='ocrx_word' id='word_1_147' title='bbox 519 2042 758 2080; x_wconf 87' lang='lat' dir='ltr'>Mannertum</span> 
     </span>
     <span class='ocr_line' id='line_1_34' title="bbox 95 2099 758 2149; baseline 0 -13"><span class='ocrx_word' id='word_1_148' title='bbox 95 2099 126 2136; x_wconf 88' lang='lat' dir='ltr'>si</span> <span class='ocrx_word' id='word_1_149' title='bbox 153 2099 281 2136; x_wconf 83' lang='lat' dir='ltr'>audias</span> <span class='ocrx_word' id='word_1_150' title='bbox 312 2099 348 2147; x_wconf 94' lang='grc' dir='ltr'>(Ι</span> <span class='ocrx_word' id='word_1_151' title='bbox 379 2112 415 2149; x_wconf 92' lang='lat' dir='ltr'>p.</span> <span class='ocrx_word' id='word_1_152' title='bbox 450 2100 543 2147; x_wconf 82' lang='lat'>12),</span> <span class='ocrx_word' id='word_1_153' title='bbox 582 2099 652 2136; x_wconf 88' lang='lat' dir='ltr'>hoc</span> <span class='ocrx_word' id='word_1_154' title='bbox 679 2099 758 2137; x_wconf 94' lang='lat' dir='ltr'>loco</span> 
     </span>
     <span class='ocr_line' id='line_1_35' title="bbox 96 2156 757 2206; baseline 0.002 -14"><span class='ocrx_word' id='word_1_155' title='bbox 96 2156 246 2193; x_wconf 88' lang='lat' dir='ltr'>decreta</span> <span class='ocrx_word' id='word_1_156' title='bbox 275 2169 424 2204; x_wconf 86' lang='lat' dir='ltr'>eorum,</span> <span class='ocrx_word' id='word_1_157' title='bbox 455 2157 517 2206; x_wconf 89' lang='lat' dir='ltr'>qui</span> <span class='ocrx_word' id='word_1_158' title='bbox 549 2169 570 2194; x_wconf 91' lang='lat' dir='ltr'>e</span> <span class='ocrx_word' id='word_1_159' title='bbox 589 2156 757 2194; x_wconf 84' lang='lat' dir='ltr'>Thaletis</span> 
     </span>
     <span class='ocr_line' id='line_1_36' title="bbox 96 2212 757 2264; baseline 0.003 -15"><span class='ocrx_word' id='word_1_160' title='bbox 96 2212 288 2264; x_wconf 86' lang='lat' dir='ltr'>disciplina</span> <span class='ocrx_word' id='word_1_161' title='bbox 309 2214 463 2263; x_wconf 89' lang='lat' dir='ltr'>profecti</span> <span class='ocrx_word' id='word_1_162' title='bbox 491 2213 592 2263; x_wconf 88' lang='lat' dir='ltr'>globi</span> <span class='ocrx_word' id='word_1_163' title='bbox 621 2218 757 2251; x_wconf 88' lang='lat' dir='ltr'>statue-</span> 
     </span>
     <span class='ocr_line' id='line_1_37' title="bbox 96 2266 756 2323; baseline 0.003 -18"><span class='ocrx_word' id='word_1_164' title='bbox 96 2274 180 2306; x_wconf 87' lang='lat' dir='ltr'>rent</span> <span class='ocrx_word' id='word_1_165' title='bbox 228 2270 493 2308; x_wconf 88' lang='lat' dir='ltr'>rotunditatem</span> <span class='ocrx_word' id='word_1_166' title='bbox 542 2266 643 2323; x_wconf 92' lang='lat' dir='ltr'>(cum</span> <span class='ocrx_word' id='word_1_167' title='bbox 682 2270 756 2307; x_wconf 90' lang='lat' dir='ltr'>scil.</span> 
     </span>
     <span class='ocr_line' id='line_1_38' title="bbox 96 2325 757 2376; baseline 0.006 -15"><span class='ocrx_word' id='word_1_168' title='bbox 96 2325 176 2376; x_wconf 88' lang='lat' dir='ltr'>ipse</span> <span class='ocrx_word' id='word_1_169' title='bbox 230 2339 352 2365; x_wconf 91' lang='lat' dir='ltr'>rerum</span> <span class='ocrx_word' id='word_1_170' title='bbox 413 2327 757 2365; x_wconf 86' lang='lat' dir='ltr'>Mathematicarum</span> 
     </span>
     <span class='ocr_line' id='line_1_39' title="bbox 97 2383 758 2435; baseline 0.005 -17"><span class='ocrx_word' id='word_1_171' title='bbox 97 2383 245 2420; x_wconf 89' lang='lat' dir='ltr'>omnino</span> <span class='ocrx_word' id='word_1_172' title='bbox 272 2384 403 2422; x_wconf 85' lang='lat' dir='ltr'>suisset</span> <span class='ocrx_word' id='word_1_173' title='bbox 425 2384 598 2435; x_wconf 88' lang='lat' dir='ltr'>expers),</span> <span class='ocrx_word' id='word_1_174' title='bbox 628 2385 758 2422; x_wconf 84' lang='lat' dir='ltr'>consu-</span> 
     </span>
     <span class='ocr_line' id='line_1_40' title="bbox 97 2438 756 2491; baseline 0.006 -17"><span class='ocrx_word' id='word_1_175' title='bbox 97 2438 151 2474; x_wconf 88' lang='lat' dir='ltr'>dit</span> <span class='ocrx_word' id='word_1_176' title='bbox 169 2452 247 2476; x_wconf 91' lang='lat' dir='ltr'>curn</span> <span class='ocrx_word' id='word_1_177' title='bbox 268 2453 394 2478; x_wconf 91' lang='lat' dir='ltr'>eorum</span> <span class='ocrx_word' id='word_1_178' title='bbox 413 2442 599 2489; x_wconf 88' lang='lat' dir='ltr'>doctrina,</span> <span class='ocrx_word' id='word_1_179' title='bbox 629 2442 691 2491; x_wconf 90' lang='lat' dir='ltr'>qui</span> <span class='ocrx_word' id='word_1_180' title='bbox 707 2442 756 2478; x_wconf 91' lang='lat' dir='ltr'>ad</span> 
     </span>
    </p>
   </div>
   <div class='ocr_carea' id='block_1_5' title="bbox 95 2494 767 2535">
    <p class='ocr_par' dir='ltr' id='par_1_6' title="bbox 95 2494 767 2535">
     <span class='ocr_line' id='line_1_41' title="bbox 95 2494 767 2535; baseline 0.007 -5"><span class='ocrx_word' id='word_1_181' title='bbox 95 2494 248 2533; x_wconf 88' lang='lat' dir='ltr'>Homeri</span> <span class='ocrx_word' id='word_1_182' title='bbox 293 2498 512 2535; x_wconf 81' lang='lat' dir='ltr'>sententiam</span> <span class='ocrx_word' id='word_1_183' title='bbox 554 2511 630 2535; x_wconf 92' lang='lat' dir='ltr'>non</span> <span class='ocrx_word' id='word_1_184' title='bbox 667 2498 767 2535; x_wconf 86' lang='lat' dir='ltr'>nihil</span> 
     </span>
    </p>
   </div>
   <div class='ocr_carea' id='block_1_6' title="bbox 95 2551 757 2820">
    <p class='ocr_par' dir='ltr' id='par_1_7' title="bbox 95 2551 757 2820">
     <span class='ocr_line' id='line_1_42' title="bbox 95 2551 756 2605; baseline 0.008 -19"><span class='ocrx_word' id='word_1_185' title='bbox 95 2551 302 2601; x_wconf 87' lang='lat' dir='ltr'>ampliatam</span> <span class='ocrx_word' id='word_1_186' title='bbox 336 2558 493 2601; x_wconf 90' lang='lat' dir='ltr'>terram,</span> <span class='ocrx_word' id='word_1_187' title='bbox 522 2555 668 2605; x_wconf 90' lang='lat' dir='ltr'>qualem</span> <span class='ocrx_word' id='word_1_188' title='bbox 688 2568 756 2591; x_wconf 93' lang='lat' dir='ltr'>no-</span> 
     </span>
     <span class='ocr_line' id='line_1_43' title="bbox 95 2608 756 2652; baseline 0.009 -8"><span class='ocrx_word' id='word_1_189' title='bbox 95 2612 198 2652; x_wconf 88' lang='lat' dir='ltr'>rant,</span> <span class='ocrx_word' id='word_1_190' title='bbox 223 2608 402 2648; x_wconf 88' lang='lat' dir='ltr'>haberent</span> <span class='ocrx_word' id='word_1_191' title='bbox 417 2612 613 2649; x_wconf 89' lang='lat' dir='ltr'>rotundam</span> <span class='ocrx_word' id='word_1_192' title='bbox 635 2612 756 2649; x_wconf 89' lang='lat' dir='ltr'>Ocea-</span> 
     </span>
     <span class='ocr_line' id='line_1_44' title="bbox 95 2666 755 2718; baseline 0.009 -18"><span class='ocrx_word' id='word_1_193' title='bbox 95 2677 219 2713; x_wconf 89' lang='lat' dir='ltr'>noque</span> <span class='ocrx_word' id='word_1_194' title='bbox 235 2666 490 2705; x_wconf 83' lang='lat' dir='ltr'>circumfluam.</span> <span class='ocrx_word' id='word_1_195' title='bbox 521 2668 656 2718; x_wconf 89' lang='lat' dir='ltr'>Neque</span> <span class='ocrx_word' id='word_1_196' title='bbox 668 2682 755 2707; x_wconf 91' lang='lat' dir='ltr'>vero</span> 
     </span>
     <span class='ocr_line' id='line_1_45' title="bbox 96 2723 756 2763; baseline 0.011 -6"><span class='ocrx_word' id='word_1_197' title='bbox 96 2733 218 2758; x_wconf 88' lang='lat' dir='ltr'>veram</span> <span class='ocrx_word' id='word_1_198' title='bbox 248 2723 467 2759; x_wconf 86' lang='lat' dir='ltr'>sententiam</span> <span class='ocrx_word' id='word_1_199' title='bbox 489 2725 537 2762; x_wconf 88' lang='lat' dir='ltr'>de</span> <span class='ocrx_word' id='word_1_200' title='bbox 557 2731 678 2763; x_wconf 86' lang='lat' dir='ltr'>terrae</span> <span class='ocrx_word' id='word_1_201' title='bbox 696 2739 756 2762; x_wconf 90' lang='lat' dir='ltr'>ro-</span> 
     </span>
     <span class='ocr_line' id='line_1_46' title="bbox 96 2778 757 2820; baseline 0.009 -6"><span class='ocrx_word' id='word_1_202' title='bbox 96 2778 279 2816; x_wconf 88' lang='lat' dir='ltr'>tunditate</span> <span class='ocrx_word' id='word_1_203' title='bbox 313 2778 545 2819; x_wconf 87' lang='lat' dir='ltr'>Herodotum</span> <span class='ocrx_word' id='word_1_204' title='bbox 584 2781 757 2820; x_wconf 87' lang='lat' dir='ltr'>habuisse</span> 
     </span>
    </p>
   </div>
   <div class='ocr_carea' id='block_1_7' title="bbox 825 396 1493 844">
    <p class='ocr_par' dir='ltr' id='par_1_8' title="bbox 825 396 1493 844">
     <span class='ocr_line' id='line_1_47' title="bbox 827 396 1493 445; baseline 0.003 -14"><span class='ocrx_word' id='word_1_205' title='bbox 827 407 895 431; x_wconf 78' lang='lat' dir='ltr'>nec</span> <span class='ocrx_word' id='word_1_206' title='bbox 925 407 1009 441; x_wconf 90' lang='lat' dir='ltr'>eos,</span> <span class='ocrx_word' id='word_1_207' title='bbox 1045 408 1137 445; x_wconf 87' lang='lat' dir='ltr'>quos</span> <span class='ocrx_word' id='word_1_208' title='bbox 1168 396 1357 442; x_wconf 80' lang='lat' dir='ltr'>derideat,</span> <span class='ocrx_word' id='word_1_209' title='bbox 1397 396 1493 434; x_wconf 90' lang='lat' dir='ltr'>idem</span> 
     </span>
     <span class='ocr_line' id='line_1_48' title="bbox 827 451 1493 502; baseline 0.008 -16"><span class='ocrx_word' id='word_1_210' title='bbox 827 451 1012 489; x_wconf 88' lang='lat' dir='ltr'>Mannert.</span> <span class='ocrx_word' id='word_1_211' title='bbox 1038 453 1199 498; x_wconf 81' lang='lat' dir='ltr'>iudicat,</span> <span class='ocrx_word' id='word_1_212' title='bbox 1234 453 1397 502; x_wconf 87' lang='lat' dir='ltr'>quamvis</span> <span class='ocrx_word' id='word_1_213' title='bbox 1417 453 1493 491; x_wconf 89' lang='lat' dir='ltr'>He-</span> 
     </span>
     <span class='ocr_line' id='line_1_49' title="bbox 827 508 1491 560; baseline 0.006 -17"><span class='ocrx_word' id='word_1_214' title='bbox 827 508 1001 554; x_wconf 84' lang='lat' dir='ltr'>rodotus,</span> <span class='ocrx_word' id='word_1_215' title='bbox 1032 522 1126 557; x_wconf 80' lang='lat' dir='ltr'>quae</span> <span class='ocrx_word' id='word_1_216' title='bbox 1153 510 1267 560; x_wconf 86' lang='lat' dir='ltr'>ipsius</span> <span class='ocrx_word' id='word_1_217' title='bbox 1290 510 1399 547; x_wconf 82' lang='lat' dir='ltr'>suerit</span> <span class='ocrx_word' id='word_1_218' title='bbox 1419 514 1491 547; x_wconf 87' lang='lat' dir='ltr'>ter-</span> 
     </span>
     <span class='ocr_line' id='line_1_50' title="bbox 826 565 1491 604; baseline 0.005 -4"><span class='ocrx_word' id='word_1_219' title='bbox 826 576 945 600; x_wconf 88' lang='lat' dir='ltr'>rarum</span> <span class='ocrx_word' id='word_1_220' title='bbox 982 565 1173 602; x_wconf 88' lang='lat' dir='ltr'>multarum</span> <span class='ocrx_word' id='word_1_221' title='bbox 1204 579 1246 603; x_wconf 90' lang='lat' dir='ltr'>ac</span> <span class='ocrx_word' id='word_1_222' title='bbox 1267 568 1491 604; x_wconf 83' lang='lat' dir='ltr'>diversarum</span> 
     </span>
     <span class='ocr_line' id='line_1_51' title="bbox 826 621 1490 668; baseline 0.008 -13"><span class='ocrx_word' id='word_1_223' title='bbox 826 621 1006 668; x_wconf 86' lang='lat' dir='ltr'>cognitio,</span> <span class='ocrx_word' id='word_1_224' title='bbox 1035 622 1128 659; x_wconf 91' lang='lat' dir='ltr'>bene</span> <span class='ocrx_word' id='word_1_225' title='bbox 1148 623 1380 668; x_wconf 89' lang='lat' dir='ltr'>intellexerit,</span> <span class='ocrx_word' id='word_1_226' title='bbox 1410 623 1490 660; x_wconf 82' lang='lat' dir='ltr'>He·</span> 
     </span>
     <span class='ocr_line' id='line_1_52' title="bbox 825 678 1488 729; baseline 0.005 -15"><span class='ocrx_word' id='word_1_227' title='bbox 825 678 963 724; x_wconf 90' lang='lat' dir='ltr'>cataei,</span> <span class='ocrx_word' id='word_1_228' title='bbox 995 678 1169 725; x_wconf 83' lang='lat' dir='ltr'>aliorum,</span> <span class='ocrx_word' id='word_1_229' title='bbox 1201 693 1310 729; x_wconf 87' lang='lat' dir='ltr'>quam</span> <span class='ocrx_word' id='word_1_230' title='bbox 1331 679 1421 717; x_wconf 85' lang='lat' dir='ltr'>falsa</span> <span class='ocrx_word' id='word_1_231' title='bbox 1441 681 1488 717; x_wconf 83' lang='lat' dir='ltr'>sit</span> 
     </span>
     <span class='ocr_line' id='line_1_53' title="bbox 826 734 1487 787; baseline 0.008 -19"><span class='ocrx_word' id='word_1_232' title='bbox 826 734 960 783; x_wconf 91' lang='lat' dir='ltr'>opinio.</span> <span class='ocrx_word' id='word_1_233' title='bbox 1018 735 1100 773; x_wconf 87' lang='lat' dir='ltr'>Hoc</span> <span class='ocrx_word' id='word_1_234' title='bbox 1132 737 1228 773; x_wconf 82' lang='lat' dir='ltr'>enim</span> <span class='ocrx_word' id='word_1_235' title='bbox 1255 738 1487 787; x_wconf 87' lang='lat' dir='ltr'>potissimum</span> 
     </span>
     <span class='ocr_line' id='line_1_54' title="bbox 828 790 1485 844; baseline 0.006 -18"><span class='ocrx_word' id='word_1_236' title='bbox 828 790 929 827; x_wconf 83' lang='lat' dir='ltr'>llluin</span> <span class='ocrx_word' id='word_1_237' title='bbox 950 792 1016 828; x_wconf 87' lang='lat' dir='ltr'>sibi</span> <span class='ocrx_word' id='word_1_238' title='bbox 1035 793 1209 830; x_wconf 86' lang='lat' dir='ltr'>sumsisse</span> <span class='ocrx_word' id='word_1_239' title='bbox 1225 795 1302 830; x_wconf 89' lang='lat' dir='ltr'>vult</span> <span class='ocrx_word' id='word_1_240' title='bbox 1323 794 1485 844; x_wconf 89' lang='lat' dir='ltr'>proban-</span> 
     </span>
    </p>
   </div>
   <div class='ocr_carea' id='block_1_8' title="bbox 798 847 1488 894">
    <p class='ocr_par' dir='ltr' id='par_1_9' title="bbox 798 847 1488 894">
     <span class='ocr_line' id='line_1_55' title="bbox 798 847 1488 894; baseline 0.004 -11"><span class='ocrx_word' id='word_1_241' title='bbox 798 853 801 856; x_wconf 82' lang='grc'>’</span> <span class='ocrx_word' id='word_1_242' title='bbox 825 847 910 884; x_wconf 91' lang='lat' dir='ltr'>dum</span> <span class='ocrx_word' id='word_1_243' title='bbox 926 876 936 894; x_wconf 92' lang='lat'>,</span> <span class='ocrx_word' id='word_1_244' title='bbox 958 854 997 885; x_wconf 89' lang='lat' dir='ltr'>ut</span> <span class='ocrx_word' id='word_1_245' title='bbox 1018 853 1135 887; x_wconf 87' lang='lat' dir='ltr'>terrae</span> <span class='ocrx_word' id='word_1_246' title='bbox 1155 850 1384 888; x_wconf 86' lang='lat' dir='ltr'>latitudinem</span> <span class='ocrx_word' id='word_1_247' title='bbox 1408 849 1488 886; x_wconf 92' lang='lat' dir='ltr'>lon-</span> 
     </span>
    </p>
   </div>
   <div class='ocr_carea' id='block_1_9' title="bbox 808 905 1492 2834">
    <p class='ocr_par' dir='ltr' id='par_1_10' title="bbox 808 905 1492 2834">
     <span class='ocr_line' id='line_1_56' title="bbox 825 905 1487 958; baseline 0.003 -17"><span class='ocrx_word' id='word_1_248' title='bbox 825 905 992 952; x_wconf 80' lang='lat' dir='ltr'>gitudine</span> <span class='ocrx_word' id='word_1_249' title='bbox 1012 908 1175 956; x_wconf 89' lang='lat' dir='ltr'>superari</span> <span class='ocrx_word' id='word_1_250' title='bbox 1193 913 1388 958; x_wconf 88' lang='lat' dir='ltr'>appareret</span> <span class='ocrx_word' id='word_1_251' title='bbox 1408 906 1487 944; x_wconf 91' lang='lat' dir='ltr'>nul-</span> 
     </span>
     <span class='ocr_line' id='line_1_57' title="bbox 824 961 1488 1012; baseline 0.005 -15"><span class='ocrx_word' id='word_1_252' title='bbox 824 961 969 1012; x_wconf 88' lang='lat' dir='ltr'>lamque</span> <span class='ocrx_word' id='word_1_253' title='bbox 983 963 1064 999; x_wconf 88' lang='lat' dir='ltr'>hinc</span> <span class='ocrx_word' id='word_1_254' title='bbox 1075 964 1168 1001; x_wconf 83' lang='lat' dir='ltr'>effici</span> <span class='ocrx_word' id='word_1_255' title='bbox 1190 970 1310 1002; x_wconf 87' lang='lat' dir='ltr'>terrae</span> <span class='ocrx_word' id='word_1_256' title='bbox 1320 965 1488 1002; x_wconf 86' lang='lat' dir='ltr'>rotundi-</span> 
     </span>
     <span class='ocr_line' id='line_1_58' title="bbox 823 1021 1490 1072; baseline 0.003 -16"><span class='ocrx_word' id='word_1_257' title='bbox 823 1024 936 1057; x_wconf 87' lang='lat' dir='ltr'>tatem</span> <span class='ocrx_word' id='word_1_258' title='bbox 946 1021 1144 1069; x_wconf 84' lang='lat' dir='ltr'>quandam‚</span> <span class='ocrx_word' id='word_1_259' title='bbox 1155 1035 1233 1058; x_wconf 91' lang='lat' dir='ltr'>cum</span> <span class='ocrx_word' id='word_1_260' title='bbox 1243 1021 1392 1072; x_wconf 89' lang='lat' dir='ltr'>Europa</span> <span class='ocrx_word' id='word_1_261' title='bbox 1412 1021 1490 1058; x_wconf 89' lang='lat' dir='ltr'>sola</span> 
     </span>
     <span class='ocr_line' id='line_1_59' title="bbox 822 1076 1491 1129; baseline 0 -15"><span class='ocrx_word' id='word_1_262' title='bbox 822 1076 969 1126; x_wconf 87' lang='lat' dir='ltr'>reliquis</span> <span class='ocrx_word' id='word_1_263' title='bbox 996 1078 1094 1114; x_wconf 83' lang='lat' dir='ltr'>orbis</span> <span class='ocrx_word' id='word_1_264' title='bbox 1123 1082 1302 1115; x_wconf 90' lang='lat' dir='ltr'>terrarum</span> <span class='ocrx_word' id='word_1_265' title='bbox 1325 1078 1491 1129; x_wconf 91' lang='lat' dir='ltr'>partibus</span> 
     </span>
     <span class='ocr_line' id='line_1_60' title="bbox 823 1133 1490 1172; baseline 0.004 -3"><span class='ocrx_word' id='word_1_266' title='bbox 823 1133 879 1169; x_wconf 84' lang='lat' dir='ltr'>vel</span> <span class='ocrx_word' id='word_1_267' title='bbox 906 1134 1107 1170; x_wconf 88' lang='lat' dir='ltr'>coniunctis</span> <span class='ocrx_word' id='word_1_268' title='bbox 1130 1135 1246 1171; x_wconf 80' lang='lat' dir='ltr'>maior</span> <span class='ocrx_word' id='word_1_269' title='bbox 1268 1135 1314 1171; x_wconf 93' lang='lat' dir='ltr'>sit</span> <span class='ocrx_word' id='word_1_270' title='bbox 1339 1135 1490 1172; x_wconf 89' lang='lat' dir='ltr'>ambitu.</span> 
     </span>
     <span class='ocr_line' id='line_1_61' title="bbox 824 1189 1492 1238; baseline 0.001 -12"><span class='ocrx_word' id='word_1_271' title='bbox 824 1189 997 1238; x_wconf 87' lang='lat' dir='ltr'>Namque</span> <span class='ocrx_word' id='word_1_272' title='bbox 1020 1203 1040 1227; x_wconf 93' lang='lat' dir='ltr'>e</span> <span class='ocrx_word' id='word_1_273' title='bbox 1060 1196 1183 1228; x_wconf 88' lang='lat' dir='ltr'>mente</span> <span class='ocrx_word' id='word_1_274' title='bbox 1195 1191 1378 1228; x_wconf 84' lang='lat' dir='ltr'>Herodoti</span> <span class='ocrx_word' id='word_1_275' title='bbox 1390 1196 1492 1229; x_wconf 88' lang='lat' dir='ltr'>terra</span> 
     </span>
     <span class='ocr_line' id='line_1_62' title="bbox 822 1246 1487 1297; baseline 0.002 -15"><span class='ocrx_word' id='word_1_276' title='bbox 822 1246 891 1283; x_wconf 87' lang='lat' dir='ltr'>suit</span> <span class='ocrx_word' id='word_1_277' title='bbox 919 1247 1052 1297; x_wconf 88' lang='lat' dir='ltr'>plana,</span> <span class='ocrx_word' id='word_1_278' title='bbox 1092 1247 1194 1284; x_wconf 86' lang='lat' dir='ltr'>coelo</span> <span class='ocrx_word' id='word_1_279' title='bbox 1224 1253 1424 1285; x_wconf 90' lang='lat' dir='ltr'>concavato</span> <span class='ocrx_word' id='word_1_280' title='bbox 1450 1248 1487 1284; x_wconf 92' lang='lat' dir='ltr'>in</span> 
     </span>
     <span class='ocr_line' id='line_1_63' title="bbox 821 1303 1487 1354; baseline 0.003 -14"><span class='ocrx_word' id='word_1_281' title='bbox 821 1303 970 1341; x_wconf 76' lang='lat' dir='ltr'>niodum</span> <span class='ocrx_word' id='word_1_282' title='bbox 1020 1304 1275 1354; x_wconf 87' lang='lat' dir='ltr'>hemisphaerii</span> <span class='ocrx_word' id='word_1_283' title='bbox 1326 1305 1487 1349; x_wconf 88' lang='lat' dir='ltr'>obtecta,</span> 
     </span>
     <span class='ocr_line' id='line_1_64' title="bbox 820 1362 1488 1399; baseline 0.003 -3"><span class='ocrx_word' id='word_1_284' title='bbox 820 1373 896 1396; x_wconf 91' lang='lat' dir='ltr'>non</span> <span class='ocrx_word' id='word_1_285' title='bbox 937 1366 1144 1398; x_wconf 87' lang='lat' dir='ltr'>accuratam</span> <span class='ocrx_word' id='word_1_286' title='bbox 1184 1362 1303 1399; x_wconf 90' lang='lat' dir='ltr'>circuli</span> <span class='ocrx_word' id='word_1_287' title='bbox 1332 1363 1488 1398; x_wconf 85' lang='lat' dir='ltr'>sormam</span> 
     </span>
     <span class='ocr_line' id='line_1_65' title="bbox 822 1417 1486 1469; baseline 0.002 -15"><span class='ocrx_word' id='word_1_288' title='bbox 822 1417 1017 1463; x_wconf 87' lang='lat' dir='ltr'>exhibens,</span> <span class='ocrx_word' id='word_1_289' title='bbox 1046 1418 1112 1455; x_wconf 91' lang='lat' dir='ltr'>sed</span> <span class='ocrx_word' id='word_1_290' title='bbox 1130 1418 1329 1467; x_wconf 82' lang='lat' dir='ltr'>oblongam</span> <span class='ocrx_word' id='word_1_291' title='bbox 1348 1419 1486 1469; x_wconf 89' lang='lat' dir='ltr'>potius,</span> 
     </span>
     <span class='ocr_line' id='line_1_66' title="bbox 820 1474 1487 1524; baseline 0.004 -14"><span class='ocrx_word' id='word_1_292' title='bbox 820 1474 876 1511; x_wconf 89' lang='lat' dir='ltr'>hic</span> <span class='ocrx_word' id='word_1_293' title='bbox 898 1474 967 1511; x_wconf 91' lang='lat' dir='ltr'>illic</span> <span class='ocrx_word' id='word_1_294' title='bbox 987 1475 1178 1521; x_wconf 68' lang='lat' dir='ltr'>inflexam,</span> <span class='ocrx_word' id='word_1_295' title='bbox 1218 1476 1318 1513; x_wconf 90' lang='lat' dir='ltr'>unde</span> <span class='ocrx_word' id='word_1_296' title='bbox 1338 1477 1487 1524; x_wconf 88' lang='lat' dir='ltr'>factum,</span> 
     </span>
     <span class='ocr_line' id='line_1_67' title="bbox 820 1530 1486 1582; baseline 0.006 -16"><span class='ocrx_word' id='word_1_297' title='bbox 820 1535 857 1567; x_wconf 85' lang='lat' dir='ltr'>ut</span> <span class='ocrx_word' id='word_1_298' title='bbox 874 1530 1060 1582; x_wconf 85' lang='lat' dir='ltr'>Europam</span> <span class='ocrx_word' id='word_1_299' title='bbox 1092 1532 1239 1581; x_wconf 90' lang='lat' dir='ltr'>reliquis</span> <span class='ocrx_word' id='word_1_300' title='bbox 1261 1533 1405 1570; x_wconf 87' lang='lat' dir='ltr'>duabus</span> <span class='ocrx_word' id='word_1_301' title='bbox 1425 1545 1486 1569; x_wconf 91' lang='lat' dir='ltr'>or-</span> 
     </span>
     <span class='ocr_line' id='line_1_68' title="bbox 820 1587 1485 1639; baseline 0.005 -15"><span class='ocrx_word' id='word_1_302' title='bbox 820 1587 875 1624; x_wconf 88' lang='lat' dir='ltr'>bis</span> <span class='ocrx_word' id='word_1_303' title='bbox 913 1592 1089 1625; x_wconf 82' lang='lat' dir='ltr'>terrarum</span> <span class='ocrx_word' id='word_1_304' title='bbox 1124 1590 1293 1639; x_wconf 90' lang='lat' dir='ltr'>partibus</span> <span class='ocrx_word' id='word_1_305' title='bbox 1327 1589 1385 1627; x_wconf 85' lang='lat' dir='ltr'>ille</span> <span class='ocrx_word' id='word_1_306' title='bbox 1415 1589 1485 1628; x_wconf 88' lang='lat' dir='ltr'>sibi</span> 
     </span>
     <span class='ocr_line' id='line_1_69' title="bbox 818 1644 1484 1696; baseline 0.005 -15"><span class='ocrx_word' id='word_1_307' title='bbox 818 1644 999 1692; x_wconf 89' lang='lat' dir='ltr'>cogitaret</span> <span class='ocrx_word' id='word_1_308' title='bbox 1035 1646 1210 1683; x_wconf 88' lang='lat' dir='ltr'>maiorem</span> <span class='ocrx_word' id='word_1_309' title='bbox 1246 1659 1384 1696; x_wconf 86' lang='lat' dir='ltr'>eosque</span> <span class='ocrx_word' id='word_1_310' title='bbox 1417 1646 1484 1684; x_wconf 89' lang='lat' dir='ltr'>de-</span> 
     </span>
     <span class='ocr_line' id='line_1_70' title="bbox 818 1701 1485 1754; baseline 0.006 -17"><span class='ocrx_word' id='word_1_311' title='bbox 818 1701 993 1738; x_wconf 87' lang='lat' dir='ltr'>ridendos</span> <span class='ocrx_word' id='word_1_312' title='bbox 1013 1715 1094 1740; x_wconf 89' lang='lat' dir='ltr'>esse</span> <span class='ocrx_word' id='word_1_313' title='bbox 1113 1707 1272 1753; x_wconf 89' lang='lat' dir='ltr'>putaret,</span> <span class='ocrx_word' id='word_1_314' title='bbox 1294 1704 1355 1753; x_wconf 93' lang='lat' dir='ltr'>qui</span> <span class='ocrx_word' id='word_1_315' title='bbox 1374 1703 1485 1754; x_wconf 90' lang='lat' dir='ltr'>plane</span> 
     </span>
     <span class='ocr_line' id='line_1_71' title="bbox 817 1759 1484 1798; baseline 0.006 -4"><span class='ocrx_word' id='word_1_316' title='bbox 817 1759 1015 1796; x_wconf 87' lang='lat' dir='ltr'>rotundam</span> <span class='ocrx_word' id='word_1_317' title='bbox 1040 1772 1119 1796; x_wconf 91' lang='lat' dir='ltr'>cum</span> <span class='ocrx_word' id='word_1_318' title='bbox 1139 1759 1390 1798; x_wconf 86' lang='lat' dir='ltr'>existimarent</span> <span class='ocrx_word' id='word_1_319' title='bbox 1408 1764 1484 1798; x_wconf 88' lang='lat' dir='ltr'>ter-</span> 
     </span>
     <span class='ocr_line' id='line_1_72' title="bbox 819 1815 1485 1867; baseline 0.006 -16"><span class='ocrx_word' id='word_1_320' title='bbox 819 1827 921 1861; x_wconf 88' lang='lat' dir='ltr'>ram,</span> <span class='ocrx_word' id='word_1_321' title='bbox 960 1828 1086 1866; x_wconf 85' lang='lat' dir='ltr'>parem</span> <span class='ocrx_word' id='word_1_322' title='bbox 1114 1829 1263 1867; x_wconf 88' lang='lat' dir='ltr'>quoque</span> <span class='ocrx_word' id='word_1_323' title='bbox 1289 1815 1416 1854; x_wconf 90' lang='lat' dir='ltr'>Asiam</span> <span class='ocrx_word' id='word_1_324' title='bbox 1447 1821 1485 1855; x_wconf 87' lang='lat' dir='ltr'>et</span> 
     </span>
     <span class='ocr_line' id='line_1_73' title="bbox 818 1872 1482 1923; baseline 0.005 -15"><span class='ocrx_word' id='word_1_325' title='bbox 818 1872 1008 1923; x_wconf 88' lang='lat' dir='ltr'>Europam</span> <span class='ocrx_word' id='word_1_326' title='bbox 1050 1874 1341 1921; x_wconf 85' lang='lat' dir='ltr'>constituerent,</span> <span class='ocrx_word' id='word_1_327' title='bbox 1382 1874 1482 1911; x_wconf 88' lang='lat' dir='ltr'>omni</span> 
     </span>
     <span class='ocr_line' id='line_1_74' title="bbox 817 1930 1482 1980; baseline 0.005 -15"><span class='ocrx_word' id='word_1_328' title='bbox 817 1932 995 1966; x_wconf 88' lang='lat' dir='ltr'>terrarum</span> <span class='ocrx_word' id='word_1_329' title='bbox 1031 1930 1121 1968; x_wconf 91' lang='lat' dir='ltr'>orbe</span> <span class='ocrx_word' id='word_1_330' title='bbox 1151 1931 1186 1967; x_wconf 90' lang='lat' dir='ltr'>in</span> <span class='ocrx_word' id='word_1_331' title='bbox 1218 1931 1309 1968; x_wconf 88' lang='lat' dir='ltr'>duas</span> <span class='ocrx_word' id='word_1_332' title='bbox 1345 1943 1482 1980; x_wconf 80' lang='lat' dir='ltr'>easque</span> 
     </span>
     <span class='ocr_line' id='line_1_75' title="bbox 816 1986 1481 2036; baseline 0.005 -14"><span class='ocrx_word' id='word_1_333' title='bbox 816 1998 925 2036; x_wconf 87' lang='lat' dir='ltr'>pares</span> <span class='ocrx_word' id='word_1_334' title='bbox 947 1991 983 2023; x_wconf 89' lang='lat' dir='ltr'>et</span> <span class='ocrx_word' id='word_1_335' title='bbox 1003 1986 1176 2036; x_wconf 87' lang='lat' dir='ltr'>aequales</span> <span class='ocrx_word' id='word_1_336' title='bbox 1195 1993 1319 2036; x_wconf 89' lang='lat' dir='ltr'>partes</span> <span class='ocrx_word' id='word_1_337' title='bbox 1342 1988 1481 2025; x_wconf 85' lang='lat' dir='ltr'>diviso:</span> 
     </span>
     <span class='ocr_line' id='line_1_76' title="bbox 817 2043 1482 2094; baseline 0.005 -15"><span class='ocrx_word' id='word_1_338' title='bbox 817 2055 926 2092; x_wconf 89' lang='lat' dir='ltr'>quam</span> <span class='ocrx_word' id='word_1_339' title='bbox 954 2043 1134 2081; x_wconf 88' lang='lat' dir='ltr'>Hecataei</span> <span class='ocrx_word' id='word_1_340' title='bbox 1165 2045 1298 2082; x_wconf 89' lang='lat' dir='ltr'>Milesii</span> <span class='ocrx_word' id='word_1_341' title='bbox 1334 2057 1482 2094; x_wconf 87' lang='lat' dir='ltr'>quoque</span> 
     </span>
     <span class='ocr_line' id='line_1_77' title="bbox 814 2100 1482 2150; baseline 0.003 -14"><span class='ocrx_word' id='word_1_342' title='bbox 814 2100 927 2137; x_wconf 86' lang='lat' dir='ltr'>fuisse</span> <span class='ocrx_word' id='word_1_343' title='bbox 944 2101 1155 2150; x_wconf 90' lang='lat' dir='ltr'>opinionem</span> <span class='ocrx_word' id='word_1_344' title='bbox 1174 2102 1392 2139; x_wconf 91' lang='lat' dir='ltr'>monuimus.</span> <span class='ocrx_word' id='word_1_345' title='bbox 1423 2101 1482 2138; x_wconf 90' lang='lat' dir='ltr'>Tu</span> 
     </span>
     <span class='ocr_line' id='line_1_78' title="bbox 814 2156 1483 2208; baseline 0.004 -15"><span class='ocrx_word' id='word_1_346' title='bbox 814 2157 909 2194; x_wconf 90' lang='lat' dir='ltr'>conf.</span> <span class='ocrx_word' id='word_1_347' title='bbox 930 2156 1087 2195; x_wconf 89' lang='lat' dir='ltr'>Rennel.</span> <span class='ocrx_word' id='word_1_348' title='bbox 1109 2171 1197 2208; x_wconf 86' lang='lat' dir='ltr'>pag.</span> <span class='ocrx_word' id='word_1_349' title='bbox 1229 2159 1323 2199; x_wconf 82' lang='lat'>383.</span> <span class='ocrx_word' id='word_1_350' title='bbox 1360 2157 1483 2196; x_wconf 87' lang='lat' dir='ltr'>Ukert</span> 
     </span>
     <span class='ocr_line' id='line_1_79' title="bbox 815 2214 1479 2263; baseline 0.005 -13"><span class='ocrx_word' id='word_1_351' title='bbox 815 2214 954 2263; x_wconf 89' lang='lat' dir='ltr'>Geogr.</span> <span class='ocrx_word' id='word_1_352' title='bbox 994 2214 1029 2250; x_wconf 94' lang='lat' dir='ltr'>d.</span> <span class='ocrx_word' id='word_1_353' title='bbox 1064 2214 1129 2251; x_wconf 90' lang='lat' dir='ltr'>Gr.</span> <span class='ocrx_word' id='word_1_354' title='bbox 1163 2228 1197 2252; x_wconf 92' lang='lat' dir='ltr'>u.</span> <span class='ocrx_word' id='word_1_355' title='bbox 1225 2215 1334 2252; x_wconf 71' lang='lat' dir='ltr'>Rom.</span> <span class='ocrx_word' id='word_1_356' title='bbox 1368 2216 1411 2263; x_wconf 87' lang='grc' dir='ltr'>Ι,</span> <span class='ocrx_word' id='word_1_357' title='bbox 1451 2218 1479 2256; x_wconf 80' lang='lat'><strong>2</strong></span> 
     </span>
     <span class='ocr_line' id='line_1_80' title="bbox 813 2271 1480 2322; baseline 0.003 -15"><span class='ocrx_word' id='word_1_358' title='bbox 813 2283 901 2321; x_wconf 86' lang='lat' dir='ltr'>pag.</span> <span class='ocrx_word' id='word_1_359' title='bbox 923 2272 989 2310; x_wconf 80' lang='lat'>26.</span> <span class='ocrx_word' id='word_1_360' title='bbox 1020 2271 1191 2309; x_wconf 88' lang='lat' dir='ltr'>Bredow.</span> <span class='ocrx_word' id='word_1_361' title='bbox 1213 2271 1234 2309; x_wconf 95' lang='lat' dir='ltr'>l.</span> <span class='ocrx_word' id='word_1_362' title='bbox 1257 2272 1278 2308; x_wconf 92' lang='lat' dir='ltr'>l.</span> <span class='ocrx_word' id='word_1_363' title='bbox 1300 2285 1390 2322; x_wconf 87' lang='lat' dir='ltr'>pag,</span> <span class='ocrx_word' id='word_1_364' title='bbox 1409 2271 1480 2309; x_wconf 85' lang='lat' dir='ltr'>Vn</span> 
     </span>
     <span class='ocr_line' id='line_1_81' title="bbox 813 2327 1479 2377; baseline 0.003 -13"><span class='ocrx_word' id='word_1_365' title='bbox 813 2328 958 2377; x_wconf 86' lang='lat' dir='ltr'>(ibique</span> <span class='ocrx_word' id='word_1_366' title='bbox 978 2328 1159 2365; x_wconf 88' lang='lat' dir='ltr'>Herodot.</span> <span class='ocrx_word' id='word_1_367' title='bbox 1178 2328 1250 2376; x_wconf 88' lang='grc' dir='ltr'><strong>ΙΙΙ,</strong></span> <span class='ocrx_word' id='word_1_368' title='bbox 1282 2331 1348 2370; x_wconf 87' lang='grc'>98.</span> <span class='ocrx_word' id='word_1_369' title='bbox 1386 2327 1479 2370; x_wconf 82' lang='lat'>104.</span> 
     </span>
     <span class='ocr_line' id='line_1_82' title="bbox 814 2383 1478 2437; baseline 0.006 -16"><span class='ocrx_word' id='word_1_370' title='bbox 814 2383 891 2435; x_wconf 89' lang='lat' dir='ltr'>[ubi</span> <span class='ocrx_word' id='word_1_371' title='bbox 918 2385 990 2421; x_wconf 92' lang='lat' dir='ltr'>vid.</span> <span class='ocrx_word' id='word_1_372' title='bbox 1021 2390 1117 2422; x_wconf 88' lang='lat' dir='ltr'>nott.</span> <span class='ocrx_word' id='word_1_373' title='bbox 1137 2398 1223 2436; x_wconf 83' lang='lat' dir='ltr'>pag.</span> <span class='ocrx_word' id='word_1_374' title='bbox 1247 2385 1344 2437; x_wconf 80' lang='lat'><strong>192]</strong></span> <span class='ocrx_word' id='word_1_375' title='bbox 1382 2386 1478 2426; x_wconf 88' lang='grc'><strong>105.</strong></span> 
     </span>
     <span class='ocr_line' id='line_1_83' title="bbox 813 2438 1478 2490; baseline 0.005 -13"><span class='ocrx_word' id='word_1_376' title='bbox 813 2441 876 2488; x_wconf 91' lang='lat' dir='ltr'>lV,</span> <span class='ocrx_word' id='word_1_377' title='bbox 901 2438 989 2490; x_wconf 80' lang='grc'><strong>44.)</strong></span> <span class='ocrx_word' id='word_1_378' title='bbox 1016 2441 1116 2489; x_wconf 75' lang='lat' dir='ltr'>XVI,</span> <span class='ocrx_word' id='word_1_379' title='bbox 1145 2442 1377 2480; x_wconf 85' lang='lat' dir='ltr'>Herodotum</span> <span class='ocrx_word' id='word_1_380' title='bbox 1399 2455 1478 2480; x_wconf 87' lang='lat' dir='ltr'>me-</span> 
     </span>
     <span class='ocr_line' id='line_1_84' title="bbox 811 2497 1474 2549; baseline 0 -15"><span class='ocrx_word' id='word_1_381' title='bbox 811 2499 881 2535; x_wconf 89' lang='lat' dir='ltr'>rito</span> <span class='ocrx_word' id='word_1_382' title='bbox 917 2497 1095 2545; x_wconf 86' lang='lat' dir='ltr'>laudans,</span> <span class='ocrx_word' id='word_1_383' title='bbox 1137 2500 1238 2548; x_wconf 88' lang='lat' dir='ltr'>quod</span> <span class='ocrx_word' id='word_1_384' title='bbox 1271 2500 1409 2549; x_wconf 90' lang='lat' dir='ltr'>primus</span> <span class='ocrx_word' id='word_1_385' title='bbox 1436 2499 1474 2535; x_wconf 90' lang='lat' dir='ltr'>in</span> 
     </span>
     <span class='ocr_line' id='line_1_85' title="bbox 808 2555 1476 2606; baseline 0.001 -15"><span class='ocrx_word' id='word_1_386' title='bbox 808 2555 971 2606; x_wconf 85' lang='lat' dir='ltr'>priorum</span> <span class='ocrx_word' id='word_1_387' title='bbox 1013 2557 1228 2606; x_wconf 85' lang='lat' dir='ltr'>scriptorum</span> <span class='ocrx_word' id='word_1_388' title='bbox 1266 2560 1476 2594; x_wconf 86' lang='lat' dir='ltr'>commenta</span> 
     </span>
     <span class='ocr_line' id='line_1_86' title="bbox 811 2612 1474 2662; baseline -0.003 -13"><span class='ocrx_word' id='word_1_389' title='bbox 811 2612 1039 2662; x_wconf 84' lang='lat' dir='ltr'>inquisiverit</span> <span class='ocrx_word' id='word_1_390' title='bbox 1087 2626 1227 2662; x_wconf 88' lang='lat' dir='ltr'>eaque,</span> <span class='ocrx_word' id='word_1_391' title='bbox 1266 2626 1341 2649; x_wconf 93' lang='lat' dir='ltr'>non</span> <span class='ocrx_word' id='word_1_392' title='bbox 1385 2612 1474 2649; x_wconf 85' lang='lat' dir='ltr'>satis</span> 
     </span>
     <span class='ocr_line' id='line_1_87' title="bbox 812 2669 1474 2718; baseline -0.003 -12"><span class='ocrx_word' id='word_1_393' title='bbox 812 2669 918 2706; x_wconf 89' lang='lat' dir='ltr'>firmo</span> <span class='ocrx_word' id='word_1_394' title='bbox 933 2682 1029 2718; x_wconf 87' lang='lat' dir='ltr'>quae</span> <span class='ocrx_word' id='word_1_395' title='bbox 1047 2670 1151 2707; x_wconf 89' lang='lat' dir='ltr'>inniti</span> <span class='ocrx_word' id='word_1_396' title='bbox 1167 2670 1381 2706; x_wconf 85' lang='lat' dir='ltr'>viderentur</span> <span class='ocrx_word' id='word_1_397' title='bbox 1390 2669 1474 2704; x_wconf 90' lang='lat' dir='ltr'>fun-</span> 
     </span>
     <span class='ocr_line' id='line_1_88' title="bbox 813 2725 1471 2774; baseline -0.006 -10"><span class='ocrx_word' id='word_1_398' title='bbox 813 2726 1009 2774; x_wconf 81' lang='lat' dir='ltr'>damento,</span> <span class='ocrx_word' id='word_1_399' title='bbox 1045 2726 1249 2764; x_wconf 89' lang='lat' dir='ltr'>convellere</span> <span class='ocrx_word' id='word_1_400' title='bbox 1278 2725 1471 2762; x_wconf 83' lang='lat' dir='ltr'>studuerit.</span> 
     </span>
     <span class='ocr_line' id='line_1_89' title="bbox 812 2781 1471 2834; baseline -0.006 -13"><span class='ocrx_word' id='word_1_401' title='bbox 812 2782 871 2821; x_wconf 89' lang='lat' dir='ltr'>De</span> <span class='ocrx_word' id='word_1_402' title='bbox 899 2796 972 2833; x_wconf 93' lang='lat' dir='ltr'>quo</span> <span class='ocrx_word' id='word_1_403' title='bbox 997 2783 1183 2834; x_wconf 87' lang='lat' dir='ltr'>scriptoris</span> <span class='ocrx_word' id='word_1_404' title='bbox 1199 2781 1313 2819; x_wconf 89' lang='lat' dir='ltr'>nostri</span> <span class='ocrx_word' id='word_1_405' title='bbox 1333 2781 1471 2828; x_wconf 90' lang='lat' dir='ltr'>studio,</span> 
     </span>
    </p>
   </div>
  </div>
 </body>
</html>
