1946 3272
492 236 575 276 138
881 236 1351 276 HERODOTI

483 342 588 399 λὴν,
617 342 858 399 ἐνέκυρσαν
885 350 999 388 τοῖσι
1017 345 1093 396 τὰς
1116 344 1314 401 ἀγγελίας
1343 345 1578 400 ἐσφέρουσι
1600 346 1752 390 εὐνού-

484 427 627 471 χοισι,
659 417 705 458 οἵ
721 428 859 471 σφεας
889 415 1088 470 ἱστόρεον
1122 416 1147 460 ὅ
1176 434 1217 460 τι
1246 417 1447 467 θέλοντες
1476 416 1648 472 ἥκοιεν·
1681 418 1754 460 καὶ

484 485 575 541 ἅμα
597 487 862 542 ἱστορέοντες
885 488 1093 538 τούτους,
1124 492 1237 530 τοῖσι
1256 493 1518 542 πυλουροῖσι
1540 486 1756 540 ἀπείλεον,
1766 495 1811 527 60

485 556 552 601 ὅτι
582 557 720 612 σφέας
748 560 973 612 παρῆκαν·
1004 558 1126 612 ἴσχον
1145 573 1189 600 τε
1207 559 1503 614 βουλομένους
1527 560 1628 609 τοὺς
1649 558 1755 602 ἑπτὰ

454 628 530 680 3ἐς
559 628 607 672 τὸ
637 626 789 682 πρόσω
820 627 1036 680 παριέναι.
1087 629 1130 671 οἱ
1158 628 1222 678 δὲ,
1252 628 1652 685 διακελευσάμενοι,
1683 629 1756 673 καὶ

483 698 758 753 σπασάμενοι
786 697 839 740 τὰ
869 697 1123 752 ἐγχειρίδια,
1153 698 1338 751 τούτους
1368 700 1447 756 μὲν
1475 700 1579 751 τοὺς
1609 703 1756 755 ἰ’σχον-

482 788 559 821 τας
589 768 729 813 αὐτοῦ
759 766 896 825 ταύτῃ
922 770 1246 824 συγκεντέουσι·
1288 770 1413 814 αὐτοὶ
1436 773 1480 815 δὲ
1506 771 1635 827 ἤισαν
1656 769 1756 825 δρό-

350 839 422 909 .78
481 858 548 898 μῳ
587 841 629 892 ἐς
667 839 745 884 τόν
785 838 1024 894 ἀνδρεῶνα.
1086 843 1139 884 Οἱ
1169 842 1215 885 δὲ
1246 843 1400 897 Μάγοι
1432 843 1582 898 ἔτυχον
1619 839 1811 896 άμφό-Βὸ

148 901 426 963 ἒῗἘῖἷιᾞξΓῖξῘίῗ
482 929 601 967 τεροι
627 915 865 968 τηνικαῦτα
894 910 1037 962 ἐόντες
1066 928 1111 955 τε
1141 913 1247 964 ἔσω,
1280 913 1354 955 καὶ
1382 913 1433 956 τά
1466 912 1552 956 ἀπὸ
1583 911 1754 968 Πρηξά-

147 969 423 1032 ῗιῗῖἷίῑέἶωοοωω
481 994 597 1026 σπεω
640 981 854 1038 γενόμενα
899 982 947 1025 ἐν
983 985 1124 1039 βουλῇ
1160 983 1339 1038 ἔχοντες.
1407 984 1496 1027 ἐπεὶ
1535 979 1598 1027 ὧν
1634 983 1754 1027 εἶδον

479 1055 584 1105 τοὺς
625 1051 867 1108 εὐνούχους
913 1052 1295 1109 τεθορυβημένους
1339 1069 1383 1096 τε
1424 1055 1495 1097 καὶ
1543 1058 1753 1111 βοῶντας,
1891 1048 1944 1097 Ιῖ9

482 1124 567 1169 ἀνά
595 1142 639 1169 τε
670 1126 862 1180 ἔδραμον
892 1123 1024 1166 πάλιν
1042 1122 1306 1179 ἀμφότεροι,
1335 1125 1409 1168 καὶ
1435 1123 1492 1176 [ὃς
1514 1125 1682 1181 ἔμαθον
1701 1124 1750 1168 τὸ
1899 1118 1902 1184 l

448 1197 764 1253 2ποιεύμενον,
804 1194 912 1250 πρὸς
943 1194 1082 1251 ἀλκήν
1112 1195 1361 1250 ἐτράποντο.
1421 1196 1445 1241 ὁ
1477 1198 1554 1253 μὲν
1585 1197 1638 1252 δὴ
1677 1196 1812 1239 αύ-7Ο
1896 1186 1902 1246 s

478 1271 567 1311 τῶν
608 1266 774 1323 φθάνει
812 1267 864 1309 τὰ
893 1265 996 1319 τόξα
1025 1266 1328 1322 κατελόμενος·
1375 1266 1397 1312 ὁ
1430 1268 1498 1320 δὲ,
1536 1267 1646 1321 πρὸς
1675 1266 1755 1323 τὴν
1902 1265 1906 1327 ’1

449 1346 470 1380 3
487 1338 644 1395 αἰχμὴν
672 1337 892 1393 ἐτράπετο.
935 1338 1126 1381 ἐνθαῦτα
1158 1339 1203 1382 δὲ
1229 1338 1491 1394 συνέμισγον
1520 1339 1754 1393 α’λλήλοισι.
1904 1338 1905 1344 ’

465 1414 527 1467 τῷ
548 1410 626 1466 μὲν
648 1408 699 1466 δὴ
720 1409 773 1452 τὰ
794 1408 897 1461 τόξα
915 1407 1181 1465 ἀναλαβόντι
1199 1409 1357 1461 αὐτῶν,
1379 1409 1543 1453 ἐόντων
1557 1427 1602 1453 τε
1623 1409 1763 1466 άγχοῦ
1906 1465 1908 1475 ‚

475 1485 564 1524 τῶν
590 1481 807 1536 πολεμίων
841 1479 913 1523 καὶ
943 1480 1286 1537 προσκειμένων,
1326 1474 1381 1537 ἦν
1411 1481 1572 1537 χρηστά
1607 1480 1751 1524 οὐδέν.
1906 1487 1909 1540 ξ

450 1552 507 1596 46
540 1551 580 1596 δ’
612 1552 756 1607 ἕτερος
774 1555 827 1608 τῇ
858 1553 986 1609 αἰχμῇ
1002 1552 1214 1609 ἠμύνετο,
1247 1553 1320 1594 καὶ
1344 1557 1473 1596 τοῦτο
1493 1555 1573 1607 μὲν
1592 1552 1808 1596 'Acina-75

477 1625 614 1681 θίνην
643 1626 761 1668 παίει
794 1624 837 1675 ἐς
866 1624 944 1668 τόν
973 1623 1136 1679 μηρόν,
1169 1627 1299 1666 τοῦτο
1331 1624 1376 1667 δὲ
1402 1622 1680 1679 Ἰνταφέρνεα
1711 1625 1753 1676 ἐς

477 1694 558 1738 τόν
599 1694 856 1751 ὀφθαλμόν·
914 1696 989 1739 καὶ
1026 1694 1236 1750 ἐστερήθη
1272 1695 1351 1750 μὲν
1388 1699 1468 1739 τοῦ
1515 1694 1754 1752 ὀφθαλμοῦ

480 1766 526 1810 ἐκ
556 1770 638 1810 τοῦ
666 1766 895 1823 τρώματος
926 1766 949 1810 ὁ
977 1765 1277 1822 Ἰνταφέρνης,
1309 1765 1363 1810 ου’
1381 1766 1528 1823 μέντοι
1559 1766 1752 1810 α’πέθανέ

449 1843 540 1893 ὅγε.
599 1842 688 1881 τῶν
724 1838 803 1894 μὲν
843 1837 896 1894 δὴ
927 1836 1099 1892 Μάγων
1142 1835 1321 1891 οὕτερος
1357 1839 1608 1894 τρωματίζει
1646 1836 1753 1881 τού-

476 1924 603 1959 τους·
650 1907 674 1952 ὁ
706 1908 751 1951 δὲ
782 1908 948 1963 ἕτερος,
990 1908 1081 1951 ἐπεί
1110 1907 1154 1950 τέ
1187 1909 1230 1950 οἱ
1257 1907 1310 1950 τὰ
1348 1907 1451 1959 τόξα
1481 1908 1613 1952 οὐδὲν
1641 1925 1752 1965 χρη-

477 1979 557 2023 στά
583 1979 772 2035 ἐγένετο,
805 1974 860 2035 ἦν
889 1978 974 2034 γάρ
1008 1978 1059 2035 δὴ
1082 1978 1283 2034 θάλαμος
1311 1978 1470 2034 ἐσέχων
1501 1979 1543 2030 ἐς
1572 1979 1650 2025 τὸν
1680 1978 1809 2023 οἷν-80

475 2053 668 2106 δρεῶνα,
735 2050 779 2100 ἐς
835 2054 996 2093 τοῦτον
1057 2049 1343 2106 καταφεύγει,
1416 2050 1563 2094 θέλων
1610 2052 1749 2094 αὐτοῦ
1815 2054 1897 2095 237

418 2191 602 2239 regiarum
634 2192 778 2229 aedium
806 2190 923 2228 claves
954 2191 1086 2237 temnt,

421 2248 620 2284 intromissi
682 2260 828 2295 magum
891 2247 1086 2284 offendunt

421 2317 502 2340 cum
523 2303 650 2354 pellice
676 2304 996 2349 concumbentem,
1022 2304 1085 2352 qni

420 2360 501 2396 ilIos
531 2361 779 2410 conspicatus,
818 2361 1008 2397 confestim
1045 2373 1085 2397 se

422 2417 601 2466 proripuit
651 2422 689 2453 et
725 2415 828 2465 (nam
866 2417 1084 2466 Bagapatae

422 2485 535 2521 opera
553 2473 673 2508 omnia
690 2485 790 2508 arma
809 2473 998 2509 econclaxi
1019 2485 1084 2508 an-

421 2533 481 2565 tea
501 2528 643 2564 sublata
666 2532 787 2575 erant)
817 2528 926 2565 seIIae
947 2530 1084 2565 fractae

422 2584 518 2635 pede
536 2589 683 2633 arrepta
704 2597 743 2621 se
764 2584 942 2630 defendit,
965 2584 1085 2621 donec

422 2654 445 2678 a
483 2640 676 2678 coniuratis
706 2641 894 2677 confossus
933 2641 1083 2677 tandem

421 2697 540 2748 periit.
567 2718 622 2725 —
650 2696 710 2733 Ad
730 2709 855 2733 vocem
881 2691 1085 2746 α’νδρεῶνα

423 2754 593 2791 observat
617 2752 727 2790 Italus
755 2753 958 2803 interpres,
985 2753 1085 2802 apud

426 2822 528 2847 suam
549 2814 696 2859 gentem
718 2809 836 2846 adhuc
857 2810 892 2845 in
916 2822 978 2845 usn
1004 2821 1085 2846 esse

426 2878 553 2905 vocem
575 2866 752 2914 androne,
783 2878 1003 2916 quamquam
1035 2866 1084 2902 si-

1143 2190 1376 2239 gnificatione
1396 2190 1523 2227 latiore
1536 2189 1695 2239 indeque
1713 2201 1807 2227 non-

1142 2246 1228 2283 nihil
1257 2246 1410 2283 diversa.

1302 2303 1409 2352 Cap.
1438 2301 1642 2339 LXXVIII.

1198 2355 1301 2409 πρός
1320 2355 1446 2408 άλκήν
1465 2354 1694 2406 ἐτράποντο]
1728 2358 1749 2395 ἱ.
1771 2370 1803 2395 e.

1143 2416 1191 2452 ad
1215 2418 1283 2452 vim
1298 2415 1580 2465 propulsamlam
1606 2427 1641 2450 se
1662 2426 1803 2450 conver-

1142 2476 1233 2517 tere,
1263 2478 1302 2508 nt
1324 2473 1371 2508 ad
1394 2472 1455 2517 lv,
1483 2472 1559 2510 125
1589 2471 1805 2519 interpreta-

1141 2536 1198 2564 tur
1230 2528 1449 2576 II'esseling.
1516 2527 1575 2564 Tu
1603 2527 1673 2563 vid.
1706 2530 1802 2563 nott.

1141 2585 1188 2621 ad
1210 2584 1256 2628 II,
1279 2582 1344 2624 45.

1198 2638 1330 2677 θέλων
1345 2634 1472 2677 αύτοῦ
1485 2641 1722 2689 προσθεῖναι
1734 2635 1803 2685 τάς

1142 2692 1291 2746 θύρας]
1305 2690 1429 2733 αὐτοῦ
1444 2696 1492 2731 ad
1515 2690 1702 2744 θάλαμον
1717 2708 1803 2745 spe-

1142 2757 1225 2789 ctat.
1246 2771 1300 2778 -—
1321 2755 1561 2802 προσθεῖναι
1583 2750 1652 2798 τὰς
1668 2747 1802 2802 θύρας

1143 2813 1200 2845 est
1220 2810 1349 2845 ianuas
1369 2808 1557 2854 adducere,
1570 2822 1598 2846 s.
1620 2820 1801 2859 opponere,

1143 2865 1318 2902 claudere.
1353 2864 1499 2903 Laudat
1520 2865 1696 2904 Valcken.
1715 2863 1802 2902 Pol-
