1863 3256
437 215 997 259 MELPOMENE.

143 334 310 375 πολλοῦ
347 327 660 382 διεξελθόντος,
701 325 856 370 αὐτίκα
886 326 930 369 οἱ
958 324 1132 369 Μινύαι
1162 326 1465 384 ἐξύβρισαν,20
1486 329 1633 370 nemum.
1652 331 1726 358 affe

144 420 221 457 της
259 419 303 445 τε
333 404 559 459 βασιληίης
589 398 903 456 μεταιτέοντες,
939 397 1014 441 καὶ
1043 396 1154 440 α’λλα
1189 403 1412 451 ποιεῦντες

442 478 554 516 τοῖσι
593 467 656 514 ὧν
685 470 1072 524 Λακεδαιμονίοισι
1102 469 1221 521 ἔδοξε
1251 469 1416 521 αὐτούς

116 472 230 516 Ξούκ
270 473 384 516 ὅσια.

1055 217 1116 255 lV.
1330 225 1414 265 527

1468 368 1599 392 ct2111tcfl.
1626 365 1654 391 in
1678 374 1741 391 car-

1468 405 1528 454 cerr
1530 406 1565 423 ιιι
1605 399 1744 432 coniecti,

1531 439 1634 456 Utrum
1637 440 1720 466 'pera

1471 439 1537 490 va'd·
1541 469 1594 491 ιιιι.

146 542 418 587 ἀποκτεῖναι·
450 541 738 597 συλλαβόντες
766 541 811 584 δέ
843 551 979 596 σφεας
1007 540 1250 597 κατέβαλον
1279 540 1322 592 ἐς
1351 539 1415 596 ἕρ-

118 619 141 654 3
152 613 257 670 κτήν
268 630 276 639 ·

145 701 254 736 νιοι,
297 684 476 735 νυκτός·

327 615 548 657 κτείνουσι
590 613 635 655 δὲ
673 613 777 662 τούς
814 611 873 656 ἄν
907 612 1109 655 κτείνωσι
1136 609 1415 667 Λακεδαιμό-

522 682 616 739 μετ’
657 681 822 739 ἡμέρην
860 682 930 735 δὲ,
976 681 1151 726 οὐδένα.

1219 682 1310 726 ἐπεὶ
1349 676 1412 726 ὧν
1425 688 1470 724 25

146 754 324 809 ἔμελλόν
354 766 492 812 σφεας
521 751 890 810 καταχρήσεσθαι,
917 753 1242 811 παραιτήσαντο
1268 755 1313 797 αἱ
1339 770 1415 810 yv-

267 940 375 991 Cap.
408 938 572 978 CXLVI.

147 991 373 1047 ἒξύβρισαν,
391 999 461 1048 τῆς
483 1011 523 1036 τε
541 995 752 1048 βασιληΐης

91 1052 381 1104 μεταιτέοντες]
439 1056 462 1090 i.
498 1067 530 1091 e.
566 1054 752 1090 insolenter

91 1122 198 1156 agere
219 1109 597 1161 coeperuntrllliwae,
637 1112 699 1160 qui
719 1113 751 1146 et

91 1179 239 1214 ‘regnum
281 1168 501 1217 qffectfcbant
549 1166 601 1218 (s.
645 1167 750 1215 regni

91 1224 286 1274 participes
319 1229 359 1261 ut
386 1225 537 1269 fierent,
587 1224 750 1273 postula-

92 1279 204 1327 bant)
227 1283 259 1316 et
282 1280 359 1317 alia
381 1281 631 1330 perpetrabant
650 1279 751 1329 nefa-

91 1337 160 1371 ria.
197 1337 308 1380 Quod
329 1337 498 1386 congruit
516 1349 594 1373 cum
615 1335 750 1372 Valerii

90 1391 243 1429 Maximi
289 1393 413 1430 verbis
466 1406 578 1442 supra
616 1392 750 1428 allatis.

91 1447 152 1485 Ad
174 1453 391 1486 structuram
408 1450 511 1486 verbi
530 1447 752 1499 μεταιτέον-

90 1518 154 1552 τες
182 1507 277 1543 conf.
311 1505 443 1544 Matth.
471 1506 538 1544 Gr.
568 1505 634 1542 Gr.
663 1517 750 1558 pag.

151 1613 413 1669 συλλαβόντες
431 1615 475 1657 δέ
492 1630 618 1668 σφεας
639 1616 753 1658 κατέ-

94 1675 218 1725 βαλον
240 1675 278 1721 ἐς
307 1670 465 1726 ἑρκτήν]
505 1677 526 1712 i.
549 1690 580 1714 e.
603 1688 754 1726 compre-

92 1733 213 1768 hensos
232 1745 309 1768 vero
329 1733 408 1768 illos
427 1734 466 1769 in
486 1746 655 1770 carcerem
675 1746 755 1770 con-

91 1790 265 1835 iecerunt,
303 1791 369 1836 „in
393 1792 590 1838 proximam
619 1803 754 1839 nempe

90 1849 224 1882 noctem
247 1846 509 1894 custodiendos,
543 1847 616 1896 qua
635 1848 682 1884 de
704 1845 753 1882 il-

91 1901 134 1939 lis
156 1903 370 1953 supplicium
394 1908 614 1949 sumeretur3
656 1903 753 1940 hunc

92 1959 189 1996 enim
212 1960 249 1996 in
267 1959 376 1996 finem
399 1960 522 1997 subdit
542 1960 614 1997 ista
632 1959 753 1998 Hero-

93 2016 228 2053 dotus:
274 2016 474 2055 κτείνουσι
505 2014 548 2055 δὲ
574 2013 669 2063 τούς
700 2012 753 2055 ἂν

92 2072 277 2111 κτείνωσι
316 2068 636 2124 Λακεδαιμόνιοι
676 2087 752 2112 νυ-

92 2125 209 2175 κτός,
248 2125 326 2178 μετ’
342 2128 498 2181 ἡμέρην
522 2128 564 2168 δὲ
585 2125 752 2178 ου’δένας

93 2186 189 2223 conf.
238 2186 342 2223 huius
378 2187 549 2223 insistens
586 2187 753 2235 vestigiis

94 2241 215 2280 Valer.
238 2241 336 2279 Max.
366 2241 388 2279 l.
417 2243 440 2279 l.
499 2243 641 2281 Morem
669 2248 753 2281 tan-

93 2303 186 2348 gunt
217 2300 371 2348 Cragius
399 2299 458 2337 De
490 2313 568 2350 rep.
596 2299 684 2337 Lac.
715 2313 753 2350 p.

92 2355 175 2396 457
206 2360 243 2393 et
262 2355 397 2393 Meurs.
427 2357 531 2393 Misc.
555 2355 642 2393 Lac.
665 2369 752 2406 pag.

96 2413 187 2452 139.
216 2412 363 2450 Diutius
385 2412 597 2461 Tyrrhenos
618 2413 653 2449 in
674 2413 754 2449 vin-

94 2467 180 2504 culis
208 2470 448 2506 custodivisse
478 2470 647 2506 dicuntur
666 2469 753 2506 Plu-

94 2524 219 2561 tarcho
251 2524 275 2561 l.
307 2525 351 2564 l.:
403 2527 612 2576 ζητοῦντες
651 2524 754 2565 ἑλεῖν

95 2579 242 2628 σαφέσι
267 2581 334 2620 καὶ
362 2583 544 2633 βεβαίοις
573 2580 755 2634 ἐλέγχοις,

93 2642 207 2686 atque
246 2637 386 2676 interea
418 2640 593 2690 temporis
623 2653 754 2678 uxores

93 2693 252 2743 ipsorum
269 2694 473 2744 Spartanae
493 2697 648 2734 carceris
668 2710 755 2734 exo-

92 2762 194 2787 rasse
219 2750 413 2796 custodes,
452 2755 493 2789 ut
529 2754 598 2790 sibi
631 2753 755 2791 liceret

93 2805 265 2854 ingressis
333 2808 522 2844 morituros
597 2809 731 2858 alloqui

93 2865 258 2910 πολλαῐς
295 2862 463 2910 ἱκεσίαις
493 2862 561 2903 καὶ
596 2862 755 2917 δεήσεσι

744 2808 755 2847 ;’
804 2809 1032 2860 facultatem.

808 938 1064 991 παρείθησαν
1101 955 1181 980 υπο
1222 953 1302 979 των
1342 933 1470 989 φυλά-

808 1011 892 1035 κων
945 993 1042 1036 όσον
1092 991 1356 1035 α’σπασασθαι
1400 995 1471 1034 καὶ

808 1057 1040 1104 προσειπεῖν
1057 1068 1150 1099 τους
1168 1051 1328 1104 ἄνδρας.
1359 1052 1470 1103 Apud

807 1111 1039 1148 Herodotum
1057 1110 1246 1148 mulieres
1238 1124 1275 1147 ιιι
1288 1122 1469 1147 carcerem

808 1167 978 1203 dicuntur
1011 1165 1252 1204 intromisisse
1283 1167 1469 1212 custodes,

809 1219 954 1261 ου’δένα
974 1219 1094 1262 ὁολον
1113 1222 1353 1269 δοκέοντες’
1337 1223 1375 1270 εξ
1399 1238 1469 1260 αυ-

807 1279 905 1318 τέων
939 1278 1112 1317 εᾚσεσθαι

808 1336 893 1371 dolo
923 1349 1004 1372 cum
1035 1337 1228 1373 Herodoto
1260 1336 1471 1385 conspirant

806 1392 1045 1439 Plutarchus,
1088 1392 1297 1441 Polyaenus
1330 1398 1365 1429 et
1396 1392 1472 1429 Va-

807 1448 916 1486 lerius
933 1448 1136 1495 Maximus,
1167 1450 1230 1499 qui
1248 1462 1320 1485 non
1343 1449 1473 1484 absur-

809 1506 856 1543 de
879 1505 1024 1542 addidit
1044 1506 1134 1542 ista:
1180 1518 1244 1556 per
1271 1505 1472 1542 simulatio-

807 1575 887 1599 nem
913 1561 1043 1598 doloris
1071 1562 1198 1599 velatis
1220 1563 1396 1612 capitibus
1418 1575 1473 1598 eos

810 1619 909 1655 abire
922 1621 1026 1668 passi
1046 1623 1149 1666 sunt,
1189 1632 1324 1668 nempe
1348 1623 1472 1656 custo-

811 1676 876 1712 des
899 1676 1053 1712 carceris
1074 1677 1170 1712 viros
1189 1676 1315 1713 velatis
1341 1675 1473 1725 capiti-

811 1732 898 1779 bus,
936 1733 1096 1769 vestibus
1119 1733 1266 1769 indutos
1288 1731 1473 1770 muliebri-

811 1789 902 1834 bus,
932 1801 1026 1837 quos
1052 1794 1088 1826 et
1117 1785 1278 1827 ἀπιέναι
1311 1803 1473 1838 περικα-

809 1844 1068 1895 λυψαμένους
1079 1846 1243 1882 scribunt
1257 1845 1471 1882 Plutarchus

810 1906 850 1940 et
869 1902 1113 1952 PolyaenuS.“
1142 1903 1247 1940 Haec
1279 1901 1472 1939 Valcke-
1503 1924 1506 1927 ,

1185 1280 1226 1316 ln
1264 1280 1470 1318 enarrando

809 1972 832 1995 n
842 1972 864 1995 a
874 1971 916 1995 er
926 1961 971 1995 iu
981 1973 1017 2003 s,-
1037 1959 1125 1996 alios
1138 1964 1311 2005 veterum,
1323 1959 1384 2008 qui
1394 1972 1474 1996 mu-

809 2015 937 2053 lierum
963 2017 1101 2053 facinus
1129 2019 1471 2062 commemorarunt,

810 2073 932 2110 citavit
959 2073 1218 2122 Wytteribach.
1253 2073 1300 2109 ad
1328 2072 1474 2109 Plutar-

810 2129 864 2167 chi
887 2129 909 2166 l.
931 2129 953 2166 l.
974 2130 1243 2167 Animadverss.
1263 2129 1308 2176 11,
1337 2131 1356 2167 1
1388 2142 1423 2179 p.
1447 2130 1473 2168 8

810 2198 832 2223 a
855 2185 924 2223 Cr.
955 2186 1094 2226 allatus.
1152 2185 1234 2224 Nec
1262 2199 1348 2224 vero
1377 2184 1472 2222 tales

809 2243 958 2280 fraudes
999 2243 1045 2279 ab
1093 2243 1191 2280 omni
1230 2243 1308 2280 fere
1348 2246 1474 2279 aetate

811 2298 947 2336 alienas
965 2312 1064 2344 esse,
1097 2300 1229 2337 docent
1247 2311 1365 2337 rerum
1385 2298 1474 2335 scri-

809 2360 961 2406 ptores3
1007 2360 1048 2392 ut
1075 2369 1164 2393 sane
1200 2368 1274 2392 non
1304 2368 1395 2406 opus
1427 2355 1474 2391 sit

810 2413 1010 2450 admonere
1037 2413 1276 2450 recentissimi
1302 2411 1474 2462 exempli,

811 2469 912 2517 quod
929 2469 1073 2506 Franco
1087 2469 1275 2506 Gallorum
1295 2469 1472 2519 suppedi-

810 2529 867 2562 tat
884 2526 1045 2562 historia.
1075 2547 1132 2554 -—-
1171 2525 1229 2563 De
1250 2539 1339 2563 voce
1360 2539 1477 2563 κατα-

809 2578 1038 2633 χρήσασθαι
1054 2584 1150 2620 conf.
1171 2586 1262 2619 nott.
1283 2584 1331 2620 ad
1352 2583 1381 2629 Ι,
1406 2583 1473 2621 82.

813 2642 905 2680 117.
935 2639 1006 2687 ΙΙΙ,
1032 2641 1099 2680 36.
1146 2639 1307 2676 Verbum
1333 2651 1475 2686 παραι-

811 2700 969 2735 τεῖσθαι
1000 2696 1034 2733 h.
1069 2695 1092 2732 l.
1134 2695 1342 2744 simpliciter
1379 2692 1475 2728 valet

806 2755 972 2803 precari,
1014 2755 1151 2789 veniam
1177 2752 1246 2787 siba·
1270 2753 1406 2799 petere,
1445 2761 1474 2784 s.

1096 2808 1204 2844 Conf.
1229 2807 1267 2853 I,
1301 2808 1365 2845 90.
1409 2804 1472 2850 ΙΙΙ,

814 2869 896 2907 132
917 2866 1040 2915 ibique
1060 2868 1152 2902 nott.
1174 2862 1237 2909 IV,
1263 2862 1352 2903 148.
1379 2862 1471 2902 158.
