1863 3256
480 79 1048 125 MELPOMENE.

187 197 320 248 ε’θυος
358 197 523 241 πολλὸν
569 194 642 238 καὶ
689 195 827 237 ἰ’διον·

1107 81 1167 120 IV.
1373 83 1458 124 31⁸1

888 189 1049 244 ζώουσι
1089 189 1135 233 δὲ
1177 186 1264 232 ἀπὸ
1302 189 1455 246 θήρης.
1512 203 1620 266 feta

158 268 403 324 3Συνεχέες
453 268 499 311 δὲ
547 265 746 309 τούτοισι
795 264 843 307 ἐν
894 268 1009 306 τοῖσι
1060 259 1232 304 αὐτοῖσι
1279 260 1544 324 τόποισιδοει·

186 339 492 395 κατοικημένοι
522 338 602 382 εἶσὶ
634 341 748 380 τοῖσι
783 333 954 390 οὔνομα
984 338 1121 378 κεῖται
1146 330 1336 387 Ἰῦρκαι,
1380 333 1455 375 καὶ
1514 340 1647 365 ¹³¹¹¹V¹²
1650 344 1719 370 ⁸¹¹⁸
1739 336 1791 363 ³¹³³

132 475 300 524 gionibus
323 473 440 522 planis
464 476 584 510 terrae
601 471 787 520 Captchac

132 544 247 579 usque
274 531 321 566 ad
351 530 497 565 fluvium
521 529 573 565 lbi
605 528 789 565 habitasse

129 591 313 637 posuerat,
346 586 483 623 exstitit
500 586 705 629 Gatterer.‚
726 584 786 633 qui

128 645 206 679 loco
228 655 337 692 supra
357 642 502 679 laudato
522 655 557 691 p.
571 641 635 681 34.
663 641 788 690 Thys-

128 703 274 748 sagetas
293 703 329 735 et
349 699 487 747 Zyrcas
506 703 639 735 terram
659 698 788 746 Rirgi—

127 770 246 793 sorum
277 756 425 792 minoris
452 756 626 800 Hordae,
668 754 787 791 Hero-

127 813 205 850 doti
224 816 320 850 certe
341 816 487 858 aetate,
516 813 678 849 tenuisse
699 824 786 847 con-

127 870 257 908 tendit.
304 870 376 913 Qui
405 870 501 907 idem
535 869 635 918 apud
657 868 788 904 Biller-

128 926 234 964 beck.
259 925 420 963 Difficill.
441 925 503 962 As.
538 938 624 975 pag.
653 925 706 965 25
740 925 787 961 de

128 983 196 1020 hoc
205 983 386 1020 Herodoti
398 982 478 1019 loeo
489 983 583 1018 hunc
592 982 628 1018 in
639 982 785 1018 modum

128 1040 347 1090 disputavit:
368 1039 515 1089 „Supra
526 1038 689 1075 Budinos
701 1038 786 1074 inde

127 1108 149 1132 a
160 1096 313 1132 Samara
326 1096 435 1132 fluvio
450 1108 564 1144 usque
575 1095 622 1131 ad
635 1095 786 1130 fluvium

126 1153 204 1189 Iaik
236 1156 274 1189 et
305 1153 390 1189 inde
418 1153 467 1188 ad
503 1152 686 1188 desertum
719 1150 785 1186 Vll

126 1208 264 1246 dierum
278 1208 346 1245 iter
356 1209 488 1255 fuisse3
515 1209 562 1245 ad
578 1208 677 1244 cuius
694 1207 785 1244 fines

125 1265 171 1301 ab
212 1265 353 1302 oriente
388 1265 481 1302 ultra
522 1264 671 1301 fluvium
711 1263 787 1300 laik

125 1321 378 1371 Thyssagetas
398 1322 589 1359 incoluisse
603 1334 720 1369 usque
739 1320 787 1356 ad

124 1378 274 1428 Iyrkas,
316 1379 378 1427 qui
397 1379 453 1415 vix
482 1391 595 1427 usque
625 1378 672 1414 ad
695 1377 786 1425 lrgis

125 1435 162 1473 fl.
189 1435 353 1472 habitare
376 1440 550 1485 potuere,
591 1448 714 1471 verum
737 1434 785 1470 ad

126 1490 205 1529 Ilek
224 1493 261 1528 fl.
285 1491 341 1529 vel
363 1493 410 1529 ad
433 1492 491 1529 Uil
520 1491 784 1542 campestribus

126 1548 304 1585 insedisse
324 1548 529 1586 videantur.
561 1548 640 1585 Etsi
660 1549 696 1584 in
717 1560 786 1597 po-

125 1604 218 1655 pulis
238 1604 469 1642 Nomadibus
498 1617 573 1642 non
600 1605 694 1642 adeo
718 1604 786 1640 mi-

126 1675 204 1698 rum
227 1662 343 1707 foret,
371 1662 400 1698 si
423 1675 536 1711 usque
558 1663 604 1698 ad
624 1663 660 1698 fl.
694 1661 784 1709 lrgis

124 1719 379 1766 cognominem
405 1719 482 1755 fere
505 1719 687 1755 habitasse
716 1731 786 1767 pu-

124 1777 294 1812 tentur.“
352 1774 476 1823 Atque
496 1775 609 1811 altero
633 1774 725 1820 loco,
749 1775 786 1810 in

124 1831 347 1869 Commentt.
366 1831 499 1868 Societ.
515 1832 685 1881 Gotting.
699 1830 787 1867 XlV

123 1900 160 1938 p.
179 1889 233 1929 36
267 1888 429 1939 pluribus
455 1889 645 1938 utriusque
665 1888 785 1938 gentis

122 1945 353 1994 persequitur
398 1946 621 1983 secessiones
674 1951 785 1994 atque

122 2002 372 2050 migrationes,
404 2014 499 2050 quae
519 2002 671 2053 posthac
690 2002 786 2039 acci-

124 2058 254 2095 derint.
294 2058 475 2095 Rennelio
495 2072 530 2109 p.
556 2057 637 2098 416
655 2072 731 2108 seq.
750 2062 786 2096 et

123 2114 306 2152 Mannert.
328 2114 379 2152 IV
405 2128 441 2165 p.
467 2117 545 2156 109
571 2115 607 2152 Τ
610 2115 786 2164 byssage-

123 2175 183 2209 tae
207 2172 301 2209 intra
323 2171 471 2208 Tanain
492 2173 715 2222 superiorem
744 2185 786 2209 ac

123 2227 280 2277 Volgam
302 2229 337 2265 in
355 2228 530 2278 gubernio
544 2230 710 2266 Saratow
727 2241 786 2266 se-

122 2285 187 2322 des
198 2297 280 2322 suas
291 2285 461 2322 habuisse
472 2286 641 2323 videntur
652 2300 662 2331 ·‚
676 2298 784 2335 quae,

122 2345 270 2379 auctore
293 2342 451 2379 Heeren.
470 2342 582 2379 ldeen
605 2343 631 2389 1,
653 2345 679 2383 2
699 2356 784 2393 pag.

124 2399 228 2443 281,
259 2399 295 2434 in
323 2399 501 2446 gubernio
526 2398 632 2436 Perm
664 2412 782 2449 prope

124 2459 282 2491 montem
300 2454 392 2492 Ural
423 2455 471 2491 ad
496 2455 588 2492 fines
617 2456 782 2494 Siberiae

124 2511 355 2558 quaerendae
383 2516 467 2549 sunt
491 2512 661 2561 adeoque
689 2512 783 2550 ulte-

123 2565 196 2601 rius
215 2566 368 2604 forsitan
394 2569 680 2618 septentrionem
699 2582 781 2607 ver-

125 2634 208 2668 sus,
248 2623 276 2658 si
300 2624 448 2671 quidem
477 2637 612 2673 magna
644 2630 681 2664 et
709 2627 783 2664 fre-

124 2690 241 2727 quens
267 2679 377 2717 fuisse
404 2682 567 2729 putanda
595 2686 653 2720 est
679 2695 784 2732 gens,

124 2734 210 2779 Quo
235 2735 272 2771 in
293 2734 423 2773 eodem
443 2737 618 2786 gubernio
646 2751 782 2788 magna

847 469 989 506 urbium
1032 470 1163 506 rudera
1203 467 1322 504 adhuc
1361 467 1514 503 inveniri

846 527 969 563 scribit
995 526 1191 563 Reichard.
1221 525 1241 561 l.
1269 524 1289 561 l.
1323 536 1409 574 pag.
1445 523 1512 570 34,

848 584 964 619 locum
1035 581 1219 632 Tys-sonuli
1289 582 1511 629 fluviumque

851 639 1126 686 Tsclenssowaja
1169 640 1216 676 ad
1265 638 1510 688 Thyssageta-

846 709 923 732 τιιηι
955 710 1086 733 nomen
1119 697 1302 742 referens,
1353 707 1509 744 quorum

1513 307 1677 333 supraeo

846 754 952 790 sedes
982 754 1028 789 ad
1058 754 1204 790 fluvium
1238 753 1359 789 Karna
1395 763 1510 800 usque
1553 778 1555 780 -

846 811 965 857 (cuius
1023 810 1205 847 brachium
1268 809 1382 846 fertur
1429 820 1509 844 esse

849 866 1138 915 Tsclncssowajn)
1162 870 1353 916 porrectae
1378 866 1511 902 suerint

844 925 1014 973 adeoque
1069 923 1263 960 convenire
1317 922 1510 958 videantur

844 994 925 1017 cum
969 981 1120 1029 antiquo
1162 991 1277 1027 regno
1312 978 1508 1025 Biarmiae‚

845 1038 892 1073 de
914 1050 986 1086 quo
1009 1037 1121 1073 multa
1139 1036 1303 1072 serantur
1319 1035 1355 1071 in
1366 1034 1509 1071 Russo-

844 1106 922 1129 rum
959 1093 1122 1129 historia.
1166 1091 1286 1140 Atque
1315 1091 1363 1127 ad
1389 1090 1509 1139 gentis

844 1163 978 1186 nomen
1008 1149 1181 1199 Kiippen.
1211 1148 1412 1196 Nordgest.
1444 1148 1509 1184 des

846 1205 952 1242 Pont.
985 1219 1070 1255 pag.
1100 1207 1149 1246 18
1182 1210 1327 1242 revocat
1362 1205 1510 1240 nomina

848 1262 993 1308 Tleisse,
1028 1261 1184 1307 Thoas-se,
1217 1263 1307 1307 sive,
1339 1265 1379 1297 ut
1401 1260 1512 1298 hodie

845 1319 988 1368 Ungari
1010 1319 1114 1368 atqui
1132 1318 1230 1355 Slavi
1258 1318 1512 1369 pronuntiant,

847 1375 977 1423 Tissa,
1027 1376 1189 1425 indeque
1232 1375 1340 1412 etiam
1380 1378 1510 1423 gentes

843 1446 916 1470 non
933 1433 1060 1483 procul
1074 1433 1278 1470 habitantes
1291 1430 1509 1468 Gothorum.

844 1490 928 1533 Quo
949 1490 1078 1527 eodem
1098 1490 1195 1526 idem
1216 1491 1320 1539 (pag.
1342 1488 1395 1528 95
1417 1487 1438 1526 l.
1465 1487 1508 1533 l.)

844 1547 954 1584 refert
967 1546 1209 1591 Τήίεαηιαΐαε,
1231 1557 1385 1594 quorum
1406 1556 1508 1582 men-

842 1604 896 1640 tio
918 1603 957 1640 fit
977 1603 1013 1640 in
1033 1604 1184 1652 antiquo
1197 1602 1328 1640 Olbiae
1341 1600 1509 1652 psephis-

844 1664 941 1698 mate
974 1673 1092 1711 nuper
1119 1663 1292 1710 repert0‚
1335 1671 1508 1707 quorum-

843 1729 915 1766 que
956 1730 1112 1764 nomen,
1163 1720 1364 1754 extremam
1408 1715 1507 1751 vocis

842 1778 984 1824 partem
1024 1775 1052 1810 si
1090 1777 1254 1823 spectes,
1303 1772 1507 1822 comparari

842 1831 958 1881 possit
975 1844 1055 1867 cum
1079 1830 1377 1867 Sauromatarum
1395 1833 1508 1878 atque

843 1886 1115 1924 Iazamatarum
1136 1886 1453 1937 appellationibus.

901 1939 1043 1991 ζώουσι
1071 1941 1113 1983 δὲ
1136 1939 1215 1982 eino*
1245 1938 1392 1993 θήρης]
1448 1941 1508 1980 De

842 2014 911 2038 usu
936 2001 1219 2052 praepositionis
1242 1996 1320 2039 ἅπό
1342 2000 1436 2037 conf.
1462 1999 1507 2046 ll,

844 2060 898 2098 92
920 2058 1008 2107 ibiq.
1032 2062 1123 2094 nott.
1148 2057 1213 2103 IV,
1235 2059 1301 2099 23.
1322 2054 1387 2097 46.
1415 2058 1508 2102 103,

844 2119 880 2152 et
899 2127 995 2163 quae
1022 2114 1126 2164 plura
1155 2114 1257 2151 dabit
1276 2114 1435 2150 Fischer.
1458 2113 1508 2150 ad

843 2171 993 2209 lVeller.
1017 2171 1080 2218 ΙΙΙ,
1104 2174 1129 2212 6
1151 2184 1235 2221 pag.
1258 2173 1348 2211 106.

898 2223 1062 2278 minum]
1114 2227 1252 2264 Turcae
1283 2230 1367 2264 sunt
1387 2226 1507 2263 Plinio

842 2297 884 2322 ac
895 2284 1106 2329 Melael.l.3
1134 2297 1227 2333 quos
1248 2284 1376 2321 iisdem
1392 2284 1508 2321 ferme

841 2341 927 2379 locis
964 2345 1076 2391 atque
1114 2341 1364 2390 Thyssagetas
1403 2340 1508 2377 habi-

839 2402 938 2436 tasse
957 2397 1033 2435 vult
1054 2399 1238 2436 Mannert.
1259 2397 1312 2435 IV
1322 2410 1408 2448 pag.
1425 2398 1504 2438 109

839 2456 889 2492 ad
940 2456 1165 2493 occidentem
1215 2455 1350 2492 montis
1400 2453 1503 2491 Ural.

841 2512 926 2556 Quo
947 2513 1047 2562 prior
1069 2512 1127 2550 De
1141 2512 1307 2560 Guignes
1324 2511 1347 2548 l.
1369 2510 1390 2547 l.
1410 2523 1502 2559 gen-

838 2573 912 2606 tem
931 2568 1173 2619 Thyssagetis
1206 2569 1356 2605 vicinam
1387 2578 1504 2617 prope

839 2624 956 2663 lacum
967 2625 1120 2663 Saissan
1141 2625 1308 2670 collocat,
1327 2625 1362 2659 in
1384 2623 1504 2658 orien-

838 2681 901 2719 tali
938 2688 1043 2731 parte
1086 2681 1246 2731 regionis
1292 2678 1498 2728 Captchac3

840 2736 968 2788 Iyrcas
1004 2738 1123 2776 vocari
1161 2736 1316 2787 putabat
1351 2734 1500 2772 Gatter.

1585 208 1620 233 e,
1639 201 1697 228 vici
1690 202 1762 237 iniq(
1754 209 1793 229 uc

1567 242 1637 260 cae.
1685 235 1740 262 hor
1726 244 1792 263 rum

1569 275 1616 293 nai
1618 267 1656 294 nid
1678 273 1754 295 ratio

1704 310 1791 329 auro-
