1863 3256
562 246 910 286 THALIA.
972 247 1031 285 111.

1340 256 1424 294 209

146 359 257 415 πρὸς
274 356 512 416 βαρβάρων
529 355 747 411 ποταμόν,
777 354 1006 400 ἐκδιδόντα
1034 355 1077 406 ἐς
1096 352 1327 400 θάλασσαν
1346 361 1425 415 τὴν

145 432 254 486 πρὸς
267 433 407 486 βορῆν
422 427 597 484 ἄνεμον,
621 425 694 471 ἀπ’
714 427 814 471 ὅτευ
832 426 882 471 τὸ
897 426 1109 483 ἤλεκτρον
1123 430 1285 481 φοιτᾶν
1296 428 1426 484 λόγος

145 502 253 553 ἐστὶ,
285 499 383 543 οὔτε
413 497 577 554 νήσους
608 497 710 542 οἶδα
729 499 1045 552 Κασσιτερίδας
1062 496 1240 548 ἐούσας,
1271 496 1317 540 ἐκ
1336 502 1426 541 τῶν

115 573 172 616 3ὁ
204 572 456 624 κασσίτερος
485 567 591 626 ἡμῖν
621 574 769 628 φοιτᾷ.

827 573 958 613 τοῦτο
989 570 1068 625 μὲν
1107 585 1217 625 γαρ,
1257 567 1281 612 ὁ
1308 565 1482 624 ’Hoc-50

147 641 300 692 δανός,
332 639 442 684 αὐτὸ
472 641 725 698 κατηγορέει
753 641 803 685 τὸ
835 640 1007 697 οὔνομα
1037 639 1096 692 ὥς
1125 641 1213 684 ἔστι
1238 637 1428 697 Ἑλληνι-

147 711 230 757 κὸν
261 711 334 754 καὶ
365 709 421 754 οὔ
449 728 490 754 τι
531 712 831 769 βαρβαρικόν,
868 710 955 756 ὑπό
996 711 1183 768 ποιητέω
1223 710 1268 755 δέ
1307 727 1427 763 τινος

143 782 362 839 ποιηθέν·
417 786 549 826 τοῦτο
592 784 662 835 δὲ,
711 783 897 835 οὐδενὸς
933 782 1156 827 αὐτόπτεω
1185 783 1428 839 γενομένου

146 853 201 899 οὐ
232 853 424 910 δύναμαι
456 852 668 908 α’κοῦσαι,
698 859 829 899 τοῦτο
851 858 1060 911 μελετῶν,
1092 854 1204 906 ὅκως
1222 853 1426 898 θάλασσά

89 1025 154 1075 qui
180 1037 305 1063 verum
335 1024 412 1061 eius
440 1023 547 1060 situm
578 1023 757 1073 indagare

88 1081 197 1128 velit,
239 1093 321 1118 eum
352 1080 408 1116 vix
439 1080 640 1129 quidquam
669 1093 757 1130 pro-

88 1138 267 1176 fecturum
288 1150 368 1175 esse
390 1141 529 1187 putem.
582 1136 757 1186 Namque

90 1194 262 1232 electrum
281 1206 360 1231 cum
377 1193 434 1229 vix
454 1193 603 1230 aliunde
626 1194 696 1229 nisi
712 1204 757 1230 ex

90 1252 162 1288 oris
175 1250 348 1300 Europae
368 1249 665 1299 septentrionalis
681 1262 759 1286 ma-

88 1307 240 1354 ritimis,
271 1307 330 1342 ubi
350 1306 471 1342 adhuc
490 1307 673 1356 provenit,
706 1305 757 1342 ad

91 1364 254 1400 Graecos
276 1362 400 1400 afferri
423 1364 605 1413 potuerit,
637 1362 757 1400 Phoe-

89 1420 213 1466 nices,
260 1420 322 1468 qui
350 1418 407 1456 vel
446 1423 566 1456 totam
599 1420 757 1456 Africam

90 1476 420 1525 circumnavigasse
453 1476 644 1523 dicuntur,
691 1475 757 1513 has

92 1546 241 1583 quoque
262 1532 432 1569 prussiae
461 1534 631 1582 regiones
653 1533 759 1570 navi-

90 1591 159 1628 bus
202 1589 338 1627 adiisse
383 1589 545 1639 indeque
586 1589 757 1627 electrum

94 1659 217 1685 secum
248 1645 460 1694 abstulisse,
510 1659 532 1683 a
564 1659 650 1684 vero
683 1659 758 1683 non

93 1715 242 1754 prorsus
263 1703 446 1741 abhorret.
477 1703 758 1753 ConfiDilthey.

93 1759 116 1797 l.
134 1759 156 1796 l.
177 1772 264 1809 pag.
286 1762 351 1801 21.
376 1762 441 1800 22.
503 1760 606 1803 Quos
635 1765 760 1797 tamen

94 1817 243 1854 eosdem
265 1816 310 1853 ob
330 1828 504 1864 magnum
523 1817 658 1853 succini
678 1830 761 1866 pre-

93 1874 183 1910 tium
205 1873 254 1909 de
273 1871 374 1920 locis,
404 1873 501 1910 unde
524 1873 761 1920 adveherent,

94 1928 152 1966 vel
179 1928 268 1965 nihil
296 1929 496 1978 quidquam
526 1929 582 1966 vel
610 1930 761 1978 incerta,

93 1984 274 2024 mirabilia
301 1986 470 2035 adeoque
488 1985 672 2024 horrenda
697 1999 761 2023 au-

94 2042 174 2079 ditu
205 2042 356 2079 Graecis
389 2055 559 2080 narrasse
587 2042 762 2081 credibile

95 2098 159 2146 fit,
203 2099 408 2136 indicantes
441 2099 515 2136 scil.
542 2099 666 2137 electri
695 2112 763 2149 pa-

96 2156 204 2192 triam
226 2155 427 2193 Eridanum
446 2156 616 2204 fluvium,
655 2157 763 2194 fabu-

95 2210 212 2249 losum
241 2211 341 2248 illum
371 2212 543 2261 quidem,
589 2226 657 2251 nec
687 2213 763 2250 cui-

97 2281 207 2317 quam
230 2269 433 2305 accuratius
455 2274 595 2306 notum.
656 2270 763 2313 Quae

96 2325 176 2375 ipsa
197 2325 282 2362 dein
307 2330 440 2375 poetae
460 2326 593 2364 Graeci
621 2339 762 2363 assum-

99 2382 191 2419 sisse
218 2382 411 2431 magisque
441 2383 536 2420 adeo
561 2396 628 2433 pro
661 2396 764 2421 more

99 2450 295 2475 exornasse
333 2440 507 2476 censendi
545 2444 639 2477 sunt.
711 2440 763 2477 Ut

100 2494 194 2530 enim
223 2496 388 2533 terrestri
422 2496 550 2534 itinere
578 2496 762 2534 succinum

100 2562 124 2586 a
159 2550 288 2588 Baltici
325 2552 433 2589 maris
469 2553 542 2589 oris
582 2554 630 2590 ad
666 2553 763 2590 Padi

100 2606 194 2643 ostia
222 2612 286 2644 aut
316 2608 353 2645 in
377 2608 606 2646 Pannoniam
641 2610 764 2658 regio-

101 2674 239 2710 nesque
280 2676 302 2700 a
344 2665 495 2703 Graecis
539 2666 764 2705 Romanisve

101 2716 284 2755 habitatas
300 2720 446 2759 allatum
467 2723 612 2760 credam
624 2752 634 2770 ,
664 2736 686 2760 a
705 2737 764 2762 me

103 2773 296 2823 impetrare
325 2789 398 2813 non
422 2791 594 2827 possum,
634 2792 765 2828 quam-

102 2841 211 2878 quam
235 2831 368 2869 Ritter.
391 2834 581 2881 (Vorhalle
600 2849 637 2886 p.
661 2838 762 2885 183)

103 2886 155 2922 sic
175 2885 396 2926 existimasse
416 2891 545 2939 video,
579 2898 620 2929 ut
638 2891 763 2931 electri

156 2942 368 2982 Hunonorr.
396 2945 442 2983 11.

811 1026 1036 1060 mercatores
1067 1023 1116 1060 ad
1135 1022 1349 1069 Eridanum,
1388 1034 1481 1071 quos

812 1080 907 1116 norit
920 1079 1132 1117 Herodotus
1154 1077 1206 1129 [ἔ]
1219 1108 1229 1126 ,
1253 1091 1483 1128 quorumque

812 1137 1037 1186 emporium,
1075 1135 1135 1172 ubi
1168 1136 1386 1173 Herodotus
1417 1147 1482 1171 sna

811 1194 992 1243 acceperit
1012 1190 1082 1242 [?],
1114 1191 1223 1228 Olbia
1247 1192 1381 1239 fuerit,
1421 1191 1482 1228 tali

811 1249 942 1286 itinere
965 1249 1020 1286 usi
1045 1249 1130 1285 sint.

872 1301 1094 1354 ἐκδιδόντα]
1127 1317 1175 1341 sc.
1198 1299 1243 1341 τό
1265 1298 1386 1355 ὕδωρ.
1421 1302 1481 1340 Cf.

814 1362 852 1409 I,
882 1365 907 1403 6
939 1362 1026 1411 ibiq.
1056 1365 1148 1398 nott.
1207 1359 1266 1397 Ad
1294 1355 1384 1400 ’ὅτευ
1407 1360 1482 1397 vid.

814 1422 909 1456 nott.
933 1419 982 1455 ad
1003 1419 1040 1464 Ι,
1075 1421 1112 1459 7.
1171 1416 1365 1467 Excerpsit
1393 1416 1484 1454 haec

813 1475 983 1512 Eustath.
1001 1475 1049 1512 ad
1065 1474 1219 1522 Dionys.
1232 1473 1374 1523 Perieg.
1386 1472 1482 1515 561.

813 1532 873 1570 De
903 1531 1026 1570 insulis
1049 1531 1326 1568 cassaret-idibus
1356 1530 1483 1581 dispu-

815 1588 971 1626 tavimus
992 1589 1027 1626 in
1050 1588 1215 1625 Excursu
1235 1587 1282 1624 ad
1300 1587 1336 1624 h.
1356 1587 1378 1624 l.

874 1642 925 1685 οὔ
943 1661 978 1685 τι
1003 1641 1269 1697 βαρβαρικὸν]
1312 1642 1482 1692 Schwgh.

817 1708 960 1740 secutus
985 1715 1081 1748 sum3
1119 1702 1172 1739 ita
1193 1701 1288 1739 enim
1315 1699 1483 1750 plerique

816 1759 917 1807 libri,
948 1759 1009 1809 qui
1030 1759 1067 1795 in
1089 1772 1133 1796 eo
1151 1771 1225 1795 uno
1248 1757 1482 1803 dissentiunt,

818 1816 918 1866 quod
947 1816 1057 1853 modo
1090 1812 1141 1854 οὕ
1160 1829 1218 1861 τι,
1249 1814 1361 1850 modo
1393 1809 1483 1852 οὔτε

818 1872 1002 1911 exhibent.
1041 1873 1157 1909 Gaisf.
1188 1871 1305 1908 edidit
1333 1864 1484 1921 βάρβα·

819 1944 893 1980 ρον
912 1943 932 1967 e
949 1930 1136 1966 Sancrosti
1156 1933 1192 1965 et
1208 1927 1417 1966 Vindobon.
1438 1926 1482 1963 li-

817 1987 907 2032 bro,
937 1985 1030 2022 Vall.
1063 1989 1100 2023 et
1117 1984 1287 2022 Eustath.
1319 1984 1366 2020 ad
1393 1982 1484 2020 Dio-

818 2056 898 2091 nys.
928 2042 1071 2092 Perieg.
1104 2042 1167 2083 14.
1209 2041 1318 2079 Conf.
1341 2040 1482 2077 Herod.

818 2100 919 2146 Vlll,
944 2102 993 2141 19
1014 2105 1052 2137 et
1074 2099 1102 2146 l,
1123 2100 1176 2140 60
1199 2098 1287 2147 ibiq.
1309 2100 1402 2133 nott.

875 2153 993 2194 τοῦτο
1019 2153 1204 2206 μελετῶν]
1245 2155 1267 2190 i.
1298 2166 1329 2191 e.
1354 2165 1482 2202 quam-

818 2213 872 2250 vis
892 2213 1066 2259 studiose,
1096 2214 1197 2249 enixe
1219 2211 1258 2247 id
1275 2223 1388 2258 agens
1401 2239 1414 2256 ,
1443 2213 1485 2246 ut

820 2283 869 2307 sc.
906 2282 1024 2306 verum
1049 2270 1091 2306 de
1126 2269 1179 2305 his
1219 2269 1370 2316 certique
1398 2266 1485 2316 quid

821 2329 1051 2377 comperirem.
1082 2326 1139 2363 Cf.
1153 2325 1218 2372 VI,
1235 2324 1325 2366 105.
1359 2323 1485 2367 Quare

820 2396 893 2421 non
922 2388 1016 2432 erat,
1057 2395 1121 2421 cur
1149 2382 1239 2420 haec
1274 2379 1486 2418 sollicitaret

819 2440 996 2478 Valcken.
1031 2463 1082 2468 ——
1127 2438 1186 2477 De
1223 2442 1346 2488 etymo
1386 2437 1484 2474 vocis

818 2493 1011 2549 ἤλεκτρον
1044 2510 1120 2534 non
1158 2500 1216 2534 est
1243 2495 1345 2543 quod
1375 2505 1485 2542 agam

819 2558 905 2605 post
943 2567 1008 2601 ea,
1049 2566 1144 2604 quae
1179 2565 1224 2590 ex
1251 2556 1412 2588 veterum
1449 2552 1486 2586 et

820 2611 1063 2649 recentiorum
1096 2608 1402 2660 disputationibus
1429 2612 1485 2642 at-

821 2667 903 2705 tulit
934 2667 1098 2716 Dilthey.
1120 2666 1143 2703 l.
1166 2665 1188 2703 l.
1218 2678 1307 2716 pag.
1337 2666 1361 2703 6
1388 2674 1482 2710 seq„

822 2724 885 2773 qui
911 2725 1009 2762 idem
1037 2728 1184 2770 monet,
1223 2734 1309 2771 pag.
1333 2722 1359 2759 7
1380 2730 1482 2766 seqq.

822 2780 916 2818 hanc
946 2794 1073 2818 vocem
1110 2780 1159 2817 ad
1193 2779 1267 2815 duo
1290 2776 1400 2826 plane
1429 2774 1485 2809 di-

821 2850 927 2875 versa
946 2841 1158 2887 usurpatam
1178 2847 1280 2879 esse,
1311 2844 1389 2868 cum
1406 2842 1485 2866 mo-

821 2895 870 2931 do
896 2893 1082 2932 metallum
1109 2891 1297 2942 quoddam
1324 2888 1390 2934 (de
1412 2898 1485 2935 quo

1160 2945 1213 2987 14
