1879 3255
528 624 1076 703 HPOAOTOY

360 742 855 789 ΙΣΤΟΡΙΩΝ
931 744 1245 790 ΤΡΙΤΗ.

631 887 918 928 ΘΑΛΕΙΑ.

158 959 311 1018 ’EIH
336 977 497 1018 τοῦτον
533 973 587 1031 δὴ
616 974 696 1019 τόν
722 974 907 1031 ’Ἄμασιν
938 977 1182 1033 Καμβύσης
1211 977 1234 1021 ὁ
1275 977 1434 1033 Κύρου
1496 992 1576 1032 193

158 1045 460 1101 ἐστρατεύετο,
501 1045 622 1101 ἄγων
660 1047 732 1091 καὶ
772 1047 933 1099 ἄλλους
963 1052 1050 1091 τῶν
1078 1045 1202 1105 ἦρχε,
1241 1049 1316 1092 καὶ
1341 1048 1431 1093 Ἑλ-
1491 1042 1772 1112 ἔιᾶζῑὲξζζᾎὲζξξζ

157 1116 307 1174 λήνων
333 1115 491 1168 Ἴωνάς
531 1134 575 1161 τε
613 1119 687 1162 καὶ
716 1116 926 1170 Αἰολέας,
971 1117 1026 1162 δι’
1059 1120 1203 1175 αἰτίην
1241 1119 1463 1176 τοιήνδε.5
1492 1110 1773 1185 Ϊζ,ξζ’,ξΐίοέἲρῗξ,ζζ

127 1190 349 1246 ελΠέμψας
398 1188 639 1246 Καμβύσης
693 1189 736 1242 ἐς
784 1191 1009 1246 Αἴγυπτον
1069 1189 1262 1247 κήρυκα,
1492 1177 1685 1212 by⁸'¹¹¹¹³¹¹¹'
1710 1187 1772 1206 ³¹⁰⁹

68 955 96 999 1

1322 1193 1434 1236 αἴτεε
1491 1212 1625 1251 petenti,
1661 1187 1772 1239 Ni’tetis

1492 1247 1604 1307 ἐξὲξ-,ωε
1627 1245 1692 1274 filia
1718 1254 1772 1282 pro

352 1341 458 1392 Cap.
490 1342 517 1378 Ι.

156 1392 246 1436 Ἐπὶ
271 1399 415 1437 τοῦτον
435 1395 486 1449 δή
503 1395 574 1438 τόν
595 1395 767 1450 ’Ἄμασιν

102 1449 329 1505 Καμβύσης
342 1475 391 1481 —
406 1450 674 1507 ἐστρατεύετο]
694 1457 768 1493 Ex-

100 1512 300 1562 peditionis
329 1523 351 1548 a
380 1512 565 1563 Cambyse
591 1513 766 1550 adversus

100 1566 305 1619 Aegyptios
337 1573 530 1619 susceptae
563 1570 600 1606 in
638 1583 766 1608 causas

101 1625 249 1674 inquirit
267 1624 486 1662 Dahlmann.
525 1627 708 1664 Herodot.
729 1641 765 1677 p.

105 1680 208 1726 1483
239 1682 375 1730 quippe
398 1694 489 1730 quas
509 1683 616 1720 latius
637 1689 767 1732 patere

102 1738 286 1775 existimat
315 1742 351 1774 et
373 1750 417 1774 ex
438 1739 569 1788 prioris
592 1741 767 1789 temporis

101 1794 259 1831 dissidiis
286 1796 400 1842 atque
434 1796 627 1833 inimicitiis
662 1809 768 1847 repe-

98 1851 244 1898 tendas,
273 1862 352 1887 cum
364 1850 583 1901 Cambysem
596 1853 685 1889 satis
703 1854 769 1890 sti-

99 1907 236 1945 mulare
251 1911 377 1957 posset
396 1913 434 1945 et
451 1909 602 1946 ambitio
625 1913 661 1946 et
683 1922 767 1947 vero

99 1964 207 2002 etiam
237 1964 311 2009 ira,
363 1976 407 2001 eo
446 1966 546 2014 quod
588 1965 768 2017 Aegyptii

99 2020 184 2057 olim
215 2033 294 2057 cum
314 2016 453 2058 Croeso
477 2023 608 2060 foedus
638 2028 768 2060 contra

98 2077 232 2115 Persas
255 2077 446 2125 iniissent,
485 2080 652 2116 excitata.
693 2079 766 2117 Ac-

99 2134 256 2171 cedebat
294 2134 395 2183 quod
436 2139 552 2173 terras
590 2136 765 2186 Aegypto

100 2190 310 2228 adiacentes
342 2195 448 2240 pater
479 2193 548 2230 iarn
571 2193 765 2231 Persarum

100 2247 231 2284 ditioni
249 2248 455 2295 adiecerat,
487 2262 597 2299 quarn
616 2250 765 2287 ulterius

98 2316 315 2354 promovere
341 2304 389 2340 ad
411 2305 563 2354 gloriam
586 2308 767 2356 regnique

100 2360 156 2397 sui
177 2361 396 2409 dignitatem
429 2365 612 2412 pertinere
638 2363 765 2401 existi-

100 2417 225 2454 mabat
243 2416 347 2454 filius.
406 2419 536 2469 Itaque
560 2433 633 2457 non
654 2433 766 2471 pecu-

99 2473 207 2511 liares
225 2474 400 2523 quasdam
413 2503 424 2522 ‚
452 2476 579 2525 quales
594 2477 767 2514 Herodo-

99 2534 158 2567 tus
177 2530 245 2568 hoc
257 2530 376 2581 capite
395 2544 437 2569 ac
454 2545 558 2583 seqq.
582 2547 648 2584 pro
669 2533 765 2571 illius

100 2587 233 2624 aetatis
255 2587 378 2625 indole
399 2601 441 2625 ac
462 2591 605 2628 ratione
619 2595 767 2628 enarrat

100 2655 239 2690 causaS‚
254 2645 479 2694 expeditioni
497 2647 534 2683 in
551 2647 764 2697 Aegyptum

100 2697 284 2738 institutae
331 2701 444 2740 fuisse
482 2709 609 2741 censet
646 2703 762 2740 Dahi-

101 2766 241 2803 mann.‚
270 2757 336 2794 sed
354 2757 432 2795 illas
452 2759 559 2797 latius
579 2764 761 2811 patenteS,

101 2810 151 2848 ad
166 2811 282 2860 ipsum
293 2812 485 2863 Persarum
503 2817 694 2869 imperium
704 2829 763 2855 re-

151 2866 356 2907 Hnnonow.
376 2870 424 2908 ΙΙ.

825 1342 956 1393 gisque
975 1342 1213 1381 ambitionem
1231 1343 1387 1382 maxime
1406 1357 1493 1395 per-

825 1400 997 1438 tinentes.
1058 1399 1138 1438 Nec
1165 1401 1273 1437 aliam
1303 1401 1384 1439 belli
1405 1414 1493 1439 cau—

824 1470 901 1494 sam
914 1468 1043 1494 revera
1057 1457 1170 1495 suisse
1186 1457 1322 1495 iudicat
1332 1458 1494 1496 Heeren.

824 1513 949 1551 ldeen.
974 1513 1029 1559 11,
1060 1515 1086 1552 2
1117 1527 1153 1564 p.
1176 1512 1273 1561 406,
1310 1515 1378 1552 nisi
1400 1515 1494 1552 divi-

823 1570 892 1607 tias
914 1574 1025 1620 atque
1047 1583 1136 1620 opes
1154 1570 1328 1622 Aegypti,
1360 1573 1491 1621 quibus

823 1626 959 1664 Persae
977 1627 1162 1664 inhiarint.
1184 1649 1240 1655 -
1261 1629 1405 1672 Quibus
1425 1628 1491 1666 Cr.

823 1683 915 1721 haec
937 1684 1064 1721 addit:
1104 1685 1172 1731 „Si
1195 1689 1318 1722 tamen
1344 1691 1492 1736 reputa-

824 1752 905 1777 mus
930 1741 1137 1777 universam
1169 1741 1236 1778 sibi
1255 1740 1382 1779 Asiam
1404 1743 1494 1780 Per-

825 1808 884 1833 sas
916 1797 1119 1835 vindicasse
1148 1797 1238 1845 (vid.
1259 1811 1370 1849 supra
1397 1799 1433 1846 Ι,
1465 1797 1491 1838 4

824 1853 912 1902 ibiq.
932 1857 1074 1890 annott.
1098 1867 1133 1903 p.
1157 1853 1248 1903 14),
1287 1856 1399 1892 Asiae
1422 1868 1491 1892 au-

824 1914 899 1946 tem
928 1910 1129 1958 antiquitus
1159 1923 1353 1949 accensam
1380 1912 1492 1950 fuisse

823 1965 980 2014 Libyam
1005 1966 1120 2013 (Plat.
1145 1967 1260 2017 Gorg.
1283 1981 1319 2018 p.
1341 1967 1422 2008 523
1445 1969 1489 2008 E.

823 2035 860 2073 p.
884 2024 965 2063 265
987 2036 1064 2072 seq.
1095 2024 1248 2061 Heindf.
1277 2026 1320 2062 cf.
1347 2026 1489 2063 Sebae-

822 2080 890 2117 fer.
908 2078 1050 2117 Melett.
1069 2093 1105 2131 p.
1121 2082 1174 2120 36
1194 2082 1314 2130 seq.);
1337 2082 1366 2118 si
1382 2095 1491 2132 porro

822 2141 1055 2186 reputamus,
1086 2136 1490 2177 Nabuchodonosorem

823 2192 1068 2242 Babylonium
1088 2193 1297 2245 Aegyptum
1313 2195 1490 2244 Libyam-

824 2263 896 2299 que
922 2250 1017 2287 adeo
1048 2251 1157 2287 armis
1190 2256 1354 2290 tentasse
1388 2252 1492 2300 (Me-

824 2306 994 2355 gasthen.
1014 2319 1074 2357 ap.
1093 2308 1218 2345 Strab.
1237 2309 1319 2356 XV,
1351 2312 1376 2349 6
1407 2323 1443 2359 p.
1465 2311 1490 2348 8

825 2376 902 2412 seq.
941 2362 1149 2400 Tzschuck.
1191 2365 1235 2402 cf.
1263 2365 1314 2402 10.
1343 2365 1489 2404 Miiller.

823 2419 978 2468 Allgem.
1001 2420 1167 2458 Gesch.l
1187 2434 1220 2471 p.
1236 2423 1323 2468 86),
1351 2422 1490 2460 Persa-

823 2489 902 2514 rum
922 2481 1041 2513 autem
1060 2490 1166 2526 reges
1187 2479 1404 2529 semetipsos
1421 2491 1489 2529 pro

823 2534 1088 2570 successoribus
1111 2534 1397 2584 Babyloniorum
1426 2536 1491 2572 ha-

823 2590 964 2635 buisse;
989 2590 1085 2627 haud
1104 2591 1302 2629 absurdum
1323 2592 1491 2629 videatur

821 2647 982 2694 credere,
1004 2647 1225 2696 Cambysem
1250 2649 1318 2685 sibi
1337 2660 1490 2698 persua-

821 2704 913 2741 sisse
926 2731 936 2750 ,
962 2717 1002 2741 se
1022 2704 1174 2753 antiquo
1193 2704 1489 2752 hereditarioque

821 2760 900 2798 iure
922 2773 989 2797 suo
1013 2760 1303 2798 dominationem
1325 2760 1487 2809 Aegypti

819 2815 1036 2868 Libyaeque
1055 2816 1243 2911 postulzire
1263 2828 1385 2868 posse.
1396 2818 1421 2837 “
