1863 3256
12 746 15 755 Ι
46 688 143 734 191

484 218 1041 260 MELPOMENE.
1098 223 1160 261 IV.

1359 229 1443 270 617

195 328 509 383 φυλάσσοντες,
537 328 667 373 ἐπεάν
696 328 801 386 ἀπίῃ
830 328 911 386 τήν
939 326 1102 384 ψυχὴν,
1134 327 1246 380 ὅκως
1274 349 1348 386 μιν
1375 351 1448 378 κα.

166 402 366 443 Ξτίσουσι
389 434 401 452 ,
441 401 548 456 μηδὲ
585 400 740 451 ὕπτιος
779 399 1077 443 ἀποθανέεται.

1141 399 1362 455 Οἶκήματα
1402 405 1449 447 ὁὲ

195 470 422 527 σύμπηκτα
468 471 511 523 ἐξ
553 470 796 524 ἀνθερίκων
835 469 1075 526 ἐνερμένων
1111 471 1209 525 περὶ
1248 473 1450 527 σχοίνους

191 541 298 591 ἐστὶ,
338 543 408 585 καὶ
446 545 583 585 ταῦτα
620 540 902 599 περιφορητά.

191 623 303 655 τοισι
333 606 458 655 οὗτοι
481 612 701 668 χρέωνται.

331 995 443 1046 Cap.
482 996 596 1034 CXC.

191 1046 475 1101 φυλάσσοντες]
500 1053 643 1090 Eodem
667 1065 790 1102 sensu,

135 1120 210 1157 quo
230 1108 258 1154 Ι,
280 1109 332 1149 48
353 1108 431 1145 coll.
451 1108 495 1156 V,
517 1112 583 1155 12,
605 1109 666 1146 ubi
682 1109 792 1146 Glos-

135 1176 196 1201 sa:
219 1160 530 1215 ἐπιτερήσαντες.
560 1164 620 1202 Ad
637 1167 789 1203 formam

134 1218 356 1270 ένερμένων
375 1222 470 1260 cons.
488 1221 621 1260 Matth.
643 1222 708 1259 Gr.
725 1222 789 1259 Gr.

134 1274 172 1330 ἓ.
193 1278 276 1318 232
301 1291 339 1327 p.
360 1276 453 1318 454.

190 1328 398 1383 Οἰκήματα
434 1330 476 1371 δὲ
518 1329 727 1383 σύμπηκτα
753 1348 789 1371 κ.

132 1402 168 1427 τ,
189 1387 248 1438 λ.]
279 1390 302 1425 i.
333 1402 364 1426 e.
402 1389 534 1426 Domus
571 1390 710 1426 illorum
747 1401 791 1425 esc

133 1445 399 1494 asphodelorum
417 1446 578 1483 cantabas
596 1449 791 1496 compactae

132 1504 213 1537 sunt
241 1503 438 1539 intertextis
461 1505 600 1549 iuncis,
642 1506 791 1551 suntque

128 1559 328 1609 portatiles.
378 1558 432 1595 lta
462 1559 662 1607 Schweigh.
714 1558 790 1595 Ea-

133 1614 217 1651 dem
237 1615 350 1651 tradit
360 1614 567 1652 Hellanicus
588 1628 646 1664 ap-
658 1613 790 1652 Athen.

131 1669 199 1716 ΧΙ,
219 1672 245 1710 2
266 1684 294 1707 S.
314 1672 338 1710 6
356 1684 392 1719 p.
408 1671 544 1711 46213.
575 1670 674 1707 Add.
692 1670 791 1707 Mela

131 1726 161 1772 Ι,
185 1728 224 1772 8,
251 1725 305 1766 34
336 1727 383 1764 de
411 1728 634 1775 Cyrenaicae
663 1739 791 1764 noma-

132 1782 261 1819 dibus:
292 1803 346 1810 —-
377 1788 512 1832 „utque
532 1796 554 1821 a
569 1783 703 1833 pabulo
723 1784 791 1820 du-

131 1842 190 1876 cta
211 1843 317 1886 sunt,
354 1839 406 1876 ita
427 1852 466 1877 se
495 1853 537 1877 ac
559 1840 700 1889 tuguria
724 1852 789 1876 sua

129 1899 368 1945 promoventt
406 1901 518 1944 atque
538 1897 599 1933 ubi
623 1896 700 1933 dies
724 1896 790 1932 de-

130 1951 228 1996 ficit,
266 1952 315 1988 ibi
346 1956 491 1989 noctem
517 1953 676 2001 agunt.“
721 1945 790 1989 ἀν-

131 2006 247 2057 θέριξ
280 2007 394 2056 vulgo
441 2009 571 2046 dicitur
609 2008 790 2058 asphodeli

133 2063 270 2109 caulis,
311 2060 526 2115 ἀνθέρικος
554 2065 634 2115 ipse
662 2065 788 2114 aspho-

134 2120 207 2156 deli
233 2119 394 2169 fructus.
449 2120 559 2157 Plura
589 2121 787 2171 Spanhem.

131 2177 181 2212 ad
203 2175 410 2213 callimach.
440 2176 477 2212 in
494 2176 576 2214 Del.
606 2179 684 2218 193
707 2177 788 2215 coll.

131 2231 177 2269 L.
196 2232 283 2268 Bos.
309 2233 486 2270 Observv.
508 2234 603 2270 critt.
626 2246 710 2284 pag.
733 2233 788 2274 40

133 2292 172 2325 et
194 2289 396 2336 interprett.
415 2289 463 2325 ad
476 2288 662 2326 Theocrit.
683 2289 711 2336 Ι,
722 2291 788 2329 52.

132 2343 266 2381 Glossa
280 2345 513 2382 Herodotea:
543 2340 788 2396 ἀνθερίκων·

133 2401 212 2439 νῦν
242 2415 337 2446 τους
365 2397 540 2471 καυλρύς
573 2413 673 2452 φησι
711 2403 790 2439 τῶν

135 2451 390 2504 ἀσφοδέλων·
439 2456 515 2497 εἰσὶ
545 2455 588 2497 δὲ
618 2455 791 2510 εὔθραυ-

135 2523 231 2551 στοι.

327 2569 437 2620 Cap.
466 2570 599 2608 CXCI.

199 2619 249 2662 Τὸ
277 2621 320 2662 δὲ
348 2640 449 2676 προς
477 2625 668 2677 εσπέρης]
717 2625 790 2663 Pro

137 2677 327 2729 ἕσπέρην,
366 2683 464 2728 quod
497 2682 631 2720 Aldina
668 2683 791 2730 habet,

137 2735 269 2773 retinui
304 2734 397 2774 εσπε
381 2735 472 2786 ’ρης
507 2739 677 2788 idemque
710 2752 791 2776 cum

136 2791 339 2840 Schweigh.
371 2797 418 2828 et
424 2793 542 2830 Gaisf.
569 2795 716 2845 reposui
735 2796 794 2831 in-

138 2848 214 2885 sta:
256 2863 282 2899 η
304 2844 346 2886 ὁὲ
366 2842 446 2888 ἀπό
467 2845 609 2888 τούτου
628 2848 670 2890 τὸ
691 2848 792 2901 πρός

1446 620 1489 655 81

312 681 370 725 Τό
410 681 457 724 δὲ
493 681 602 736 πρὸς
642 681 823 738 ἑσπέρης
860 685 941 725 τοῦ
982 683 1200 737 Τρίτωνος
1234 687 1448 740 ποταμοῦ,

189 750 375 796 Αὐσέων
413 751 584 807 ἔχονται
622 751 831 808 ἀροτῆρες
867 753 951 810 ἤδη
981 755 1115 810 Λίεβυ
1120 771 1159 806 ς,
1198 756 1272 798 καὶ
1308 757 1446 807 οἰκίας

188 825 434 880 νομίζοντες
470 822 703 880 ἐκτῆσθαι,
737 829 851 868 τοῖσι
880 822 1051 881 οὕνομα
1079 824 1220 870 κέεται
1248 826 1442 879 Μάξυες·
1499 865 1516 885 0

850 993 1037 1048 ἑσπέρης,
1076 996 1137 1034 ubi
1175 996 1283 1048 vulgo
1319 995 1499 1050 ἕσπέρην.

848 1054 956 1091 Conf.
973 1058 1064 1090 nott.
1087 1055 1134 1090 ad
1157 1054 1216 1102 IV,
1246 1057 1310 1095 17.

905 1109 1031 1156 οἰκίας
1047 1109 1271 1160 νομίζοντες
1290 1109 1500 1161 ἐκτῆσθαι]

847 1166 870 1203 i.
896 1179 927 1203 e.
957 1168 1020 1215 qui
1048 1168 1084 1202 in
1115 1179 1182 1203 usu
1218 1167 1343 1203 habeat
1381 1168 1502 1203 (lomus

841 1222 1035 1272 possidere,
1067 1235 1094 1258 s.
1114 1226 1175 1272 qui
1191 1223 1314 1260 stabili
1331 1224 1408 1260 sede
1428 1236 1502 1261 cer-

848 1281 960 1327 tisque
980 1278 1164 1315 domiciliis
1184 1283 1352 1324 ictuatum
1382 1293 1502 1331 oppo-

846 1339 981 1371 nuntur
1011 1338 1105 1372 enim
1133 1337 1348 1373 nomadibus
1366 1364 1378 1382 ‚
1419 1337 1503 1385 qui-

846 1391 915 1427 bus
930 1394 1071 1427 tantum
1084 1386 1280 1440 οι’κήματα
1292 1387 1503 1442 σύμπηκτα

849 1450 886 1483 et
913 1442 1159 1497 περιφορητά
1194 1446 1253 1497 (ut
1279 1447 1352 1493 IV,
1390 1449 1503 1495 190).

847 1502 906 1541 De
930 1504 1041 1540 verbo
1063 1503 1238 1553 νομίζειν
1259 1505 1303 1541 cf.
1323 1504 1387 1549 IV,
1411 1506 1503 1543 183

905 1555 1086 1611 Μάξυες]
1125 1558 1236 1609 Apud
1259 1560 1387 1610 Steph.
1410 1560 1503 1609 By.z

849 1610 1014 1661 Μᾶζυες
1034 1628 1119 1665 pag.
1140 1616 1234 1662 527,
1265 1616 1391 1664 quod
1383 1629 1504 1666 ipsum

846 1672 1006 1721 praefert
1018 1671 1258 1720 Castiglioni
1250 1685 1286 1707 111
1309 1673 1503 1721 scriptione

846 1727 894 1763 ad
914 1727 977 1774 IV,
1000 1726 1079 1768 184
1099 1728 1207 1765 citata
1220 1728 1340 1775 (Iahn.
1358 1727 1502 1765 Annall.

845 1783 931 1819 YIII
955 1785 1031 1820 sive
1051 1783 1121 1830 ΙΙΙ,
1154 1786 1180 1823 2
1214 1797 1251 1833 p.
1280 1786 1362 1824 279
1392 1785 1503 1833 seq),

845 1852 927 1877 cum
948 1853 1074 1877 omnes
1089 1840 1318 1878 occidentalis
1338 1852 1423 1877 orae
1436 1839 1503 1876 Li-

844 1896 958 1943 bycae
992 1901 1120 1945 gentes
1160 1896 1296 1945 (vulgo
1326 1900 1503 1933 vocantur

844 1951 1022 1999 Berbers)
1045 1966 1084 1990 se
1102 1954 1199 2002 ipsas
1218 1958 1347 1990 vocent
1358 1953 1500 2001 Amzz'g,

845 2007 1010 2057 Inumig,
1042 2022 1070 2047 S.
1090 2011 1281 2057 Amazz'rg‚
1312 2009 1335 2046 i.
1363 2022 1393 2046 e.
1417 2009 1502 2045 libe-

844 2078 919 2111 τος,
940 2065 1095 2102 dominos
1114 2067 1230 2109 (uuile
1249 2064 1384 2113 Mazig
1403 2066 1501 2115 apud

845 2122 1022 2159 Omarum
1110 2122 1502 2159 muhammedanorum

843 2177 1075 2228 principem).
1133 2179 1189 2214 Ex
1216 2191 1288 2226 quo
1319 2179 1399 2228 ipso
1422 2191 1503 2215 cum

845 2234 1047 2270 derivanda
1069 2235 1116 2271 sit
1137 2235 1281 2271 Graeca
1306 2247 1376 2271 vox
1405 2230 1502 2272 Μά-

848 2291 954 2336 ζυες,
995 2290 1081 2328 inde
1103 2290 1159 2328 ille
1176 2289 1295 2338 colligi
1314 2289 1408 2336 vult,
1433 2290 1502 2328 hoc

846 2358 980 2383 nomen
1021 2346 1127 2383 latius
1167 2352 1292 2397 patere
1336 2346 1504 2395 adeoque

847 2415 1037 2440 commune
1065 2415 1144 2440 esse
1172 2403 1336 2439 omnibus
1358 2408 1506 2452 septen-

847 2458 1011 2495 trionalis
1036 2458 1180 2497 Africae
1208 2459 1403 2507 gentibus,
1445 2472 1507 2495 eo-

847 2526 919 2562 que
963 2516 1076 2552 reFert
1119 2511 1267 2561 Μάκας
1304 2514 1377 2560 IV,
1410 2513 1504 2560 175,

848 2569 1063 2607 IIIaxitanos
1111 2572 1237 2608 Iustini
1286 2570 1426 2616 XVIII,
1466 2571 1505 2615 6,

846 2626 1044 2677 Adyrmach
1051 2627 1131 2664 idas
1141 2627 1296 2671 (Herod.
1308 2627 1370 2671 IV,
1396 2625 1507 2670 168),

847 2684 871 2720 i.
901 2696 934 2721 e.
971 2684 1120 2720 Admr-
1129 2683 1284 2728 Mamm,
1329 2682 1503 2730 ipsosque

849 2738 1066 2778 Nasamones
1096 2738 1256 2789 (Herod.
1280 2737 1324 2781 ΙΙ,
1347 2735 1411 2776 42.
1438 2735 1502 2781 IV,

851 2798 972 2844 172),
994 2797 1094 2831 alios.
1124 2794 1181 2830 De
1202 2805 1273 2840 quo
1294 2765 1351 2828 alii
1368 2791 1502 2827 faciant

848 2851 1028 2889 iudicium.
1068 2849 1222 2900 Propius
1241 2848 1338 2885 haud
1362 2847 1434 2884 seio
1454 2858 1501 2884 an

968 540 1140 598 νόμοισι
1177 542 1255 598 μὲν
1296 542 1449 586 τοιού-
1505 555 1585 597 365

1519 690 1563 715 Au

1602 690 1682 716 11111111
1667 690 1747 723 uase

1532 697 1657 757 11-11]““1,ὶ
1662 711 1759 755 111111”

1500 756 1608 783 ,ΑΙ-Μει-
1611 732 1776 788 umprinmi

1524 790 1571 815 adi
1576 797 1646 815 aaaaa
1651 794 1662 814 t
1683 790 1776 848 §ilua-is

1500 831 1636 884 5‘’rieuudi:

1635 823 1679 849 'rr

1661 831 1747 891 Libyn
1740 830 1776 883 alc
