1863 3256
341 234 673 274 EXCURSUS
702 234 737 272 X
766 233 844 272 AD
868 233 1197 283 „HERODOOE
1230 240 1298 287 lV,
1329 241 1393 282 44.
1541 246 1622 285 (371

108 349 266 386 solidum
295 352 550 398 argumentum
583 347 654 385 huc
678 360 796 397 usque
826 346 1035 398 oppositum
1064 345 1198 395 fuisse,
1240 350 1276 386 id
1296 365 1380 390 vero
1400 355 1517 405 ipsum
1539 356 1625 394 nihil

109 418 297 455 continere
310 445 321 464 ,
352 418 452 467 quod
469 429 544 454 non
564 416 611 453 sit
627 415 920 454 verisimillimum
945 415 1090 464 riteque
1110 416 1267 463 cognitis
1288 419 1336 456 de
1355 423 1486 469 quibus
1504 425 1626 472 agitur

108 485 336 536 temporibus
355 490 393 523 et
412 485 499 522 locis
516 497 665 536 prorsus
688 487 972 521 consentaneum
987 496 998 529 ;
1027 482 1116 519 adeo
1133 485 1175 518 ut
1191 484 1268 520 iure
1286 498 1354 522 non
1376 491 1491 526 minus
1507 502 1625 527 veram

106 556 270 604 putemus
291 555 532 590 narrationem
553 551 729 590 Herodoti
757 551 799 588 de
817 550 947 602 Africa
968 552 1102 600 viginti
1123 555 1156 588 et
1183 552 1273 602 quod
1294 557 1450 591 excurrit
1477 558 1625 595 saeculis

109 625 191 658 ante
215 622 404 659 Vasconem
427 622 468 658 da·
483 622 601 659 Gama
620 621 928 668 circumnavigata
941 648 952 667 ‚
984 631 1087 669 quam
1107 633 1196 670 quae
1215 620 1258 657 de
1277 620 1382 658 huius
1399 625 1627 671 navigatione

109 688 321 739 reseruntur.
334 690 358 709 ‘⁶
388 688 501 740 (pag.
520 689 575 729 30
594 687 709 735 ibid.)

587 1078 1069 1128 EXCURSUS
1119 1083 1162 1127 X

440 1200 546 1239 AD
614 1200 1352 1249 HERODOT.1V‚44.

274 1414 354 1456 Ad
392 1413 557 1456 verba:
607 1410 821 1456 Σκύλακα
852 1409 995 1467 ἄνδρα
1025 1411 1292 1465 Καρυανδέα
1321 1427 1357 1455 κ.
1389 1427 1425 1454 τ.
1455 1416 1491 1455 λ.

220 1505 364 1555 Adhuc,
393 1507 494 1557 quod
514 1519 622 1545 nemo
643 1507 771 1554 nescit,
802 1510 924 1544 exstat
945 1505 1102 1555 Scylacis
1114 1505 1389 1554 Caryandensis
1409 1506 1556 1543 nomine
1575 1506 1629 1543 in-

108 1576 267 1627 scriptus
309 1576 536 1628 Περίπλους
575 1576 647 1625 τῆς
685 1570 893 1625 θαλάσσης
928 1576 1000 1626 τῆς
1037 1572 1277 1625 οἰκουμένης
1316 1568 1525 1624 Εὐρώπης
1560 1573 1630 1612 καὶ

39 1649 43 1664 '
107 1639 241 1692 Ἀσίας
265 1643 333 1684 καὶ
357 1638 543 1695 Λιβύης-ς
580 1644 680 1680 cuius
704 1643 786 1681 libri
817 1647 1003 1681 auctorem
1024 1642 1181 1680 eundem
1211 1654 1292 1679 esse
1316 1645 1428 1689 atque
1444 1642 1628 1679 Herodoti

110 1712 296 1764 Scylacem
324 1718 409 1764 post
433 1711 571 1749 Lucam
598 1711 768 1749 Holsten.
798 1712 855 1760 (in
883 1711 1068 1749 Bredowii
1099 1709 1233 1760 Epistt.
1265 1709 1400 1746 Pariss.
1430 1722 1516 1760 pag.
1544 1711 1629 1758 13),

107 1782 313 1820 Fabricium
335 1780 446 1832 (Bibl.
460 1781 526 1817 Gr.
543 1780 593 1817 IV
611 1793 696 1831 pag.
719 1782 801 1821 606
822 1779 1009 1828 Harles.)‚
1041 1777 1153 1825 alios,
1183 1781 1467 1815 commonstrare
1489 1778 1630 1815 studuit

107 1849 416 1887 Santo-Crucius
445 1849 502 1897 (in
524 1847 637 1885 Me‘m.
657 1849 703 1885 de
726 1847 863 1885 l'Acad.
884 1848 920 1885 (l.
942 1848 1053 1885 lnscr.
1080 1846 1189 1884 Tom.
1209 1845 1312 1882 XLII
1330 1857 1417 1896 pag.
1440 1846 1521 1887 350
1543 1858 1625 1895 sqq.

108 1917 190 1956 coll.
208 1918 375 1956 Examen
399 1918 516 1968 critiq.
549 1918 615 1955 des
639 1916 723 1953 hist.
749 1916 981 1954 d'Alexandr.
1006 1928 1092 1967 pag·
1122 1916 1246 1961 730),
1287 1926 1395 1963 quem
1424 1917 1627 1962 sequuntur

107 1985 314 2025 Larcherus
341 1987 378 2023 in
411 1985 649 2023 annotatione
683 1985 732 2022 ad
756 1984 940 2023 Herodoti
973 1983 1089 2021 locum
1125 1986 1164 2020 et
1192 1981 1345 2020 Dureau
1373 1981 1420 2018 de
1446 1981 1482 2018 la
1514 1980 1627 2018 Malle

108 2053 368 2106 (Geographie
387 2054 568 2106 physique
589 2055 636 2093 de
655 2054 690 2092 la
713 2067 790 2091 mer
808 2053 913 2090 noire
934 2055 1002 2089 etc.
1021 2063 1107 2102 pag.
1120 2051 1174 2091 67
1193 2049 1271 2087 coll.
1292 2048 1482 2087 Mazocchi
1501 2048 1625 2086 Tabb.

106 2122 268 2160 Heracll.
292 2136 378 2173 pag.
404 2125 505 2170 101,
532 2123 593 2173 qui
614 2121 802 2173 Scylacem
825 2120 935 2172 paulo
955 2124 1040 2171 post
1060 2118 1294 2156 Herodotum
1326 2117 1514 2167 scripsisse
1541 2127 1627 2153 cen-

108 2192 197 2241 set).
256 2190 306 2229 At
332 2192 441 2230 alium
471 2204 553 2229 esse
583 2191 769 2242 Scylacem
798 2191 933 2241 primus
965 2186 1150 2226 contendit
1186 2185 1231 2222 Is.
1256 2184 1360 2221 Voss.
1396 2185 1434 2221 in
1465 2183 1627 2220 Praefat.

108 2259 214 2309 (pag.
236 2260 317 2300 153
338 2258 419 2296 Τ.Ι
440 2259 598 2308 Geogrr.
617 2260 728 2297 minn.
751 2260 809 2297 ed.
829 2257 955 2306 Gail.).
1017 2254 1104 2292 Tres
1126 2254 1274 2290 omnino
1297 2252 1494 2301 antiquitus
1517 2251 1627 2288 fuisse

110 2325 280 2378 Scylaces
301 2326 361 2364 ille
380 2328 505 2377 ponit,
535 2328 630 2366 bene
654 2326 958 2376 distinguend053
999 2336 1152 2373 quorum
1182 2321 1319 2371 primus
1342 2320 1514 2368 idemque
1533 2318 1628 2356 anti-

107 2395 301 2444 quissimus
320 2395 367 2432 ab
384 2395 577 2433 Herodoto
595 2399 919 2440 commemoretur,
956 2391 1059 2429 Darii
1085 2390 1283 2439 Hystaspis
1312 2387 1496 2438 aequalis3
1534 2386 1627 2424 alter

109 2463 177 2500 sub
204 2463 318 2501 Dario
347 2462 475 2501 Notho
506 2462 655 2510 vixerit,
704 2462 834 2500 tertius
868 2458 1012 2508 Polybii
1044 2461 1177 2496 aetate.
1236 2457 1361 2508 Ipsum
1397 2453 1622 2507 opusculum,

110 2531 212 2580 quod
229 2531 390 2581 Scylacis
411 2531 478 2568 sub
496 2531 645 2568 nomine
670 2530 792 2568 adhuc
825 2529 959 2574 fertur,
999 2522 1191 2576 ἐπιτομὴν
1211 2529 1249 2563 et
1268 2524 1524 2575 compendium
1546 2533 1625 2558 ma-

110 2598 196 2635 ioris
213 2599 332 2648 operis
357 2599 471 2637 fuisse
486 2598 603 2636 nullus
620 2598 772 2636 dubitat.
832 2595 939 2639 Quae
959 2594 1065 2632 valde
1083 2593 1311 2645 displicuisse
1329 2592 1399 2628 lac,
1421 2589 1623 2635 Gronovio,

112 2678 158 2704 ex
180 2667 256 2704 eius
275 2666 501 2716 praefatione
520 2667 569 2704 ad
588 2667 703 2704 Henr.
725 2665 773 2702 de
792 2662 1008 2713 Bleyswyck
1028 2665 1183 2713 apparet
1197 2663 1301 2710 (pag.
1327 2657 1404 2698 155
1422 2669 1526 2706 seqq.
1542 2655 1620 2696 158

112 2745 189 2783 seq.
212 2733 272 2771 ed.
292 2732 433 2782 Gail.);
473 2736 530 2772 cui
555 2733 801 2785 adstipulatur
824 2732 963 2769 Coraes
991 2730 1039 2767 ad
1067 2728 1238 2765 Strabon.
1258 2725 1345 2762 X111
1371 2737 1457 2775 pag.
1485 2725 1565 2764 583
1590 2735 1619 2760 s.

112 2801 196 2842 873
218 2800 263 2838 C.
287 2800 380 2837 trad.
405 2800 516 2851 franc.
575 2802 710 2839 Postea
727 2799 867 2838 exstitit
884 2798 998 2835 Henr.
1017 2793 1219 2838 Dodwell.,
1255 2792 1317 2841 qui
1334 2791 1469 2842 Peripli
1495 2794 1621 2828 aucto-

112 2880 189 2906 rem
207 2868 254 2905 ab
275 2867 491 2905 Herodoteo
513 2867 664 2918 Scylace
684 2868 868 2905 diversum
888 2863 1077 2912 multoque
1095 2860 1273 2898 iuniorem
1289 2871 1332 2896 ac
1352 2858 1493 2907 Polybii
1507 2859 1620 2896 ferme

169 2935 379 2973 Humum,
420 2935 467 2972 11.
1318 2925 1372 2966 43
