1863 3256
415 196 500 236 280
807 191 1285 232 HERODOTl

393 309 500 358 Ξχης
529 316 571 344 τε
602 301 892 356 ἐπελάθοντο,
923 303 994 345 καὶ
1025 302 1224 357 ἔφευγον.
1287 300 1413 343 Οὕτω
1442 301 1486 342 οἱ
1509 299 1686 344 Σκύθαι

418 375 494 428 τῆς
529 388 573 415 τε
610 370 750 427 Ἀσίης
785 367 943 427 ἧρξαν,
990 372 1062 414 καὶ
1103 371 1399 423 ἐξελασθέντες
1440 364 1563 421 αὖτις
1600 370 1686 414 ὑπὸ

420 443 617 500 Μήδων,
646 446 870 497 κατῆλθον
901 439 1047 497 τρόπῳ
1077 441 1264 498 τοιούτῳ
1294 442 1337 493 ἐς
1366 440 1445 498 τὴν
1463 440 1686 497 σφετέρην.

419 517 507 557 τῶν
549 514 594 556 δὲ
642 513 784 556 εἵνεκα
835 511 858 555 ὁ
899 516 1088 565 Δαρεῖος
1137 513 1344 557 τίσασθαι
1394 511 1746 568 βουλόμενος,6ο

421 583 647 640 συνήγειρε
677 581 748 626 ἐπ’
781 580 944 633 αὐτούς
973 580 1230 639 στράτευμα.

327 660 358 704 5
527 653 604 705 Ὡς
649 655 696 697 δὲ
736 651 917 696 Σκύθαι
963 653 1162 708 λέγουσι,
1219 652 1438 697 νεώτατον
1484 652 1691 697 ἁπάντων

88 723 281 797 οῗξέῑξξξζᾞξ
296 724 364 786 ῃξξ,
421 726 586 771 ἐθνέων
616 721 730 766 εἶναι
755 723 804 766 τὸ
837 722 1072 779 σφέτερον·
1120 728 1251 768 τοῦτο
1282 723 1329 767 δὲ
1356 724 1561 780 γενέσθαι
1596 720 1691 769 ὦδε.

89 792 364 861 Zissl‘fiiiss'ai‘ss‘ssll‘ij
393 796 569 850 Ξᾶνδρα
607 794 811 850 γενέσθαι
849 798 1027 848 πρῶτον
1068 794 1115 838 ἐν
1152 799 1205 850 τῇ
1250 799 1307 852 γῇ
1345 793 1505 851 ταύτῃ,
1557 795 1691 852 ἐούσῃ

90 858 365 929 ζ’ἶΐρἰὲῖξέἰῖἦξξβ
422 866 592 924 ἐρήμῳ,
635 869 695 921 τῷ
734 863 904 920 οὔνομα
933 863 1045 909 εἶναι
1081 867 1344 922 Ταργίταον·
1386 869 1466 909 τοῦ
1505 865 1552 909 δὲ
1587 869 1748 921 Tap-65

369 1020 579 1069 λαθέντες,
619 1023 779 1070 itemque
802 1023 882 1060 τῶν
906 1020 949 1061 δὲ
970 1034 1028 1060 se-

366 1080 518 1117 iunctim
545 1091 612 1129 pro
642 1079 779 1117 τῶνδε.
839 1079 950 1122 Quod
980 1078 1030 1116 ad

367 1138 486 1187 ipsum
511 1135 642 1185 capitis
663 1140 919 1184 argumentum
944 1135 1031 1172 atti-

365 1197 450 1239 net,
481 1191 610 1228 similia
632 1192 812 1240 quaedam
834 1191 870 1228 in
891 1191 1030 1229 annali-

367 1250 436 1287 bus
454 1248 810 1297 Novgorodensibus
834 1249 929 1285 tradi
951 1260 1030 1285 mo-

368 1310 430 1342 net
459 1304 569 1342 Italus
597 1304 776 1354 interpres
807 1316 850 1341 ex
880 1304 1030 1342 Ramus.

368 1361 462 1399 Dell.
489 1360 609 1410 navig.
632 1373 652 1398 e
683 1360 883 1410 de'viaggi
905 1360 920 1397 l
943 1373 1028 1412 pag.

374 1420 466 1459 166.
497 1417 605 1454 Cives
621 1416 932 1466 Novgorodenses
951 1431 1030 1454 cum

372 1474 554 1511 Graecam
595 1474 779 1522 quandam
823 1474 1033 1511 obsidentes

372 1530 499 1568 urbem
519 1543 586 1580 per
605 1534 748 1580 septem
772 1542 887 1567 annos
917 1530 1035 1567 conti-

372 1588 464 1624 nuos
488 1587 684 1635 abessent,
725 1598 855 1623 uxores
884 1587 1035 1623 marito-

372 1655 451 1680 rum
487 1643 688 1679 absentiam
728 1654 839 1691 aegre
877 1643 1036 1680 ferentes

373 1700 497 1749 deque
518 1699 638 1736 reditu
659 1698 920 1748 desperantes,
961 1711 1038 1736 ser-

373 1756 428 1792 vis
452 1759 654 1805 nupserunt
677 1754 759 1791 suis,
804 1755 927 1798 Quum
951 1768 1038 1792 vero

374 1816 588 1862 expugnata
617 1812 708 1849 urbe
741 1811 862 1848 mariti
890 1812 1037 1848 domum

374 1869 561 1915 redirent,
602 1868 696 1904 servi
738 1868 866 1904 initio*
888 1869 1038 1917 quidem

374 1925 519 1961 fortiter
538 1924 766 1971 resistentes,
797 1937 881 1961 mox
904 1929 1038 1972 tamen,

375 1981 436 2018 ubi
466 1980 538 2027 illi,
579 1980 760 2030 depositis
782 1981 914 2027 armis,
958 1994 1038 2018 cum

376 2036 512 2074 baculis
559 2037 637 2074 sive
674 2036 827 2085 flagellis
874 2037 1040 2075 fecerunt

377 2094 572 2144 impetum,
622 2093 806 2143 perterriti
841 2093 879 2130 in
914 2095 1040 2142 fugam

378 2162 418 2187 se
450 2149 632 2187 dederunt
663 2162 821 2199 eumque
847 2151 884 2187 in
908 2149 1040 2197 locum,

378 2205 433 2243 cui
473 2206 667 2243 etiamnum
708 2218 841 2244 nomen
874 2206 1041 2257 Chloppi-

379 2261 471 2309 grod
499 2262 521 2298 i.
544 2275 574 2299 e.
602 2274 776 2299 servorum
799 2263 980 2300 castellum
1003 2275 1042 2300 se

379 2318 568 2367 recipiunt.
625 2318 709 2362 Quo
740 2324 863 2356 tamen
894 2320 975 2369 ipso
1005 2319 1042 2355 in

380 2373 459 2410 loco
482 2374 518 2410 hi
538 2375 629 2411 servi
650 2379 778 2424 postea
801 2377 897 2425 capti
918 2375 1044 2412 variis-

381 2443 453 2479 que
474 2429 656 2480 suppliciis
678 2431 800 2467 affecti
823 2436 916 2468 suut.

613 2487 643 2522 C
658 2499 726 2536 ap.
758 2487 801 2522 V.

439 2540 493 2588 οἷς
517 2539 557 2580 δὲ
584 2537 748 2580 Σκύθαι
771 2541 942 2594 λέγουσι]
986 2541 1043 2578 Ad

380 2599 448 2634 loci
470 2602 687 2635 structuram
706 2600 800 2635 conf.
821 2600 952 2635 matth.
977 2599 1042 2635 Gr.

383 2655 450 2691 Gr.
473 2667 558 2705 pag.
580 2656 660 2695 539
684 2661 758 2691 not.
781 2659 806 2695 2
829 2661 864 2692 et
888 2657 983 2700 631,
1007 2657 1042 2693 2.

383 2710 518 2760 Attigit
541 2724 686 2759 quoque
704 2711 856 2748 Siebelis
880 2712 927 2747 ad
949 2711 1043 2747 Pau-

384 2780 461 2804 san.
485 2767 581 2814 Vlll,
604 2770 654 2808 12
676 2765 710 2817 ᾖ.
732 2770 769 2807 2.
817 2767 871 2803 Ex
891 2767 960 2803 hoc
983 2780 1046 2803 uu-

385 2829 458 2860 tem
494 2822 596 2870 loco,
645 2836 718 2873 quo
755 2823 909 2872 Scythas
948 2824 1046 2874 ipsos

1084 1021 1225 1060 Noster
1246 1021 1398 1059 adhibet
1424 1026 1592 1060 auctores
1623 1035 1749 1060 narra-

1085 1080 1218 1125 tionis,
1255 1077 1413 1127 aliisque
1453 1079 1663 1126 simillimis,
1708 1083 1750 1116 ut

1086 1135 1149 1184 IV,
1167 1138 1204 1175 7.
1225 1136 1262 1174 8.
1292 1134 1322 1182 1,
1344 1133 1435 1175 105.
1467 1135 1514 1182 11,
1540 1138 1640 1182 1033
1672 1135 1751 1173 He-

1086 1192 1255 1229 rodotum
1275 1191 1393 1241 ipsum
1411 1192 1538 1229 visisse
1548 1192 1750 1240 Scythiam,

1088 1248 1210 1297 colligi
1231 1247 1306 1284 vult
1328 1247 1454 1296 Heyse
1477 1248 1648 1292 Quaestt.
1672 1248 1749 1285 He-

1091 1306 1198 1342 rodd.
1223 1317 1309 1354 pag.
1346 1305 1421 1344 131
1452 1317 1607 1354 eamque
1633 1299 1751 1342 αύτο-

1094 1362 1198 1410 ψίαν
1229 1360 1433 1398 confirmari
1461 1365 1633 1398 accurata
1663 1361 1754 1409 Scy-

1090 1419 1210 1456 thicae
1230 1417 1350 1466 gentis
1373 1430 1415 1454 ac
1433 1417 1594 1466 regionis
1617 1417 1752 1454 descri-

1090 1475 1242 1526 ptione,
1271 1486 1366 1522 quae
1383 1472 1470 1511 inde
1487 1486 1508 1510 a
1525 1486 1605 1523 cap.
1624 1472 1678 1513 46
1697 1474 1752 1509 in-

1093 1530 1275 1568 stituitur:
1306 1530 1353 1567 ad
1371 1542 1478 1578 quem
1496 1530 1616 1581 ipsum
1634 1529 1752 1567 locum

1093 1586 1232 1625 consul.
1255 1589 1420 1622 annotat.

1152 1638 1351 1682 νεώτατον
1379 1637 1570 1681 ἁπάντων
1599 1639 1754 1682 ἐθνέων

1096 1695 1199 1739 εἶναι
1215 1696 1260 1738 τό
1283 1696 1474 1750 σφέτερον
1491 1713 1525 1737 κ.
1547 1713 1578 1737 τ.
1601 1697 1649 1749 L]
1680 1699 1756 1736 Fa-

1096 1757 1146 1794 cit
1177 1756 1247 1793 huc
1269 1755 1397 1792 Iustiui
1426 1756 1587 1792 narratio
1620 1755 1674 1802 ll,
1710 1757 1754 1796 1:

1095 1813 1314 1861 Scytharum
1341 1816 1488 1861 gentem
1518 1824 1664 1862 semper
1689 1811 1755 1848 ha-

1096 1871 1208 1907 bitam
1233 1881 1315 1906 esse
1338 1868 1648 1917 antiquissimam,
1687 1867 1756 1905 etsi

1096 1927 1190 1963 inter
1209 1925 1364 1974 Scythas
1385 1925 1664 1974 Aegyptiosque
1693 1925 1756 1961 diu

1097 1983 1144 2019 de
1174 1982 1317 2031 generis
1346 1986 1526 2019 vetustate
1549 1994 1593 2018 ac
1625 1980 1757 2031 princi-

1095 2043 1186 2090 patu
1214 2038 1468 2088 disceptatum.
1507 2038 1555 2074 At
1578 2036 1759 2074 Herodoti

1096 2095 1342 2132 narrationem
1373 2094 1650 2144 praeferendam
1677 2105 1759 2131 esse

1097 2151 1227 2189 merito
1247 2151 1376 2187 statuit
1398 2150 1508 2187 ltalus
1530 2151 1578 2188 ad
1598 2150 1631 2187 h.
1657 2151 1679 2188 l.
1704 2150 1760 2186 in-

1098 2213 1252 2258 terpres.

1156 2265 1211 2316 τῷ
1230 2259 1387 2313 οὔνομα
1405 2258 1507 2301 εἶναι
1522 2259 1758 2313 Ταργίταον]

1105 2319 1280 2368 Targitai
1298 2332 1428 2356 nomen
1449 2319 1560 2356 multo
1574 2322 1656 2368 post
1669 2330 1761 2366 quo-

1100 2390 1173 2426 que
1216 2376 1367 2412 inveniri
1405 2375 1503 2424 apud
1539 2373 1761 2422 Polyaenum

1101 2436 1228 2469 auctor
1254 2437 1309 2468 est
1334 2430 1444 2467 Italus
1468 2431 1674 2480 interpres,
1704 2431 1760 2466 in-

1102 2488 1282 2536 telligens,
1304 2488 1445 2537 opinor,
1464 2485 1581 2523 locum
1604 2487 1640 2523 in
1660 2487 1763 2523 Stra-

1101 2549 1202 2592 tegg.
1229 2543 1334 2589 Vlll,
1364 2543 1441 2589 55,
1474 2543 1534 2579 ubi
1561 2539 1763 2594 Τιργαταιὸ

1102 2600 1257 2636 Maeotis
1293 2604 1596 2636 commemoratur
1613 2627 1623 2645 ,
1668 2611 1764 2648 quae

1102 2656 1288 2692 Hecataeo
1301 2655 1486 2691 Simorum
1500 2656 1577 2704 regi
1589 2656 1763 2704 nupserit.

1102 2711 1224 2760 Magis
1241 2712 1307 2748 huc
1327 2712 1412 2748 sacit
1422 2712 1591 2749 Rennelii
1605 2708 1762 2764 (Geogr.

1103 2768 1241 2804 Herod.
1281 2781 1367 2817 pag.
1410 2767 1520 2818 410)
1559 2769 1764 2814 annotatio,

1105 2823 1344 2862 Tartarorum
1364 2825 1399 2861 in
1417 2825 1472 2862 his
1495 2825 1629 2862 samam
1649 2836 1765 2873 agno-
