1863 3256
605 229 951 272 THALIA.
1007 230 1072 272 111.
1391 238 1474 277 193

168 342 506 400 ὃσυλλέγεσθαι,
538 339 700 384 οὐδένα
729 339 785 385 ἅν
814 350 964 396 σφεων
994 336 1314 393 ἀποσώζεσθαι.

1369 341 1474 394 τούς

199 414 281 471 μέν
309 430 393 458 νυν
431 413 608 467 ἔρσενας
644 415 734 456 τῶν
762 411 970 468 καμήλων
1007 408 1139 467 (εἶναι
1166 408 1252 466 γὰρ
1281 409 1475 466 ἥσσονας

195 490 297 530 θεῖν
333 488 422 528 τῶν
455 483 643 540 θηλέων)
683 483 757 528 καὶ
786 480 1115 538 παραλύεσθαι,
1158 480 1476 537 ἐπελκομένους

199 554 283 601 οὐκ
312 552 428 612 ὁμοῦ
461 553 740 612 ἀμφοτέρους
751 568 761 578 ·

196 743 264 768 και
276 722 575 795 παραλύεσθαι,
596 726 808 781 ἐπελκομέ-

139 800 238 832 νους
286 780 359 824 οὐκ
399 783 505 836 ὁμου
538 781 806 836 α’μφοτέρους]

137 842 237 882 Dicit
248 841 406 880 WVessel.
416 842 566 880 dubium
584 856 677 891 esse,
688 848 806 880 utrum

137 894 418 951 παραλύεσθαι
438 899 486 936 de
505 900 634 936 virium
659 913 707 938 an
727 901 808 937 vin-⁴

139 956 294 994 culorum
334 955 557 994 resolutione
596 957 713 1008 accipi
743 957 809 994 de-

137 1013 246 1059 beat3
268 1011 419 1062 funale-s
438 1016 561 1050 tamen
575 1026 654 1050 cum
675 1014 810 1051 fuerint

140 1070 228 1119 equi
263 1081 404 1115 mares,
457 1068 495 1105 in
524 1070 663 1119 pernici
703 1082 809 1107 cursu

139 1126 284 1164 seminis
309 1125 405 1162 haud
426 1138 554 1175 pares,
585 1127 633 1164 de
655 1126 808 1164 vinculis

140 1182 311 1220 resolutis
322 1181 525 1231 intelligere
540 1182 684 1220 mavult.
715 1183 809 1230 „At-

143 1240 255 1276 tracti
287 1240 388 1288 equi,
420 1240 494 1284 ait,
525 1240 808 1286 exsolvebantur,

143 1295 211 1333 sed
242 1290 318 1335 ούκ
347 1293 453 1345 ὁμοῦ
472 1290 707 1347 α’μφότεροι,
738 1310 808 1333 non

143 1352 241 1390 ambo
258 1353 409 1403 pariter,
429 1353 529 1402 prior
544 1353 702 1391 fortasse
721 1354 810 1391 dex-

142 1412 220 1456 ter,
250 1415 326 1446 tum
353 1409 517 1456 sinister,
547 1414 611 1447 aut
636 1410 810 1448 contra.“

144 1466 255 1510 Quae
286 1466 542 1516 interpretatio
571 1466 690 1517 placet
716 1468 808 1505 Ste-

143 1535 234 1571 gero
266 1522 428 1572 itemque
457 1522 596 1573 placuit
621 1524 810 1573 Schweig-

143 1579 336 1626 haeusem,
365 1579 427 1628 qui
459 1580 553 1616 conf.
580 1581 627 1627 V,
653 1583 717 1621 13.
746 1581 812 1629 ΙΙΙ,

145 1636 227 1676 113
255 1639 294 1673 et
316 1635 379 1683 lV,
401 1637 496 1682 203,
527 1636 587 1672 ubi
608 1638 811 1686 iunguntur

146 1687 402 1741 ἐπελκόμενοι
426 1697 462 1729 et
472 1690 749 1744 ύπελκόμενοι,
764 1696 810 1733 de

145 1748 203 1795 iis,
218 1748 279 1797 qui
298 1749 335 1784 in
355 1749 499 1797 agmine
511 1762 608 1799 pone
624 1756 812 1799 maneant,

146 1805 210 1854 qui
221 1805 370 1854 segnius
388 1807 584 1843 exercitum
598 1812 811 1856 sequantur.

147 1861 271 1906 Quam
290 1861 477 1899 notionem
497 1862 578 1900 huic
597 1876 742 1913 quoque
758 1864 812 1901 lo-

145 1930 189 1956 co
206 1918 401 1956 convenire
419 1919 472 1955 ait
489 1918 548 1960 (cf.
567 1919 657 1957 Lex.
671 1921 810 1958 Herod.

149 1987 179 2012 5.
197 1972 270 2023 v.),
307 1976 419 2012 modo
453 1975 600 2014 abesset
634 1977 812 2028 particula

148 2025 226 2070 ούκ
266 2032 304 2068 in
338 2046 412 2070 κου
450 2033 605 2070 forsitan
635 2035 812 2072 mutanda

148 2101 228 2126 cum
247 2087 386 2137 Pawio‚
414 2093 453 2124 ut
470 2089 560 2127 haec
580 2091 657 2129 sere
679 2092 813 2128 existat

148 2145 351 2182 sententia:
383 2150 578 2194 morantes,
612 2161 640 2184 s.
669 2150 814 2196 segnius

150 2204 328 2251 sequentes
360 2202 530 2249 submcle,
560 2217 742 2254 5.]1α5511η
765 2217 814 2241 sz-

149 2257 222 2295 mul
250 2258 359 2295 ambo,
405 2258 506 2296 Libri
528 2261 655 2312 scripti
674 2274 814 2309 omneS,

151 2319 328 2365 quantum
342 2316 430 2363 scio,
443 2311 517 2354 ούκ
529 2319 696 2355 retinent.
711 2319 815 2362 Qua-

150 2384 191 2409 re
221 2384 302 2409 cum
331 2367 634 2423 παραλύεσθαι,
661 2379 814 2412 notante

152 2427 287 2476 Corae,
310 2441 384 2466 non
410 2429 529 2466 minus
550 2432 724 2481 frequens
747 2432 814 2468 sit:

154 2483 297 2534 deficere
314 2486 460 2533 viribus,
489 2489 661 2525 remittere
681 2489 727 2526 ab
750 2488 815 2525 ali-

153 2552 227 2590 qua
246 2554 284 2579 re
303 2555 334 2578 v.
358 2556 388 2580 c.
411 2556 433 2580 a
452 2543 662 2593 velocitate,
693 2545 814 2582 malim

156 2596 207 2633 sic
247 2597 500 2648 interpretari:
557 2614 670 2638 mares
714 2615 816 2652 equos

156 2653 262 2689 etiam
284 2657 454 2692 remittere
481 2669 504 2693 α
534 2671 639 2695 cursu
662 2655 708 2711 (s.
733 2659 816 2695 siri-

155 2708 224 2745 bus
253 2709 434 2760 deficere)
466 2725 609 2761 segnzus
638 2719 818 2765 sequentes

160 2762 264 2815 (fune
281 2770 467 2816 attractos,
498 2783 544 2809 ne
560 2785 610 2810 sc.
629 2773 735 2809 nimis
751 2785 819 2822 po-

159 2833 207 2857 ne
239 2822 410 2859 seminam
437 2824 726 2879 relinquantur),
756 2841 819 2865 uec

159 2880 277 2914 tamen
295 2881 479 2928 uirumque
490 2887 578 2933 pari
597 2885 715 2934 modo,
737 2897 818 2923 cum

214 2933 424 2973 Hnnonooe.
443 2934 491 2973 ll.

810 552 888 605 τὰς
929 552 976 597 δὲ
1013 549 1194 609 θηλέας,
1235 550 1475 609 ἀναμιμνη-

865 727 1000 766 scilicet
1028 728 1089 765 vix
1120 728 1194 765 duo
1214 728 1298 778 equi
1324 727 1467 767 funales
1501 742 1531 766 s.

864 785 989 823 cameli
1024 789 1099 822 tam
1129 786 1207 835 pari
1237 785 1356 834 gradu
1388 798 1532 823 currere

864 843 1021 892 possint,
1051 847 1091 879 ut
1109 854 1156 879 ne
1177 841 1271 879 alter
1293 841 1450 880 subinde
1471 855 1530 880 re-

865 898 1065 948 linquatur,
1091 897 1183 935 alter
1198 903 1422 948 praecurrat.
1454 900 1530 936 Co-

865 958 960 1003 mes,
978 968 1087 1004 quem
1109 956 1272 1004 sequitur
1287 954 1399 992 Italus
1420 956 1532 994 inter-

864 1026 971 1063 pres,
1001 1006 1283 1061 παραλύεσθαι
1315 1012 1412 1049 idem
1443 1013 1479 1050 h.
1507 1012 1530 1050 l.

865 1082 947 1106 esse
957 1068 1145 1106 contendit
1157 1073 1268 1117 atque
1279 1068 1531 1119 χωρίζεσθαι,

865 1121 1146 1172 α’ποσπᾶσθαι,
1172 1119 1533 1174 οἷπολείπεσθαι(5ε

866 1183 1021 1232 separer,
1052 1183 1233 1229 s’e'carter‚
1259 1181 1458 1230 s’e'loigner,
1477 1197 1533 1220 re-

866 1242 937 1275 ster
957 1252 999 1275 en
1020 1239 1187 1283 αγτίὲνε),
1220 1243 1261 1275 ut
1291 1239 1319 1284 I,
1347 1238 1437 1281 149.
1469 1239 1533 1286 Ill,

868 1297 963 1336 136.
981 1294 1028 1341 V,
1049 1294 1117 1342 75,
1137 1295 1298 1345 indeque
1319 1295 1413 1333 hanc
1434 1295 1533 1334 elicit

865 1351 1105 1390 sententiam:
1137 1352 1217 1398 „les
1238 1352 1439 1391 chameaux
1457 1354 1534 1390 ma-

864 1408 917 1447 les
940 1422 979 1447 se
1002 1409 1253 1459 separeroient
1284 1409 1350 1446 des
1371 1409 1534 1448 femellcs

868 1466 1101 1515 (resteroient
1121 1479 1166 1503 en
1186 1466 1341 1514 arriere)
1367 1466 1438 1504 s'ils
1457 1466 1534 1504 n'e-

867 1523 985 1560 toient
1005 1522 1113 1573 point
1132 1523 1220 1560 tire's
1244 1522 1430 1561 ensemble
1455 1528 1492 1561 et
1512 1524 1534 1561 a

869 1580 950 1617 cote:
966 1578 1134 1617 d'elles.“
1180 1579 1350 1618 Liberius
1372 1579 1462 1618 haec
1483 1580 1535 1617 ita

868 1636 1030 1674 reddidit
1060 1636 1174 1674 Miot:
1213 1636 1265 1683 „il
1295 1637 1414 1674 arrive
1448 1649 1535 1674 sou-

868 1697 975 1737 vent,
1006 1692 1110 1742 qu'ils
1135 1697 1219 1729 sont
1241 1692 1381 1742 obliges
1408 1694 1456 1731 de
1482 1693 1536 1730 la-

870 1749 955 1786 cher
986 1748 1038 1786 les
1075 1749 1172 1786 deux
1200 1748 1420 1793 chameaux,
1458 1762 1535 1786 non

868 1818 935 1857 pas
966 1807 988 1842 a
1018 1804 1052 1842 la
1078 1806 1168 1852 fois,
1198 1807 1288 1842 mais
1320 1805 1394 1842 l'un
1424 1806 1532 1855 apres

870 1862 1037 1900 l’autre.“
1093 1861 1224 1911 Lange
1246 1861 1438 1900 vernaculo
1459 1875 1534 1900 ser-

868 1932 977 1956 mone
995 1918 1085 1956 haec
1103 1919 1156 1956 ita
1174 1919 1313 1956 reddit:
1344 1919 1444 1966 „Die
1453 1919 1535 1956 Ka-

869 1975 1119 2024 meelhengste
1149 1995 1201 2002 —
1234 1976 1382 2013 werden
1410 1976 1534 2023 miide,

869 2045 976 2070 wenn
1005 2033 1057 2070 sie
1085 2044 1126 2068 so
1156 2031 1343 2070 mitlaufen
1375 2034 1536 2081 miissen,

870 2090 936 2127 der
959 2089 1041 2127 eine
1060 2088 1195 2135 friiher,
1207 2089 1271 2126 der
1292 2089 1430 2127 andere
1453 2091 1536 2140 spii-

870 2148 965 2183 ter.“
1007 2146 1163 2183 Censori
1180 2146 1326 2183 lenensi
1352 2148 1459 2187 1817
1480 2158 1533 2182 nr.

874 2201 954 2243 164
987 2215 1072 2252 pag.
1107 2204 1187 2241 372
1220 2202 1332 2239 verba
1364 2202 1430 2242 καὶ
1458 2217 1534 2241 πα-

873 2255 1094 2310 ραλύεσθαι
1110 2259 1410 2296 antecedentibus
1433 2254 1536 2297 εἶναι

872 2313 945 2368 γὰρ
967 2311 1144 2366 ἥσσονας
1160 2318 1253 2353 θεῖν
1275 2317 1354 2354 τῶν
1375 2314 1536 2366 θηλέων

871 2377 1068 2410 annectere
1094 2372 1214 2422 placet
1242 2377 1279 2409 et
1302 2373 1536 2423 participium

872 2427 1160 2480 ἐπελκομένους
1179 2441 1247 2479 per
1269 2429 1536 2467 anacoluthiam

872 2488 1057 2536 quandam
1086 2487 1179 2522 orati
1184 2486 1261 2522 onis
1283 2488 1447 2538 accipere
1470 2499 1537 2537 pro

873 2544 1053 2580 infinitivo
1083 2540 1341 2590 ἐπέλκεσθαι,
1382 2544 1430 2580 ad
1462 2538 1537 2581 ούκ

875 2598 980 2650 ομοῦ
991 2605 1113 2637 autem
1128 2599 1300 2650 supplere
1319 2615 1365 2654 τη
1389 2597 1537 2653 θηλέης

873 2661 914 2693 ut
931 2657 987 2694 hic
1007 2657 1139 2693 evadat
1150 2656 1373 2693 locisensus:
1392 2668 1538 2703 „mares

875 2713 1055 2760 camelos,
1086 2726 1166 2750 cum
1204 2713 1353 2749 omnino
1395 2711 1537 2749 seminis

875 2771 949 2807 sint
998 2770 1155 2820 impares
1201 2771 1381 2806 currendo
1433 2767 1538 2803 indc-

875 2840 947 2876 que
1006 2826 1179 2864 deficiant
1240 2824 1371 2861 lassive
1426 2823 1537 2867 fiant,

875 2883 979 2934 sequi
1026 2895 1099 2920 non
1129 2893 1240 2932 posse
1289 2879 1446 2917 eundem
1497 2890 1540 2915 ac
