1863 3256
568 211 912 255 THALIA.
972 213 1034 250 111.
1354 220 1440 261 175

1499 332 1661 363 Argentum
1674 340 1708 359 ex
1719 333 1775 360 tri-

1496 363 1574 390 buria
1585 386 1593 397 ,
1642 366 1774 393 Euboica

1498 398 1612 424 talenta
1621 399 1705 426 tiri-0:
1721 408 1773 426 au-

1500 430 1526 457 ri
1553 431 1590 458 ad
1615 439 1772 467 argeutum

34 332 101 380 95
159 345 213 372 τα
252 328 488 384 ψήγματος.
545 323 684 379 νομός
727 325 922 375 εἰκοστὸς
960 316 1102 374 οὗτος.
1166 322 1226 366 To
1266 324 1344 379 μὲν
1383 326 1436 383 δή

164 397 376 454 ἀργύριον
403 395 452 439 τὸ
482 394 774 452 Βαβυλώνιον
812 394 923 450 πρὸς
962 395 1011 438 τὸ
1043 392 1292 452 Εὐβοεικόν
1338 406 1444 451 συμ-

105 545 296 582 vehebant.
354 541 413 579 De
433 540 537 576 India
565 540 641 577 anri
663 539 770 576 ditis-

107 602 196 638 sima
221 602 374 637 testatur
399 597 543 634 Ctesias
573 597 659 633 Exc.
687 597 766 633 Ind.

104 657 140 712 ὃ.
166 658 228 703 12,
259 656 320 692 ubi
346 655 419 692 vid.
443 658 537 690 nott.
558 666 645 703 pag.
672 655 766 694 300.

311 712 426 776 Cap.
448 709 562 748 XCV.

166 765 215 807 Τό
235 765 306 819 μὲν
328 765 378 818 δη
401 761 592 817 ἅργυριον
614 782 649 805 κ.
669 781 699 805 τ.
716 763 766 816 L]

101 823 161 864 Ad
179 825 333 862 formam
353 819 700 875 συμβαλλεόμενον
719 824 765 860 cf.

101 886 192 920 nott.
219 883 266 919 ad
293 882 320 926 Ι,
344 883 408 922 68.
469 880 557 917 Mox
577 894 644 930 pro
666 884 780 919 εἰναι

101 938 398 987 cu1nSchweigh.
419 938 584 975 etGaisf.
604 938 690 975 dedi
710 937 767 989 yl-

101 1009 223 1042 νεται,
256 995 394 1032 dudum
415 996 466 1031 sic
492 996 644 1032 iubente
662 995 768 1031 Reiz.

102 1053 140 1090 in
161 1052 281 1089 Praef.
304 1064 390 1102 pag.
414 1052 515 1088 xlx.
546 1052 768 1088 Benedictus

101 1108 278 1146 maluerat
296 1108 357 1158 εἴη
372 1105 435 1147 ἅν.
467 1108 600 1148 Matth.
618 1108 770 1145 retinuit

103 1161 218 1205 εἶναι.
232 1188 281 1193 —-
294 1165 559 1215 Babylonicum
579 1165 769 1210 talentum,

98 1223 200 1272 quod
224 1234 335 1272 supra
363 1223 515 1258 vidimus
544 1223 592 1258 ad
613 1222 678 1268 lll,
701 1223 768 1268 89,

100 1278 241 1316 LXXll
264 1278 404 1315 Atticas
425 1279 543 1315 minas
566 1279 766 1324 continere,

99 1336 151 1372 ita
185 1335 375 1372 conveniet
399 1349 480 1372 cum
514 1335 700 1382 Euboico,
729 1339 769 1372 ut

99 1404 272 1429 numerus
312 1393 452 1432 26938
490 1405 570 1429 cnm
615 1405 766 1429 numero

101 1448 242 1490 31428
283 1449 360 1486 sive
397 1462 570 1486 numerus
603 1449 766 1486 senarius

99 1519 182 1543 cum
218 1506 440 1555 septenario.
498 1506 593 1542 Cum
616 1519 703 1544 vero
730 1506 766 1543 h.

101 1561 124 1599 l.
149 1562 363 1600 Herodotus
394 1562 504 1602 9540
532 1562 670 1600 talenta
691 1563 768 1599 Eu-

100 1619 207 1656 boica
234 1619 330 1656 effici
360 1619 457 1655 dicat
483 1618 593 1661 7740
617 1620 766 1657 talentis

100 1675 335 1725 Babylonicis
355 1675 437 1725 (qni
457 1688 628 1714 numerus
646 1677 769 1714 existit

101 1732 325 1782 computatis
362 1732 513 1780 singulis
543 1733 766 1782 singularum

100 1789 344 1838 satrapiarnm
373 1790 559 1839 tributis),
589 1791 767 1839 seqnitur,

101 1844 154 1887 43
173 1844 315 1881 talenta
331 1845 554 1894 Babylonica
575 1847 767 1884 convenire

99 1915 180 1939 cnm
201 1901 253 1942 53
272 1901 459 1948 Euboicis,
480 1904 531 1940 ita
553 1908 592 1939 ut
609 1908 768 1952 quatuor

99 1957 326 2007 Babylonica
337 1959 441 2008 paria
452 1961 567 1997 ferme
577 1961 651 1997 sint
662 1960 768 2009 quin-

100 2028 173 2064 que
192 2015 375 2052 Euboicis.
413 2016 525 2053 Haud
547 2018 642 2065 sugit
661 2017 766 2054 Ren-

98 2071 253 2108 neliuml
275 2071 296 2108 l.
306 2086 341 2122 p.
352 2072 448 2113 525.
462 2073 640 2122 Equidem
652 2087 768 2110 anno-

98 2131 198 2166 tasse
222 2129 308 2165 satis
327 2128 468 2176 habe03
498 2143 582 2167 nam
604 2131 666 2179 qui
679 2130 767 2168 talia

99 2197 196 2222 nunc
214 2185 281 2222 rite
294 2198 513 2236 componere
532 2186 651 2225 velit?
675 2187 766 2225 Mox

99 2254 166 2292 pro
182 2237 469 2293 τεσσεράκοντα
489 2242 556 2282 καὶ
574 2239 766 2283 πεντακό·

100 2309 167 2336 σια
191 2297 258 2337 καὶ
300 2299 559 2350 εἰνακισχίλια
591 2297 766 2340 τάλαντα

100 2354 136 2391 in
156 2355 338 2392 Sancrosti
356 2356 449 2394 libro
473 2358 673 2395 invenitur:
701 2358 765 2410 ὀγ-

102 2409 282 2451 δώκοντα
304 2412 371 2451 καὶ
391 2408 620 2462 ὀκτακόσια,
650 2416 703 2452 ita
725 2419 767 2453 ut

100 2469 240 2505 oriatur
255 2481 425 2507 numerus
444 2473 568 2519 9880,
584 2473 646 2521 qui
660 2473 782 2510 sane-⁷

93 2535 210 2572 ,quam
236 2527 461 2564 necessarius
492 2533 548 2565 est
576 2530 624 2566 ad
652 2529 767 2566 confi-

103 2580 266 2618 ciendam
298 2595 377 2620 eam
409 2597 587 2622 summam
628 2586 765 2627 14560

103 2634 343 2686 talentorum,
374 2653 482 2689 quam
504 2641 643 2680 Noster
672 2643 766 2680 infra

102 2691 272 2741 protulit,
317 2708 398 2733 cum
443 2698 580 2736 talenta
623 2699 766 2749 argenti

104 2747 216 2788 9540
229 2751 378 2799 aurique
389 2753 500 2795 4680
511 2756 673 2793 efficiant
685 2761 767 2793 tan-

103 2808 182 2840 tum
193 2816 370 2844 summam
380 2809 595 2849 talentorum
617 2813 765 2854 14220.

102 2858 306 2899 Larcherus
327 2863 507 2904 Sancrosti
535 2867 615 2907 libri
636 2869 765 2909 lectio-

827 552 931 587 nem,
962 541 998 577 in
1023 553 1096 590 qna
1118 540 1330 590 recipienda
1352 541 1495 578 dubita-

828 596 1052 634 batReizius
1074 598 1231 635 Praesat.
1253 610 1289 648 p.
1311 597 1412 643 xlx,
1435 610 1496 634 ar-

824 654 950 703 ripuit,
973 667 1040 691 nec
1052 654 1402 703 Schweighaeusero
1420 655 1497 691 dis-

825 709 937 760 plicet
958 706 1179 757 ὀκτακόσια,
1213 725 1232 748 e
1253 711 1352 748 cuius
1375 724 1494 747 anno-

825 767 964 804 tatione
982 767 1070 805 haec
1083 769 1349 806 transscribere
1367 767 1493 805 liceat:

823 823 894 870 „ln
914 838 1024 861 unum
1038 825 1193 862 collectis
1208 826 1366 862 numeris
1378 825 1494 862 omni—

825 881 915 926 bns,
947 882 1008 930 qni
1033 882 1068 918 in
1094 895 1245 919 recensu
1273 882 1492 919 tributorum

826 951 869 975 ex
890 938 978 974 XIX
1006 939 1242 988 praefecturis
1262 940 1491 976 redeuntium

825 995 963 1032 diserte
987 996 1212 1042 indicantur,
1242 996 1365 1046 prodit
1395 1009 1494 1033 sum-

825 1065 886 1089 ma
895 1051 1006 1092 7740
1024 1052 1244 1090 talentorum
1267 1053 1494 1101 Babylonio-

825 1122 928 1154 ru1n3
966 1122 1062 1157 quae
1088 1122 1155 1160 pro
1184 1110 1327 1146 ratione
1356 1111 1410 1149 60
1440 1110 1492 1147 ad

826 1168 894 1212 70,
906 1178 1014 1214 quam
1035 1179 1115 1216 cap.
1135 1167 1187 1205 89
1208 1166 1334 1203 (locuit
1350 1171 1492 1214 auctor,

824 1223 1020 1259 conficiunt
1031 1223 1195 1259 Euboica
1206 1223 1346 1260 talenta
1360 1225 1492 1270 903ος

826 1279 959 1328 quibus
987 1280 1016 1316 si
1037 1280 1214 1317 adieceris
1233 1279 1345 1321 4680
1367 1293 1410 1318 ex
1434 1281 1497 1316 ln-

827 1336 888 1372 dia
907 1337 1111 1383 redeuntia,
1142 1336 1296 1374 habebis
1316 1350 1494 1374 summam

828 1395 977 1433 13710.
1009 1393 1181 1442 Denique
1212 1394 1267 1430 his
1304 1396 1441 1434 13710
1466 1394 1496 1430 Si

823 1450 1000 1487 adieceris
1022 1448 1104 1491 240
1124 1451 1200 1488 sere
1222 1450 1375 1497 talenta,
1399 1463 1496 1500 quae

825 1519 871 1544 ex
895 1507 1064 1544 Moeride
1089 1506 1170 1544 lacu
1200 1507 1300 1558 (cap.
1330 1510 1381 1549 91
1414 1507 1495 1545 coll.

823 1577 902 1600 cum
919 1563 966 1610 ll,
985 1564 1062 1604 149
1077 1565 1188 1613 extr.)
1206 1565 1387 1611 redibant,
1408 1577 1497 1602 con-

824 1620 994 1657 ficiuntur
1010 1620 1147 1662 13950
1167 1621 1318 1659 talenta.
1350 1622 1494 1671 Itaque,

823 1677 894 1713 nisi
912 1679 948 1714 in
962 1691 1113 1715 numero
1128 1676 1266 1719 14560
1284 1679 1371 1726 (sub
1383 1679 1494 1717 finem

822 1733 928 1771 huius
951 1736 1052 1784 cap.)
1072 1739 1230 1772 erratum
1248 1736 1370 1783 fuerit,
1383 1735 1493 1773 intel-

823 1789 887 1839 ligi
912 1804 979 1841 par
1003 1795 1079 1837 est,
1109 1796 1173 1829 aut
1203 1792 1240 1828 in
1263 1793 1493 1842 superiorum

822 1859 1056 1885 numerorum
1076 1849 1345 1898 particularium
1366 1849 1492 1898 aliquo

824 1904 901 1941 sive
930 1904 1111 1953 aliquibus
1143 1910 1333 1955 peccatum
1363 1906 1490 1953 fuisse,

822 1965 886 1997 ant
903 1963 984 2002 610
1008 1961 1067 1998 illa
1091 1961 1244 2009 talenta,
1276 1975 1373 2011 quae
1393 1976 1493 2000 com-

822 2016 980 2067 plendae
1001 2031 1164 2056 summae
1187 2018 1325 2060 14560
1346 2020 1491 2066 desunt,

823 2075 874 2111 ad
910 2075 1089 2124 reliquam
1122 2089 1301 2113 summam
1346 2077 1492 2114 adiecta

823 2144 905 2169 esse
929 2135 1104 2181 tanquam
1130 2133 1287 2183 pretium
1308 2133 1493 2181 frumenti,

823 2188 870 2224 ab
894 2187 1086 2239 Aegyptiis
1107 2203 1307 2239 eorumque
1328 2190 1492 2227 finitimis

822 2245 872 2281 ad
891 2244 1025 2282 alenda
1051 2251 1199 2284 centum
1221 2253 1257 2284 et
1275 2247 1406 2296 viginti
1425 2247 1493 2284 ho·-

821 2302 958 2339 minum
978 2302 1086 2339 millia
1105 2304 1332 2351 conferendi,
1354 2305 1401 2341 de
1418 2316 1492 2353 quo

825 2372 905 2408 cap.
935 2361 1033 2401 91.“
1063 2382 1120 2388 —-
1150 2360 1280 2398 Gallus
1310 2361 1491 2412 interpres

824 2416 921 2453 Miot
957 2416 1194 2456 Herodoteos
1233 2431 1406 2455 numeros
1443 2418 1494 2457 sic

824 2472 1004 2523 explicare
1033 2475 1169 2522 studet,
1199 2478 1241 2511 ut
1260 2475 1327 2512 hac
1351 2488 1494 2512 summa

824 2543 900 2567 non
930 2530 1046 2567 solum
1083 2532 1313 2569 contineatur
1352 2544 1492 2569 summa

822 2586 1042 2624 tributorum
1054 2616 1064 2634 ‚
1096 2601 1191 2638 quae
1210 2588 1362 2637 singulis
1379 2602 1490 2638 prae-

822 2644 972 2680 fecturis
994 2645 1167 2694 imposita
1191 2646 1312 2692 fuerit,
1343 2646 1408 2682 sed
1429 2644 1490 2681 alii

825 2713 976 2750 quoque
989 2702 1143 2749 reditus,
1161 2706 1202 2739 ut
1218 2715 1252 2739 v,
1271 2715 1300 2739 c.
1312 2715 1355 2739 ex
1369 2702 1488 2752 pisca-

823 2761 863 2793 tu
886 2758 922 2794 in
942 2757 1021 2795 lacu
1044 2759 1234 2796 Moeridis.
1294 2759 1369 2795 Sed
1388 2755 1487 2794 haud

823 2814 899 2851 scio
917 2828 964 2852 au
980 2816 1093 2852 verba
1111 2816 1352 2853 adversentur
1364 2813 1486 2850 Hero-

824 2871 904 2908 doti
947 2872 1231 2922 subsequentia:
1271 2866 1316 2909 τό
1356 2863 1396 2908 δ’
1431 2866 1486 2907 ἔτι
