1863 3256
0 517 96 562 133

548 177 896 222 THALIA.
954 179 1019 217 ΙΙΙ.

1338 185 1420 225 241

140 303 205 339 τεϊ
233 292 547 348 ἐπισπόμενον,
578 290 652 334 καὶ
682 287 1013 347 ἀπημελημένον
1042 287 1090 332 ἐν
1118 291 1234 332 τοῖσι
1261 287 1421 345 ἄνδρα·
1434 299 1479 333 76

141 366 340 418 πόδοισι,
381 361 608 419 ἐῤῥύσατο.
666 356 724 418 ἦν
753 361 800 406 δὲ
828 361 1035 418 μέγιστον
1063 362 1243 415 πρῆγμα
1274 366 1421 417 Δημο-

142 436 278 494 κηδης
304 432 423 489 παρὰ
450 431 628 489 βασιλέϊ.

143 578 370 635 συνήνεικε
402 576 621 632 γενέσθαι.
677 575 881 632 Ἀτόσσῃ,
910 580 964 634 τῇ
989 576 1148 630 Κύρου
1180 574 1259 630 μὲν
1282 578 1422 630 θυγα-

141 650 211 706 τρὶ
229 649 425 702 Δαρείου
456 647 502 691 δὲ
527 646 724 703 γυναικὶ,
758 646 825 690 ἐπὶ
855 651 940 691 τοῦ
968 651 1140 703 μαστοῦ
1167 646 1254 702 ἔφυ
1276 648 1423 701 φῦμα·
1437 650 1482 685 80

112 720 248 778 Ξμετοὶ
287 719 356 770 δὲ,
405 718 606 775 ἐκραγὲν,
659 717 829 775 ἐνέμετο
868 718 1035 774 πρόσω.

1104 717 1212 763 ὅσον
1252 717 1332 773 μὲν
1371 714 1424 773 δή

140 790 304 849 χρόνον
333 786 390 846 ἦν
421 790 625 841 ἔλασσον,
662 790 690 847 ἡ
724 791 791 843 δὲ,
832 791 1090 847 κρύπτουσα
1119 790 1195 834 καὶ
1225 789 1424 844 αἰσχυνο-

141 862 272 919 μένη,
313 862 474 918 ἐφραζε
505 861 674 906 οὐδενί·
734 863 825 906 ἐπεί
853 878 898 907 τε
928 864 974 908 δὲ
1006 863 1054 907 ἐν
1083 864 1205 921 κακῷ
1233 855 1313 918 ἦν,
1351 875 1422 916 με-

111 933 386 990 3τεπέμψατο
415 933 495 977 τόν
524 931 811 991 Δημοκήδεα,
867 935 942 978 καί
983 935 1027 978 οἱ
1065 933 1242 985 ἐπέδεξε.
1304 929 1328 974 ὁ
1361 930 1422 983 δὲ,

142 1022 232 1061 φας
260 1003 387 1061 ὑγιέα
416 1004 637 1061 ποιήσειν,
676 1006 850 1062 ἐξορκοι
884 1021 984 1061 μιν,
1021 999 1051 1061 ἦ
1088 1003 1168 1060 μέν
1211 1020 1254 1047 οι
1290 999 1480 1046 αντυ-85

142 1074 414 1132 πουργήσειν
444 1075 617 1134 ἐκείνην
644 1081 777 1121 τοῦτο
806 1076 856 1121 τὸ
886 1093 943 1120 αν
972 1073 1109 1132 αὐτῆς
1139 1077 1298 1133 δεηθῇ·
1330 1072 1425 1130 δεή-

87 1258 352 1297 Valckenarius
395 1260 509 1299 citans
555 1260 676 1299 Schol.
715 1262 753 1298 in

86 1315 275 1367 Aristoph.
297 1318 408 1368 Vesp.
431 1317 552 1359 1249.
579 1318 752 1369 Xenoph.

86 1373 291 1411 Memorab.
326 1376 392 1421 11,
421 1379 459 1421 2,
485 1375 537 1416 14
565 1380 602 1413 et
628 1375 754 1412 Zona-

87 1442 166 1467 ram
216 1443 303 1480 pag.
347 1433 467 1472 1520.
524 1431 604 1469 Alia
652 1432 754 1469 dabit

88 1485 272 1535 Schweig.
305 1487 342 1523 in
372 1487 460 1526 Lex.
501 1488 641 1526 Herod.
670 1489 754 1526 Sie-

90 1542 180 1580 belis
204 1544 252 1580 ad
271 1543 431 1582 Pausan.
454 1545 484 1592 I,
511 1549 561 1586 10
588 1543 624 1597 ἓ.
646 1546 672 1588 5
704 1546 756 1582 ita

89 1600 161 1636 vim
194 1599 295 1637 verbi
325 1605 610 1652 παραιτεῖσθαι
640 1601 755 1652 expli-

89 1657 186 1693 cuit:
218 1657 262 1692 ab
288 1657 410 1707 aliquo
427 1660 588 1709 precibus
615 1658 757 1709 aliquid

89 1714 279 1763 impetrare
310 1715 460 1751 studere.
501 1737 557 1744 —-
608 1715 699 1753 Mox
737 1728 757 1752 e

89 1768 250 1806 Florent.
264 1783 293 1810 c.
313 1776 467 1809 recentt.
487 1773 573 1809 edd.
594 1767 757 1811 ἐπισπό-

91 1839 214 1876 μενον
231 1826 312 1875 (qui
327 1833 472 1865 secutus
494 1834 571 1866 erat
583 1829 758 1878 Polycra-

89 1889 165 1920 tem
197 1895 247 1919 sc.
270 1883 318 1920 ad
341 1883 538 1935 Oroetern)
572 1899 641 1937 pro
670 1884 757 1925 ἐπι-

91 1934 306 1990 σπώμενον
322 1941 535 1992 recepimus.

145 2019 200 2070 ‘'l''
218 2015 260 2058 δὲ
280 2017 461 2072 μέγιστον
481 2022 661 2074 ποῆγμα]
683 2022 755 2060 Pro

89 2076 146 2129 τῷ
166 2075 325 2127 βασιλέϊ
341 2090 420 2114 curn
434 2083 586 2116 recentt.
604 2079 689 2117 edd.
701 2092 757 2116 re-

90 2132 274 2171 stituimus
297 2130 406 2185 παροὶ
428 2134 593 2185 βασιλέϊ,
612 2136 681 2173 hoc
703 2136 757 2173 fe-

90 2201 131 2227 re
150 2202 280 2227 sensu:
312 2190 401 2228 Erat
420 2204 506 2229 vero
526 2192 756 2230 Democedes

91 2245 188 2295 apud
210 2259 325 2296 regem
347 2249 404 2284 vir
430 2251 607 2286 maximae
635 2246 757 2286 aucto-

91 2304 233 2350 ritatis,
262 2304 456 2354 plurimum
468 2314 470 2316 '
479 2306 636 2356 pollebat
656 2305 757 2356 apud

91 2371 216 2407 regem.
257 2361 365 2398 Conf.
397 2361 579 2408 111,137
607 2363 644 2400 in
672 2363 757 2400 fin.:

94 2412 248 2511 οὕλνομα
289 2415 478 2458 πολλὸν
514 2434 649 2473 παρα
679 2420 758 2472 βα-

95 2483 132 2511 σι
158 2486 191 2511 ει

255 2563 364 2616 Cap.
394 2565 597 2604 cxxxm.

149 2646 320 2707 Ἀτόσσῃ]
352 2655 462 2694 Conf.
474 2657 539 2706 ΙΙΙ,
561 2658 614 2698 88
635 2657 757 2708 ibique

95 2713 190 2746 nott.
211 2712 326 2760 φῦμα
345 2712 382 2748 in
405 2725 486 2763 sqq.
510 2718 615 2751 notat
643 2715 754 2760 tuber,

95 2767 272 2803 vomicam.
329 2766 509 2807 Excitavit
533 2771 757 2820 wesseling.

94 2822 190 2861 hanc
209 2823 246 2859 in
265 2835 340 2860 rem
359 2823 450 2862 Plin.
469 2826 515 2864 H.
537 2827 585 2865 N.
607 2827 687 2876 Vll,
700 2827 755 2869 50

151 2878 362 2917 Ηιειωυοτ.
382 2879 430 2916 ΙΙ.

810 1261 941 1298 eadem
962 1262 1204 1310 spectantem,
1230 1270 1326 1307 quae
1335 1256 1431 1295 Plut.
1445 1256 1479 1293 ΙΙ

809 1331 843 1368 p.
867 1319 920 1358 89
952 1317 995 1354 C.
1033 1316 1115 1364 (ubi
1143 1317 1186 1353 cf.
1218 1313 1480 1364 WVyttenbach.

810 1385 898 1425 pag.
931 1371 1013 1414 624
1044 1373 1298 1418 animadvss.).
1367 1370 1480 1420 Apud

810 1431 945 1468 Athen.
962 1429 1033 1467 XII
1053 1443 1089 1480 p.
1102 1431 1184 1471 522
1204 1429 1248 1467 B.
1269 1427 1482 1478 simpliciter

811 1483 883 1527 τόν
916 1483 1068 1538 μαστόν
1100 1481 1309 1539 οἷλγήσασα
1335 1485 1479 1522 dicitur.

871 1553 1029 1606 ἐνέμετο
1057 1549 1227 1606 πρόσω]
1259 1554 1371 1599 Quod
1401 1552 1479 1590 aliis

812 1611 1029 1663 plerumque
1050 1611 1189 1663 profuit
1205 1616 1352 1660 ruptum
1373 1610 1480 1648 tuber

814 1670 880 1717 (cf.
904 1668 1168 1717 lVyttenbach.
1192 1667 1215 1704 l.
1237 1665 1276 1718 l.)
1303 1667 1341 1704 id
1368 1666 1481 1704 Atos-

814 1739 877 1764 sae
905 1725 1175 1762 incommodum
1203 1725 1312 1761 auxit.
1377 1723 1480 1761 Diei-

814 1787 873 1820 tur
890 1782 1043 1820 verbum
1065 1780 1260 1831 νέμεσθαι
1280 1781 1328 1818 de
1353 1780 1483 1818 ulceri-

815 1840 883 1877 bus
908 1838 1016 1876 latius
1045 1838 1300 1888 serpentibus,
1327 1849 1482 1887 corpus·

814 1909 886 1945 que
897 1896 1032 1933 sensim
1049 1895 1258 1944 sensimque
1273 1894 1480 1943 depascen-

813 1953 862 1990 do
887 1951 1175 1990 absumentibus.
1218 1951 1275 1988 Cf.
1305 1950 1481 2000 Wytten-

813 2009 916 2046 bach.
942 2009 990 2046 ad
1010 2008 1102 2045 Plut.
1121 2008 1160 2044 S.
1174 2007 1222 2045 N.
1243 2008 1287 2044 V.
1310 2021 1397 2057 pag.
1414 2009 1478 2047 16.

814 2065 992 2103 Plutarch.
1021 2063 1149 2103 Pericl.
1169 2062 1236 2105 34.
1260 2063 1339 2102 coll.
1356 2064 1480 2101 Artax.

817 2124 884 2164 16.
909 2125 974 2163 23.
1003 2121 1144 2159 Camill.
1165 2119 1231 2161 34.

870 2187 900 2241 ἡ
929 2188 982 2229 δὲ
1009 2185 1263 2241 κρύπτουσα]
1312 2188 1370 2226 De
1412 2201 1482 2226 usu

813 2247 1014 2298 particulae
1036 2244 1077 2285 δὲ
1098 2245 1234 2283 consul.
1258 2245 1414 2283 Werfer.
1442 2246 1480 2282 in

815 2306 911 2341 Actt.
941 2303 1040 2354 phill.
1073 2304 1239 2340 Monacc.
1264 2302 1278 2339 Ι
1312 2315 1396 2352 pag.
1424 2304 1479 2344 96

816 2360 895 2399 coll.
917 2361 1058 2399 Herod.
1084 2359 1130 2408 II,
1143 2362 1196 2401 39
1216 2359 1340 2409 ibique
1358 2365 1451 2396 nott.

872 2427 1032 2481 ἐξορκοῖ
1048 2442 1128 2478 μιν,
1149 2419 1177 2478 ἦ
1197 2424 1271 2478 μέν
1292 2425 1348 2477 οἱ]
1380 2425 1482 2464 Male

814 2486 853 2523 in
872 2485 1053 2523 nonnullis
1073 2483 1236 2535 ἐξορκεῖ.
1283 2482 1390 2520 Valet
1416 2496 1480 2520 au-

815 2548 890 2581 tem
916 2541 1076 2594 ἐξορκοῖ
1099 2555 1191 2590 μιν.·
1223 2540 1273 2577 ad
1297 2542 1480 2576 iusiuran-

816 2600 900 2636 dum
935 2612 1011 2636 eum
1047 2598 1192 2646 adigit,
1249 2596 1482 2634 iureiurando

814 2669 891 2693 eum
913 2657 1125 2704 adstrztzgz't,
1156 2658 1197 2691 ut
1216 2653 1278 2700 lV,
1303 2653 1393 2694 154.
1416 2651 1480 2698 V,1

813 2711 879 2754 74.
910 2713 999 2750 Mox
1019 2725 1099 2750 cum
1112 2715 1262 2748 recentt.
1283 2710 1367 2747 edd.
1392 2708 1482 2744 scri-

812 2770 950 2820 psimus
979 2763 1009 2819 ἧ
1027 2766 1100 2819 μὲν
1119 2780 1187 2819 pro
1206 2765 1262 2803 vul
1254 2779 1304 2815 3.
1332 2780 1357 2816 η
1378 2758 1481 2814 μήν;

812 2827 859 2864 cf.
884 2825 950 2874 ΙΙΙ,
972 2827 1039 2867 66.

1150 2879 1202 2918 16

1494 550 1569 567 nma

1518 579 1567 602 net

1554 543 1655 569 nmina

1551 583 1598 603 em
1616 584 1669 604 san

248 506 320 550 'Ev
357 503 502 561 χρόνῳ
544 504 590 548 δὲ
631 502 762 560 ὀλίγῳ
803 503 909 560 μετοὶ
949 507 1114 556 ταῦτα,
1167 503 1271 547 ταδε
1309 500 1423 546 α’λλα
1481 509 1517 535 Λῑ
1521 516 1671 536 oooooo
1675 510 1756 571 :332⁰

1672 582 1714 606 sst-
