1946 3272
552 264 589 304 T
616 264 655 302 H
684 263 717 300 A
746 261 780 301 L
808 263 823 299 l
855 260 898 300 A.
958 261 1022 299 111.
1340 269 1423 308 137

13 326 16 347 l

12 376 15 444 ἓ
147 378 286 436 ἐφάνη
325 374 486 432 ίρῆκων
522 371 632 416 ἔπτὰ
670 371 842 428 ζεύγεα,
892 370 976 415 δύο
1017 371 1235 427 αἰγυπιῶν
1272 372 1421 428 ζεύγεα

12 465 14 483 1
120 446 368 494 ὄδιώκοντοὲ
403 461 448 488 τε
479 443 553 487 καὶ
581 445 783 487 τίλλοντα
812 442 888 487 καὶ
929 441 1196 497 ἀμύσσοντα.
1255 442 1423 495 ἰδόντες
1437 452 1481 487 50

148 521 194 565 δὲ
232 523 366 563 ταῦτα
403 517 446 559 οἱ
481 514 611 567 ἑπτὰ,
651 514 731 571 τήν
768 530 812 558 τε
842 515 1038 568 Δαρείου
1077 514 1236 565 πάντες
1273 516 1425 558 αἴνεον

10 642 12 646 1
145 591 340 648 γνώμην,
370 587 443 630 καὶ
473 586 617 630 ἔπειτα
647 586 780 643 ἤϊσαν
810 586 879 630 ἐπὶ
907 584 959 629 τὰ
988 584 1218 642 βασιλήϊα,
1261 591 1425 641 τεθαρ-

10 664 91 718 ζΊῖ
149 659 322 717 σηκότες
349 663 464 701 τοῖσι
493 657 650 712 ὄρνισι.
708 654 929 700 Έπιστᾶσι
970 658 1017 700 δὲ
1053 656 1124 700 ἐπὶ
1162 655 1241 708 τοὶς
1282 658 1424 709 πύλας

10 722 12 726 .
142 732 304 788 ἐγίνετο
337 726 434 773 οἷόν
463 745 504 772 τι
533 729 708 784 Δαρείῳ
748 726 774 784 ἡ
815 728 966 784 γνώμη
998 728 1146 783 ἔφερε·
1205 728 1424 772 καταιδεό-

141 818 265 859 μενοι
303 801 386 858 γάρ
419 802 463 845 οῖ
506 800 698 857 φύλακοι
730 799 894 856 ἄνδρας
931 800 1037 851 τούς
1065 799 1272 854 Περσέων
1302 798 1444 855 πρῶ-5

143 889 268 924 τους,
319 873 391 917 καὶ
432 871 564 915 οὐδὲν
603 876 809 916 τοιοῦτον
845 870 1168 924 ὑποπτεύοντες
1198 873 1240 924 ἐξ
1275 870 1423 915 αὐτῶν

142 944 340 997 ἔσεσθαι,
381 945 616 998 παρίεσαν,
657 945 758 1001 θείῃ
788 948 941 1002 πομπῇ
969 943 1262 1000 χρεωμένους·
1320 942 1422 988 οὐδ’

115 1015 359 1074 Ξέπειριότα
392 1015 551 1068 οὐδείς.
608 1015 699 1060 ἐπεί
738 1032 781 1060 τε
823 1016 868 1060 δὲ
898 1019 1131 1072 παρῆλθον
1161 1015 1204 1067 ἐς
1232 1015 1312 1072 τήν
1343 1013 1422 1059 αὐ-

1481 656 1515 697 Ῑῃ
1531 657 1630 685 aulam
1649 660 1758 687 admis-

1517 712 1525 724 ‚
1553 700 1569 717 e
1583 693 1759 722 inm-horum

1482 725 1688 753 obsistentium

1483 763 1586 792 strage
1606 758 1702 793 sacta,
1728 760 1759 787 in

1449 807 1468 841 5
1483 793 1625 820 conclave
1680 793 1758 821 irru-

1482 830 1545 854 unt.

86 1212 145 1245 cat
182 1211 344 1261 γυπῶν,
386 1212 424 1246 et
454 1203 651 1259 οἷμύσσειν
685 1220 751 1257 per
808 1207 829 1244 l.
851 1206 872 1243 l.
903 1205 1001 1244 Add.
1026 1204 1208 1244 Plutarch.
1228 1205 1261 1243 II
1280 1219 1316 1256 p.
1337 1204 1476 1246 821E.

85 1262 299 1315 ταράσσειν
344 1264 421 1315 (se.
465 1260 751 1315 σπαράσσειν),
808 1278 844 1315 p.
870 1267 953 1305 292
984 1264 1177 1313 lVyttenb.
1235 1263 1276 1299 ln
1305 1263 1377 1300 fine
1398 1275 1477 1312 cap.

85 1321 241 1370 ἓλκοῦν,
273 1320 384 1369 ξέειν.
443 1321 525 1360 Nec
547 1321 650 1358 aliter
674 1321 752 1358 He-

86 1379 229 1428 sychius
255 1392 283 1416 s.
305 1392 338 1416 v.
378 1379 488 1416 Conf.
518 1379 657 1416 Herod.
685 1378 750 1424 Ill,

87 1437 179 1476 108.
213 1436 271 1474 De
290 1435 368 1486 ipso
398 1436 551 1483 augurio
579 1435 670 1472 haec
690 1439 748 1471 te-

86 1492 164 1531 neri
195 1493 319 1530 velim:
360 1492 521 1542 aquilam
563 1497 600 1529 et
632 1491 750 1528 vultu-

86 1562 163 1587 rem
183 1554 219 1588 et
237 1550 443 1600 accipitrem
463 1550 558 1587 inter
576 1549 752 1586 Oromas-

87 1607 143 1644 dis
165 1606 333 1644 animalia
358 1619 467 1656 quam
489 1607 644 1643 maxime
667 1618 751 1643 cen-

89 1664 159 1701 seri
180 1664 374 1714 ipsumque
392 1676 526 1700 numen
545 1663 680 1699 bonum
709 1663 751 1699 iis

89 1722 365 1770 quodammodo
377 1720 654 1770 repraesentari.
671 1719 753 1756 Un-

90 1778 138 1814 de
163 1779 310 1824 factum,
341 1782 381 1814 ut
408 1776 530 1825 aquila
553 1789 620 1826 pro
651 1776 754 1824 regia

88 1832 281 1872 haberetur
306 1847 394 1880 ave,
417 1834 615 1882 regiaeque
633 1833 754 1882 ‹ligui-

87 1891 174 1928 tatis
206 1891 354 1928 omnino
389 1894 488 1928 esset
525 1892 666 1939 signum
712 1902 754 1927 ac

89 1948 304 1996 symbolum.
371 1947 422 1984 Et
468 1948 616 1984 omnino
654 1947 754 1997 apud

91 2004 285 2042 orientales
313 2004 478 2042 homines
514 2004 655 2041 vulture
688 2004 754 2040 ad-

89 2061 225 2098 volanti
262 2062 401 2110 regiam
440 2061 655 2110 (lignitatem
698 2059 754 2097 vel

91 2118 206 2156 simile
226 2119 315 2167 quid
341 2119 524 2169 portendi,
556 2117 755 2154 luculenter

92 2176 258 2225 exposuit
287 2175 314 2212 I.
338 2176 385 2212 de
406 2175 594 2212 Hammer.
614 2175 755 2211 Histor.

93 2232 244 2269 Osman.
267 2232 279 2268 l
303 2245 386 2282 pag.
410 2232 462 2272 50
481 2244 585 2280 seqq.
608 2231 756 2277 ad‘Per-

92 2301 150 2325 sas
171 2293 312 2327 veteres
333 2289 433 2338 quod
456 2289 598 2335 attinet,
628 2292 756 2325 auctor

93 2349 148 2382 est
171 2346 455 2395 olympiodorus
469 2346 694 2382 Commentt.
718 2345 755 2380 in

93 2401 237 2439 Platon.
256 2402 370 2439 Alcib.
388 2402 402 2439 l
422 2403 468 2439 ad
486 2416 522 2452 p.
549 2404 625 2442 121
647 2402 693 2439 D.
717 2415 754 2450 p.

97 2459 187 2499 153-
211 2456 289 2500 154
320 2459 502 2496 eunuchos
531 2460 640 2507 regiis
662 2458 755 2504 filiis,

95 2527 185 2563 quos
206 2516 415 2563 educarent,
445 2517 646 2553 venustatis
671 2528 756 2552 cau-

97 2582 136 2606 sa
155 2584 281 2609 nasum
302 2573 352 2609 ita
375 2574 564 2618 formasse,
594 2576 635 2609 ut
653 2572 755 2620 aqui—

97 2625 154 2663 lae
173 2640 301 2665 nasum
319 2631 517 2674 referrent3
537 2630 572 2666 in
586 2642 659 2678 quo
674 2630 755 2678 ipso

99 2682 231 2730 Cyrum
262 2697 300 2722 se
329 2686 457 2722 imitari
493 2687 639 2723 dixisse.
695 2684 758 2722 Tu

99 2739 173 2775 vid.
196 2739 363 2788 Hydeum
383 2743 429 2780 de
451 2747 522 2780 vet.
543 2743 645 2791 relig.
667 2742 757 2779 Per-

102 2807 189 2831 Sffl'l'·
214 2808 299 2845 pag·
321 2797 402 2837 374
422 2812 501 2848 seq.
528 2812 550 2836 a
573 2800 641 2837 Cr.
672 2799 758 2836 lau-

103 2851 250 2897 datum,
297 2853 487 2905 ipsumque
518 2856 690 2894 Creuzer.
722 2857 758 2893 in

102 2907 298 2957 Symbol.l
325 2922 362 2960 p.
379 2913 460 2953 723
481 2916 518 2951 et
537 2913 586 2951 ad
611 2913 759 2965 Olymp.

810 1334 890 1358 cum
906 1327 1059 1358 recentt.
1082 1321 1167 1358 edd.
1181 1320 1311 1370 scripsi
1334 1323 1479 1369 τεθαρ-

811 1372 970 1428 σηκότες
999 1391 1067 1428 pro
1102 1377 1198 1426 vulg.
1229 1372 1480 1427 τεθαρῤηκό-

806 1450 887 1480 τας.
937 1434 1088 1472 Confer.
1117 1434 1276 1483 Gregor.
1313 1434 1399 1470 Cor.
1431 1434 1479 1470 de

808 1491 892 1528 dial.
924 1491 1037 1528 Attic.
1075 1489 1111 1542 §.
1143 1493 1197 1532 82
1226 1491 1313 1540 ibiq.
1354 1490 1478 1528 Koen.

807 1562 895 1599 pag.
923 1546 1002 1590 153
1025 1561 1102 1598 seq.

981 1606 1088 1656 Cap.
1119 1603 1308 1642 LXXVII.

870 1657 956 1701 οἷόν
987 1677 1024 1700 τι
1068 1662 1227 1712 Δαρείῳ
1266 1659 1296 1711 ἦ
1334 1655 1477 1713 γνώμη

813 1717 949 1769 ἔφερε]
989 1719 1012 1756 i.
1045 1732 1075 1756 e.
1109 1719 1243 1755 accidit
1272 1719 1344 1755 tale
1376 1719 1477 1768 quid,

812 1776 916 1825 quale
934 1776 1044 1812 Darii
1051 1777 1224 1812 sententia
1241 1776 1477 1812 indicaverat.

812 1833 921 1870 Conf.
952 1833 998 1870 de
1022 1832 1203 1870 locutione
1230 1832 1275 1880 V,
1300 1834 1390 1873 118.
1413 1832 1478 1881 Vl,

815 1893 905 1930 110.
928 1890 1026 1937 Vlll,
1059 1892 1151 1930 100.

868 1946 962 1999 θείῃ
977 1949 1120 2000 πομπῇ
1131 1942 1393 1996 χρεωμένους]
1415 1945 1437 1982 i.
1449 1958 1481 1983 e.

810 2003 923 2040 veluti
943 2004 1116 2040 (livinitus
1136 2005 1269 2049 missos,
1290 2003 1409 2039 divino
1424 2004 1481 2039 in-

810 2063 943 2098 stinctu
977 2065 1082 2110 atque
1112 2060 1278 2110 impulsu.
1325 2059 1480 2097 wessel.

811 2119 952 2156 confert
980 2118 1122 2156 Herod.
1149 2118 1174 2164 l,
1201 2119 1266 2158 62.
1298 2116 1362 2163 IV,
1388 2119 1480 2158 152.

811 2174 982 2222 Aeschyl.
1020 2176 1211 2224 Agamem.
1255 2174 1338 2214 757
1383 2171 1480 2220 [725

811 2231 975 2280 Blomf.].
1006 2231 1104 2268 Add.
1128 2230 1309 2268 Plutarch.
1330 2230 1364 2266 ΙΙ
1393 2243 1482 2280 pag.

812 2291 894 2331 323
915 2288 958 2324 F.

871 2344 956 2384 ἐπεί
977 2359 1016 2383 τε
1038 2341 1080 2383 δὲ
1102 2344 1332 2395 παρῆλθον]
1360 2344 1483 2380 Vocu-

812 2401 884 2439 lam
909 2400 976 2440 καὶ
997 2406 1084 2452 post
1104 2399 1146 2439 ὁὲ
1173 2401 1283 2450 vulgo
1308 2401 1480 2438 insertam

813 2471 892 2496 cum
916 2457 1121 2507 Schweigh.
1151 2462 1189 2495 et
1210 2458 1327 2495 Gaisf.
1350 2458 1479 2494 abieci.

813 2516 983 2553 Retinuit
1007 2515 1202 2552 Matthiae.
1230 2537 1287 2542 —-
1319 2513 1379 2550 Ad
1401 2527 1482 2551 ver-

814 2573 862 2609 ba
880 2576 982 2611 τυῖσι
1000 2569 1070 2619 τοὶς
1094 2568 1274 2623 ἀγγελίας
1291 2569 1483 2622 ἐσφέρου-

815 2641 853 2667 σι
876 2631 971 2666 conf.
994 2630 1023 2675 Ι,
1055 2632 1135 2670 1¹4
1164 2630 1289 2677 ibique
1318 2632 1415 2665 nott.
1444 2632 1482 2664 et

814 2686 863 2723 ad
914 2687 1135 2724 locutionem
1179 2681 1304 2724 αὐτοῦ
1357 2680 1479 2737 ταύτῃ

815 2743 910 2780 conf.
933 2743 969 2790 1,
994 2745 1086 2784 189.
1146 2741 1204 2780 Ad
1224 2745 1480 2790 argumentum

817 2812 975 2850 compar.
989 2800 1140 2837 Ctesiae
1157 2799 1344 2849 Excerptt.
1359 2798 1479 2834 Perss.

815 2855 854 2908 ᾗ.
878 2856 949 2903 14·,
968 2869 1041 2906 quo
1063 2861 1212 2894 auctore
1229 2854 1403 2892 coniurati
1422 2864 1481 2889 se-

815 2918 918 2965 ptem
945 2926 967 2951 a
987 2913 1183 2965 Bagapata
1216 2910 1385 2956 conscio,
1415 2907 1479 2958 qui
