1863 3256
484 224 1043 265 MELPOMENE.
1100 227 1163 266 IV.

200 334 245 377 οἱ
307 333 430 391 ὄφιες
505 336 548 380 οἱ

623 334 943 392 ὑπερμεγάθεες
1020 335 1090 378 καὶ

1365 237 1450 275 619

1170 336 1214 378 οἱ
1283 337 1450 392 λέοντες

198 404 308 447 κατὰ
365 403 550 456 τούτους
607 406 708 459 εἰσὶ,
773 407 846 450 καὶ
905 407 949 450 οἱ
1004 404 1231 462 ἐλέφαντές
1285 424 1329 450 τε
1379 412 1452 454 καὶ

198 474 372 528 ἄρκτοι,
440 477 514 520 καὶ
563 474 737 528 ἀσπίδες
779 493 823 521 τε
868 477 943 521 καὶ
986 477 1083 520 ὄνοι
1129 478 1171 520 οἱ
1214 476 1267 520 τοὶ
1325 479 1451 532 κέρεα

196 610 264 650 καὶ
284 612 326 651 οἵ
344 608 568 661 ἐλέφαντες]
588 608 714 646 Utitur
727 608 797 647 hoc

140 667 321 705 Herodoti
363 668 443 705 loco
466 666 643 714 Schlegel.
687 665 793 713 (lnd.

139 724 312 761 Biblioth.
340 724 377 769 Ι,
406 727 432 764 2
464 734 549 771 pag.
588 719 666 760 145
685 725 796 770 seq),

140 793 219 817 cum
240 780 337 829 apud
358 779 586 816 Herodotum
608 778 723 828 prima
742 777 794 814 in-

139 839 196 873 ter
215 835 377 872 Graecos
408 834 602 884 scriptores
636 834 700 870 fiat
730 834 795 870 hu-

139 892 194 928 ius
229 892 392 929 animalis
425 890 584 937 mentio,
624 890 726 938 quod
747 890 792 926 ab

139 949 221 998 ipso
252 953 354 998 patre
378 948 550 984 historiae
575 947 691 983 visum
713 959 794 983 esse

138 1009 251 1053 negat
269 1003 447 1052 Schlegel.
459 1031 470 1051 ,
490 1003 558 1039 hoc
571 1015 717 1051 quoque
729 1004 795 1039 ad-

139 1061 283 1108 iiciens,
320 1061 357 1097 in
388 1061 442 1096 his
463 1059 606 1097 Africae
634 1059 794 1107 regioni-

140 1117 232 1164 bus,
275 1129 370 1165 quae
400 1117 448 1153 ad
486 1128 601 1163 regna
629 1115 728 1152 Fezz
758 1119 795 1152 et

138 1172 308 1211 Marocco
334 1174 560 1224 pertineant,
598 1184 694 1208 nunc
717 1170 796 1208 nul-

138 1228 193 1266 los
218 1242 365 1279 prorsus
388 1228 541 1279 reperiri
561 1227 794 1277 elephantos;

139 1299 233 1335 quos
258 1291 388 1335 postea
424 1298 512 1322 sane
539 1284 696 1321 crebrius
725 1284 794 1320 illic

138 1346 378 1387 memoratos,
419 1341 504 1378 dein
525 1339 720 1377 exstinctos
738 1341 794 1376 su-

138 1398 209 1435 isse
229 1399 266 1434 in
283 1397 492 1446 regionibus
506 1409 528 1433 a
545 1396 793 1445 septentrione

138 1455 367 1492 desertorum
418 1454 495 1489 sitis
536 1452 634 1489 idem
673 1453 791 1502 ponit.

140 1510 253 1548 Cuius
273 1508 598 1555 observationibus,
619 1512 792 1546 monente

139 1566 205 1605 Cr.
217 1595 229 1614 ,
259 1579 302 1603 ex
320 1569 425 1615 parte
444 1566 648 1613 refragatur
664 1563 708 1601 A.
721 1565 795 1602 Be-

137 1635 228 1672 nary
258 1623 295 1659 in
323 1622 476 1658 Jahrbb.
503 1622 562 1657 fiir
588 1621 793 1657 wissensch.

137 1680 234 1717 Krit.
257 1678 416 1715 Berolin.
442 1679 544 1717 1831
569 1679 699 1725 p.762
712 1690 794 1726 sqq.

136 1735 332 1785 Elephanti
352 1735 549 1782 imaginem
569 1733 606 1770 in
627 1735 796 1783 operibus

138 1791 286 1841 sculptis
346 1790 574 1827 Phileusibus
641 1790 797 1827 offendit

138 1847 320 1896 Parthey,
361 1847 460 1884 cuius
486 1847 558 1883 vid.
595 1847 795 1884 observatt.

137 1905 175 1941 in
194 1905 440 1941 Commentat.
465 1903 512 1940 de
539 1902 651 1940 Philis
679 1903 796 1940 insula

136 1973 223 2012 pag.
247 1962 313 2001 38.

196 2013 348 2067 ἄρκτοι]
377 2016 416 2053 ln
437 2014 561 2053 Africa
580 2027 701 2051 ursum
722 2026 796 2050 non

138 2072 241 2121 gigni
277 2073 388 2110 tradit
422 2072 514 2109 Plin.
547 2072 596 2108 H.
630 2070 679 2109 N.
710 2071 797 2107 VllI

139 2127 248 2175 (54),
267 2130 320 2169 36
333 2131 413 2175 fin„
438 2140 657 2177 quamquam
672 2127 796 2177 pellem

138 2184 345 2235 Lz'bystitlos
364 2198 467 2221 ursae
481 2188 657 2222 memorat
667 2184 795 2232 virgil.

137 2241 230 2279 Aen.
257 2241 312 2291 V,
344 2243 421 2287 373
473 2253 581 2289 quarn
626 2240 796 2277 leoninam

138 2298 397 2349 interpretatur
461 2296 607 2347 Lipsius
665 2296 796 2333 Electt.

138 2353 185 2402 ΙΙ,
205 2353 242 2395 4.
280 2355 456 2403 Disputat
482 2353 549 2389 hac
572 2353 619 2390 de
645 2365 685 2389 re
715 2353 797 2388 Sal-

138 2423 230 2447 mas,
258 2411 306 2447 ad
337 2409 450 2447 Solin.
479 2423 515 2459 p.
534 2412 618 2450 220
647 2408 724 2445 coll.
746 2409 794 2445 G.

139 2466 168 2502 Ι.
188 2466 293 2503 Voss.
314 2466 373 2504 De
394 2465 483 2503 Idol.
501 2479 537 2515 p.
558 2466 623 2506 52.
646 2465 797 2503 wesse-

138 2521 268 2570 lingius
291 2522 424 2559 Shawii
443 2522 653 2560 testimonio
671 2535 795 2559 ursum

139 2578 235 2614 inter
263 2577 405 2616 Africae
441 2578 607 2615 animalia
638 2591 796 2616 comme-

139 2634 314 2671 morantis
362 2635 575 2673 Herodotea
631 2635 797 2673 stabilire

141 2691 288 2735 studet3
318 2702 412 2738 quae
437 2692 544 2727 etiam
572 2691 717 2729 Cuvieri
740 2696 797 2729 est

142 2745 324 2783 sententia
344 2746 467 2795 paucis
485 2747 645 2784 indicata
664 2749 710 2785 ad
722 2748 796 2784 Pli-

139 2803 189 2838 nii
209 2801 337 2839 locum.
381 2802 500 2845 Quem
520 2803 689 2851 equidem
709 2817 796 2840 con-

142 2858 246 2907 sului,
263 2858 292 2895 is
307 2858 392 2895 mihi
412 2858 592 2908 rescripsit
600 2859 798 2909 Leuckurt‚

852 609 906 647 vir
932 610 1059 649 harum
1095 624 1215 649 rerum
1242 611 1507 662 peritissimus:

852 680 972 704 ursum
1004 668 1235 716 (intelligitur
1258 673 1379 707 autem
1403 681 1508 705 ursus

852 727 969 760 arctos
987 723 1115 769 Linu.)
1136 738 1223 762 sane
1244 725 1280 761 in
1301 729 1398 763 terra
1414 725 1507 762 Bar-

852 779 962 829 barey
992 782 1264 818 commemorari
1298 794 1321 818 a
1350 781 1509 830 Shawio‚

851 848 873 874 a
902 836 1085 886 Prospero
1116 836 1249 887 Alpino
1276 839 1312 874 in
1338 837 1509 887 Aegypto

852 893 961 939 [conf.
993 897 1085 930 nott.
1116 893 1163 929 ad
1190 893 1330 930 Herod.
1356 893 1402 940 ll,
1425 891 1510 943 67]‚

849 961 871 984 a
894 948 1064 998 Dappero
1084 949 1120 985 in
1140 962 1254 997 regno
1277 950 1415 998 Kongu
1442 950 1508 997 (cf.

850 1004 1131 1042 Zimmermann.
1146 1006 1358 1056 Geograph.
1373 1006 1507 1044 Gesch.

851 1061 915 1098 des
939 1060 1138 1099 Menschen
1165 1075 1197 1098 u.
1218 1063 1283 1099 der
1306 1063 1408 1099 vierf.
1435 1062 1508 1099 Th.

851 1117 867 1154 I
890 1130 927 1167 p.
952 1119 1033 1156 213
1060 1118 1117 1154 etl.
1139 1116 1241 1167 LiPS.
1274 1120 1397 1165 1778,
1428 1120 1508 1167 8.)3

853 1174 919 1210 sed
949 1174 1053 1210 addit
1077 1174 1174 1210 idem
1194 1173 1415 1220 Leuckart.,
1445 1175 1509 1223 qui

854 1230 1045 1266 recentiori
1094 1234 1215 1267 aetate
1254 1243 1320 1279 per
1351 1230 1508 1267 Africam

851 1285 1171 1335 septentrionalem
1185 1287 1256 1322 sint
1272 1287 1508 1335 peregrinati,

851 1354 915 1379 eos
940 1342 1224 1390 haudquaquam
1250 1343 1325 1378 ursi
1354 1343 1510 1379 mentio-

850 1410 933 1434 nem
964 1398 1106 1444 faceoe,
1156 1402 1196 1433 ut
1234 1410 1323 1435 sane
1359 1399 1508 1435 dubium

850 1453 969 1491 adhuc
996 1454 1063 1501 sit,
1101 1457 1219 1490 utrum
1244 1454 1391 1490 omnino
1420 1454 1510 1492 haec

851 1510 968 1547 bestia
989 1523 1055 1560 per
1073 1509 1232 1546 Africam
1250 1511 1461 1560 reperiatur.

905 1564 972 1603 καὶ
997 1561 1178 1616 α’σπίδες]
1209 1567 1430 1616 Serpentum
1452 1570 1509 1604 est

851 1634 967 1671 genus
990 1622 1165 1670 frequens
1189 1635 1254 1670 per
1268 1621 1424 1671 Libyam
1443 1623 1509 1669 (cf.

850 1681 999 1715 Aristot.
1033 1678 1084 1715 H.
1107 1677 1151 1715 A.
1173 1677 1280 1725 VIII,
1314 1681 1367 1718 29
1395 1691 1424 1715 5.
1455 1679 1509 1718 28

854 1734 1046 1782 Schneid.)
1066 1738 1177 1783 atque
1186 1733 1406 1783 Aegyptum,
1419 1747 1511 1783 quo-

852 1803 930 1828 rum
948 1803 1089 1827 morsus
1117 1790 1327 1827 insanabilis
1359 1791 1510 1828 videba-

851 1851 910 1884 tur
927 1847 1121 1884 veteribus.
1157 1846 1314 1883 Plurima
1335 1847 1510 1897 suppedi-

853 1904 946 1941 tabit
964 1903 1123 1940 Bochart
1141 1903 1177 1939 in
1198 1904 1348 1940 Hieroz.
1372 1903 1406 1939 11
1425 1903 1509 1941 Lib.

852 1960 903 1997 lll
923 1973 1002 2009 cap.
1029 1961 1053 2000 5
1077 1972 1162 2009 pag.
1185 1960 1290 2005 381,
1328 1959 1425 1996 unde
1451 1960 1509 1995 in·

851 2015 1045 2065 telligitur‚
1083 2028 1223 2052 summo
1247 2015 1325 2052 iure
1347 2015 1412 2051 hos
1433 2027 1509 2052 ser-

851 2077 980 2123 pentes
1006 2073 1186 2109 timendas
1210 2072 1305 2108 inter
1335 2072 1430 2108 feras
1462 2071 1509 2108 ab

851 2129 1045 2166 Herodoto
1076 2128 1266 2165 recenseri.
1310 2126 1407 2165 Add.
1435 2127 1510 2164 Cu-

851 2186 938 2225 vier.
972 2186 1019 2222 ad
1041 2184 1131 2221 Plin.
1156 2185 1204 2221 H.
1224 2183 1275 2220 N.
1296 2184 1382 2220 Vlll
1403 2182 1509 2233 (35),

852 2243 931 2287 23,
968 2241 1055 2277 nihil
1091 2241 1190 2277 dubii
1223 2252 1304 2277 esse
1342 2252 1508 2286 monens,

852 2299 940 2346 quin
963 2296 1188 2347 Aegyptiaca-
1217 2297 1315 2348 aspis
1345 2301 1509 2334 veterum

853 2355 898 2390 sit
932 2355 1071 2403 species
1099 2354 1247 2403 viperae
1276 2353 1352 2389 sive
1385 2352 1509 2398 ruffae,

853 2422 947 2459 quae
976 2410 1013 2446 in
1039 2409 1211 2460 Aegypto
1236 2412 1387 2446 vocetur
1409 2408 1508 2456 scaje,

853 2479 882 2503 5.
905 2465 1038 2503 coluber
1058 2466 1142 2513 lmje'
1162 2464 1271 2502 Linn.

907 2521 975 2561 καὶ
1001 2519 1089 2561 ὄνοι
1123 2521 1164 2560 οἵ
1190 2519 1237 2559 τοὶ
1267 2517 1383 2573 κέρεα
1403 2517 1510 2569 ἔχον-

852 2578 928 2629 τες]
950 2577 1009 2615 Ad
1029 2580 1182 2616 sormam
1201 2575 1315 2625 κέρεα
1333 2577 1428 2613 conf.
1447 2575 1508 2620 lv,

855 2637 947 2676 183.
968 2635 1216 2686 Opponuntur
1232 2634 1295 2680 lv,
1308 2634 1386 2671 192
1403 2630 1507 2675 asini,

853 2693 985 2741 quibus
1010 2691 1108 2728 nulla
1125 2702 1271 2727 cornua.
1322 2686 1406 2723 Illos
1427 2697 1508 2721 cum

851 2748 1090 2786 Monocerote
1116 2746 1212 2783 haud
1252 2755 1333 2779 raro
1356 2745 1508 2777 conten-

852 2806 1006 2847 derunt3
1037 2803 1083 2839 de
1103 2814 1174 2849 quo
1196 2799 1266 2835 vid.
1284 2798 1330 2834 ad
1345 2797 1507 2833 Ctesiam

852 2873 936 2912 pag.
955 2860 1037 2899 329
1060 2869 1161 2906 seqq.
1179 2857 1320 2898 notata,
1345 2853 1415 2890 iam
1430 2851 1507 2890 aliis
