1863 3256
561 169 1037 212 THALIA.111.

1345 176 1427 216 2:39

158 285 346 340 τετάρτῳ
378 284 423 328 δὲ
452 284 535 327 ἔτεϊ
566 279 855 335 Πολυκράτης
886 280 1008 323 δυῶν
1037 277 1274 322 ταλάντων.
1316 282 1486 325 οὕτωδο

127 357 240 412 4μὲν
282 354 458 398 ἀπίκετο
500 354 542 404 ἐς
574 353 654 409 τήν
691 352 858 408 Σάμον-

919 351 1007 394 Καὶ
1045 347 1131 393 ἆπὸ
1162 350 1322 394 τούτου
1352 357 1431 395 τοῦ

155 427 318 481 ἀνδρὸς
352 425 434 469 οὐκ
462 423 616 480 ἥκιστα
635 427 938 480 Κροτωνιῆται
955 422 1098 479 ἰητροὶ
1120 420 1426 478 εὐδοκίμησαν·

153 498 318 553 ἐγένετο
347 495 430 552 γὰρ
462 490 525 538 ὦν
554 500 686 540 τοῦτο
718 495 786 540 ὅτε
823 499 988 551 πρῶτοι
1017 494 1095 550 μὲν
1126 497 1430 548 Κροτωνιῆται

153 569 291 626 ἰητροὶ
322 568 521 623 ἐλέγοντο
552 566 635 611 ἀνὰ
665 568 744 625 τὴν
770 567 953 612 Ἑλλάδα
984 564 1118 610 εἶναι·
1151 564 1348 619 δεύτεροι
1373 565 1484 616 ὁὲ,65

154 643 411 695 Κυρηναῖοι.

95 781 243 818 omnino
278 780 337 816 illa
370 782 513 824 aetate,
555 778 629 816 scil.
672 783 760 817 ante

95 837 188 874 bella
217 837 384 883 Persica,
416 837 452 873 in
486 835 759 873 Atheniensium

92 895 273 932 aerarium
303 898 405 930 tauta
433 893 622 930 devenerit
649 907 760 943 pecu-

93 951 176 988 niae
205 952 278 997 vis,
309 954 348 987 ut
375 950 573 1000 peregrino
603 951 758 997 medico,

93 1020 202 1056 quem
222 1008 270 1044 ad
289 1020 365 1044 rem
386 1007 495 1043 fuisse
515 1005 620 1043 valde
640 1012 758 1044 atton·-

93 1068 170 1103 tum
201 1064 298 1101 haud
331 1075 442 1112 aegre
470 1063 644 1110 concedo,
674 1068 757 1100 tan-

92 1125 170 1157 tum
192 1120 362 1158 salarium
381 1132 539 1156 annuum
559 1120 756 1169 adsignare

91 1177 289 1227 potuerint.
322 1177 429 1220 Quae
448 1189 556 1225 quam
578 1189 664 1214 vere
683 1177 758 1213 siut

91 1233 297 1282 disputata,
328 1233 386 1269 vix
409 1233 445 1269 in
472 1233 623 1269 dubium
654 1246 758 1270 revo-

91 1291 164 1327 cari
176 1290 334 1340 poterit3
352 1302 398 1327 ne
411 1302 496 1327 vero
516 1290 634 1339 ipsum
650 1289 756 1327 incri-

90 1346 268 1384 minemur
286 1347 522 1384 Herodotum
541 1346 628 1383 talia
651 1359 758 1384 enar-

89 1398 230 1441 rantem
247 1403 322 1440 sive
344 1402 591 1454 ampliantem‚
623 1404 757 1450 obstat,

91 1460 190 1509 quod
220 1472 242 1496 a
262 1460 495 1497 Dahlmanno
518 1460 755 1510 probabiliter

91 1517 268 1567 disputari
298 1517 345 1553 ad
380 1517 446 1561 lll,
484 1519 555 1557 121
589 1517 756 1564 diximus,

89 1573 320 1610 Herodotum
342 1574 414 1611 scil.
437 1574 472 1610 iu
486 1574 625 1622 Magna
638 1574 756 1611 Grae-

91 1629 146 1667 cia
167 1630 213 1666 ab
239 1630 341 1679 ipsis,
371 1631 471 1679 quod
498 1631 689 1681 suspiceris
714 1631 756 1667 li-
780 1629 782 1632 ’

91 1689 169 1732 cet,
201 1686 424 1723 Crotoniatis
451 1686 538 1724 talia
558 1688 756 1738 accepisse,

90 1742 351 1792 quipopularis
370 1745 424 1780 sui
442 1750 640 1791 nomen,ut
661 1744 755 1782 cele-

90 1800 252 1845 brarent,
271 1800 422 1849 eiusque
438 1799 546 1838 laude
568 1801 674 1838 nimis
691 1814 756 1838 au-

90 1860 162 1902 cta,
194 1855 246 1892 uti
267 1856 344 1893 fieri
365 1857 472 1903 solet,
501 1857 756 1906 gloriarentur,

89 1911 176 1949 talia
197 1913 377 1963 sparsisse
399 1915 552 1964 putandi
571 1915 656 1952 sint.

148 1968 259 2008 δυῶν
276 1964 496 2021 ταλάντων]
522 1970 582 2008 Ad
603 1972 756 2008 formam

92 2025 201 2064 δυῶν
218 2023 291 2078 (ita
310 2027 405 2065 enim
426 2027 570 2077 plurimi
589 2023 689 2082 libri)
710 2029 755 2066 cf.

90 2081 224 2120 Matth.
251 2083 317 2120 Gr.
341 2084 408 2121 Gr.
430 2083 467 2135 ἓ.
493 2087 583 2126 138.

149 2141 429 2190 Κροτωνιῆται
454 2163 499 2168 -
537 2137 755 2192 εὐδοκίμη-

91 2196 178 2246 σαν]
211 2196 445 2235 Florentinus
463 2198 575 2236 liber:
599 2194 670 2249 οὐχ
688 2197 753 2249 ἡκ.

91 2254 164 2310 KQ.
179 2252 306 2305 ἰητροὶ
328 2252 506 2307 ἐλέγοντο
522 2250 602 2293 οἷνᾶ
616 2253 690 2307 τήν
700 2254 753 2295 Ἑ.

90 2312 210 2357 εἰναι,
253 2311 383 2348 mediis
422 2313 645 2349 intermissis.
718 2313 752 2349 E

89 2365 273 2403 Sancrosti
295 2367 388 2405 libro
402 2373 591 2406 enotatur:
624 2368 753 2420 ἰητροὶ

91 2417 173 2461 εὕδ.
199 2421 266 2462 καὶ
295 2419 374 2463 dvo?
404 2426 539 2464 πᾶσαν
568 2422 642 2476 τὴν
674 2424 752 2465 Ἑλ.

93 2473 383 2530 εὕφημίζοντο,
421 2495 494 2519 non
531 2482 627 2521 male
665 2482 752 2520 illud

90 2535 250 2584 quidem,
279 2537 497 2588 VVesseling.
522 2540 654 2586 iudice,
686 2539 753 2578 sed

90 2591 191 2639 quod
221 2606 264 2630 ex
294 2593 407 2631 critici
427 2595 752 2646 interpretamento

91 2649 217 2684 natum
242 2649 417 2688 videatur.
466 2652 526 2689 Ad
551 2665 750 2702 argumen-

90 2706 168 2739 tum
200 2704 296 2742 idem
328 2706 594 2758 lVesselingius
629 2709 751 2747 Cleri-

90 2771 173 2796 cum
200 2759 298 2798 Hist.
326 2761 427 2801 Med.
451 2765 505 2811 ll,
533 2768 560 2805 2
587 2779 672 2817 pag.
696 2768 750 2807 79

90 2817 302 2865 censerem,
332 2817 578 2860 Democedem
598 2827 636 2861 et
656 2823 752 2860 Cro-

473 639 582 682 κατά
613 638 692 682 τόν
721 637 858 683 αὐτὸν
881 638 933 695 δὴ
963 637 1125 695 χρόνον
1155 635 1428 692 καὶἈργεῖοι

818 779 977 817 toniatas
1032 779 1193 816 medicos
1241 777 1329 814 dicit
1375 776 1483 827 plura

817 836 961 874 scholae
985 836 1130 874 Italicae
1151 835 1263 872 videri
1290 834 1480 872 debuisse:

817 894 926 930 affert
944 894 1028 931 dein
1048 893 1297 941 Pythagoram
1318 892 1482 929 Crotone

816 954 903 987 tunc
932 951 1107 1000 temporis
1137 951 1341 993 docentem,
1369 947 1481 984 Milo-

816 1020 899 1044 nem
931 1006 1150 1044 Democedis
1177 1018 1338 1043 socerum
1368 1005 1483 1051 (infra

819 1065 917 1110 137)
940 1069 976 1100 et
995 1063 1170 1100 illustrem
1193 1063 1229 1099 in
1250 1062 1483 1110 Pythagorae

816 1121 927 1157 rebus
989 1120 1199 1157 memoriam
1259 1119 1480 1156 Democcdis

815 1176 914 1225 apud
929 1176 1160 1213 lamblichum
1174 1176 1247 1212 vit.
1269 1175 1377 1225 Pyth.
1400 1188 1480 1225 cap.

816 1232 868 1273 35
893 1230 930 1283 §-
953 1233 1034 1274 257
1065 1247 1100 1283 p.
1124 1235 1206 1272 207
1236 1233 1345 1269 Kust.
1380 1231 1482 1280 [„ubi

813 1290 926 1327 miror
946 1290 1208 1339 Kiessliugium
1230 1303 1266 1340 p.
1284 1290 1366 1330 506
1386 1290 1482 1326 inta-

814 1351 910 1383 ctum
948 1346 1136 1396 reliquisse
1173 1341 1480 1397 Δημοκλήδους,

813 1417 895 1441 cum
921 1403 1089 1441 meliores
1114 1403 1192 1440 libri
1221 1416 1305 1440 mss.
1333 1402 1481 1441 exhibe-

813 1464 879 1497 ant
907 1457 1198 1512 Δημοκῇδους,
1232 1464 1270 1498 et
1298 1460 1351 1497 ita
1381 1459 1480 1496 haud

813 1517 924 1555 dubie
951 1518 1061 1555 etiam
1092 1531 1173 1555 cum
1205 1517 1396 1566 Scaligero
1424 1516 1477 1554 le-

813 1578 909 1612 ctum
932 1574 1043 1612 voluit
1064 1574 1315 1623 wesseling.“
1337 1574 1367 1612 C
1374 1573 1418 1623 r.]

870 1630 937 1669 καὶ
956 1626 1122 1683 Ἀργεῖοι
1142 1628 1310 1681 ἤκουον]
1345 1630 1481 1680 Attigit

813 1687 1042 1725 Eustathius·
1069 1689 1116 1725 ad
1149 1688 1303 1738 Dionys.
1335 1688 1479 1737 Perieg.

815 1743 908 1784 419.
938 1745 1045 1782 Hanc
1062 1759 1148 1783 vero
1168 1744 1384 1794 Argivorum
1402 1744 1481 1781 lau-

815 1802 898 1839 dem
919 1802 967 1838 ad
986 1803 1172 1839 tibicinum
1193 1806 1308 1839 artem
1330 1801 1481 1852 potissi-

813 1871 911 1895 mum
942 1860 1162 1908 pertinuisse
1188 1860 1317 1896 statuit
1348 1859 1391 1895 C.
1428 1859 1477 1898 Ο.

813 1914 956 1952 Muller.
979 1915 1067 1953 Dor.
1096 1916 1129 1952 ΙΙ
1153 1929 1238 1967 pag.
1264 1917 1359 1958 332.
1382 1916 1480 1956 338.

814 1970 919 2019 544,
958 1985 1038 2009 cum
1068 1972 1124 2010 vel
1157 1973 1328 2010 tibiarum
1365 1984 1482 2022 genus

813 2028 1000 2078 quoddam
1027 2030 1114 2067 inde
1136 2029 1310 2079 Argivum
1330 2029 1482 2067 dicatur.

812 2084 963 2123 Laudat
991 2086 1088 2125 idem
1127 2087 1282 2125 artifices
1324 2085 1480 2136 Argivos

813 2142 1038 2192 complures,
1071 2143 1278 2190 Sacadam,
1310 2144 1372 2193 qui
1402 2156 1481 2180 car-

811 2199 911 2236 mina
939 2200 986 2236 ad
1011 2201 1135 2238 tibiam
1164 2201 1331 2238 canenda
1350 2201 1482 2237 fecerit

811 2256 966 2306 ipseque
1002 2258 1173 2295 cecinerit
1204 2258 1298 2294 circa
1329 2256 1479 2307 Olymp.

810 2312 885 2360 48,
916 2312 1125 2361 Hieracem,
1155 2314 1368 2351 harmoniae
1398 2327 1480 2351 mu-

811 2369 928 2417 sicae,
958 2371 1007 2408 ad
1031 2384 1140 2419 quam
1162 2371 1251 2407 tibia
1279 2371 1479 2408 accedente

810 2425 918 2475 Argis
939 2429 1110 2465 cantabat
1128 2428 1164 2465 in
1186 2429 1279 2465 sesto
1301 2427 1475 2464 Sthenio-

809 2495 913 2530 rum,
953 2489 1160 2532 auctorem,
1191 2485 1408 2530 Aristonem,
1438 2488 1475 2521 et

810 2540 928 2589 ipsum
958 2542 1144 2579 tibicinem
1175 2543 1344 2592 priscum,
1372 2541 1471 2578 cuius

809 2597 946 2633 mentio
966 2598 1158 2648 aliquoties
1177 2599 1231 2636 fit.
1254 2620 1306 2626 —-
1334 2597 1397 2635 Cr.
1422 2597 1471 2633 ad

808 2653 843 2690 h.
864 2652 886 2690 l.
913 2656 1133 2693 excitaverat
1154 2656 1339 2692 Iablonski
1362 2653 1471 2689 Voce.

807 2710 984 2761 Aegyptt.
996 2726 1030 2762 p.
1042 2714 1095 2752 36
1107 2712 1290 2761 seqq.‚qui
1301 2708 1474 2756 eergy-

809 2767 929 2816 ptiaco
960 2781 1128 2806 sermone
1154 2772 1325 2818 repetens
1346 2777 1472 2801 vocem

800 2819 946 2876 ’Ἄργος
958 2824 1008 2862 M
1006 2827 1138 2862 usicum
1157 2823 1362 2873 significare
1383 2833 1471 2858 con·
