<?xml version="1.0" encoding="UTF-8"?>
<!DOCTYPE html PUBLIC "-//W3C//DTD XHTML 1.0 Transitional//EN"
    "http://www.w3.org/TR/xhtml1/DTD/xhtml1-transitional.dtd">
<html xmlns="http://www.w3.org/1999/xhtml" xml:lang="en" lang="en">
 <head>
  <title>
</title>
<meta http-equiv="Content-Type" content="text/html;charset=utf-8" />
  <meta name='ocr-system' content='tesseract 3.04.00' />
  <meta name='ocr-capabilities' content='ocr_page ocr_carea ocr_par ocr_line ocrx_word'/>
</head>
<body>
  <div class='ocr_page' id='page_1' title='image "./musaeher02hero/musaeher02hero_0430.png"; bbox 0 0 1863 3256; ppageno 0'>
   <div class='ocr_carea' id='block_1_1' title="bbox 310 713 377 758">
    <p class='ocr_par' dir='ltr' id='par_1_1' title="bbox 310 713 377 758">
     <span class='ocr_line' id='line_1_1' title="bbox 310 713 377 758; baseline -0.015 0"><span class='ocrx_word' id='word_1_1' title='bbox 310 713 377 758; x_wconf 83' lang='lat'><em>69</em></span> 
     </span>
    </p>
   </div>
   <div class='ocr_carea' id='block_1_2' title="bbox 119 773 348 804">
    <p class='ocr_par' dir='ltr' id='par_1_2' title="bbox 119 773 348 804">
     <span class='ocr_line' id='line_1_2' title="bbox 119 773 348 804; baseline 0.004 -1"><span class='ocrx_word' id='word_1_2' title='bbox 119 773 227 803; x_wconf 68' lang='lat' dir='ltr'><strong>Modus·</strong></span> <span class='ocrx_word' id='word_1_3' title='bbox 246 777 348 804; x_wconf 70' lang='lat' dir='ltr'><strong>cominu</strong></span> 
     </span>
    </p>
   </div>
   <div class='ocr_carea' id='block_1_3' title="bbox 102 877 382 984">
    <p class='ocr_par' dir='ltr' id='par_1_3' title="bbox 102 877 382 984">
     <span class='ocr_line' id='line_1_3' title="bbox 102 877 233 909; baseline 0 -6"><span class='ocrx_word' id='word_1_4' title='bbox 102 877 214 903; x_wconf 74' lang='lat' dir='ltr'><em>terficit</em></span> <span class='ocrx_word' id='word_1_5' title='bbox 225 897 233 909; x_wconf 85' lang='lat'><strong>‚</strong></span> 
     </span>
     <span class='ocr_line' id='line_1_4' title="bbox 121 910 364 938; baseline 0.004 -2"><span class='ocrx_word' id='word_1_6' title='bbox 121 911 211 937; x_wconf 76' lang='lat' dir='ltr'><strong>etiam</strong></span> <span class='ocrx_word' id='word_1_7' title='bbox 255 910 364 938; x_wconf 64' lang='lat' dir='ltr'><em>ltlmoa</em></span> 
     </span>
     <span class='ocr_line' id='line_1_5' title="bbox 103 944 382 984; baseline 0.007 -14"><span class='ocrx_word' id='word_1_8' title='bbox 103 944 251 984; x_wconf 59' lang='lat' dir='ltr'><strong>niasculos</strong></span> <span class='ocrx_word' id='word_1_9' title='bbox 268 945 382 973; x_wconf 79' lang='lat' dir='ltr'><strong>interli-</strong></span> 
     </span>
    </p>
   </div>
   <div class='ocr_carea' id='block_1_4' title="bbox 431 179 516 220">
    <p class='ocr_par' dir='ltr' id='par_1_4' title="bbox 431 179 516 220">
     <span class='ocr_line' id='line_1_6' title="bbox 431 179 516 220; baseline 0 0"><span class='ocrx_word' id='word_1_10' title='bbox 431 179 516 220; x_wconf 83' lang='lat'><em>412</em></span> 
     </span>
    </p>
   </div>
   <div class='ocr_carea' id='block_1_5' title="bbox 825 176 1299 218">
    <p class='ocr_par' dir='ltr' id='par_1_5' title="bbox 825 176 1299 218">
     <span class='ocr_line' id='line_1_7' title="bbox 825 176 1299 218; baseline -0.011 0"><span class='ocrx_word' id='word_1_11' title='bbox 825 176 1299 218; x_wconf 87' lang='lat' dir='ltr'><strong>HERODOTI</strong></span> 
     </span>
    </p>
   </div>
   <div class='ocr_carea' id='block_1_6' title="bbox 405 282 1752 691">
    <p class='ocr_par' dir='ltr' id='par_1_6' title="bbox 405 282 1752 691">
     <span class='ocr_line' id='line_1_8' title="bbox 432 282 1695 342; baseline -0.001 -13"><span class='ocrx_word' id='word_1_12' title='bbox 432 285 707 341; x_wconf 78' lang='grc' dir='ltr'><em>ἐπιορκῆσαι,</em></span> <span class='ocrx_word' id='word_1_13' title='bbox 738 289 819 328; x_wconf 87' lang='grc' dir='ltr'><em>τοῦ</em></span> <span class='ocrx_word' id='word_1_14' title='bbox 850 286 894 329; x_wconf 80' lang='grc' dir='ltr'><em>δὲ</em></span> <span class='ocrx_word' id='word_1_15' title='bbox 926 285 1054 336; x_wconf 82' lang='grc' dir='ltr'><em>ἰθέως</em></span> <span class='ocrx_word' id='word_1_16' title='bbox 1082 285 1160 342; x_wconf 80' lang='grc' dir='ltr'><em>τὴν</em></span> <span class='ocrx_word' id='word_1_17' title='bbox 1180 282 1374 340; x_wconf 80' lang='grc' dir='ltr'><em>κεφαλήν</em></span> <span class='ocrx_word' id='word_1_18' title='bbox 1395 282 1695 340; x_wconf 78' lang='grc' dir='ltr'><em>ἀποτάμνουσι</em></span> 
     </span>
     <span class='ocr_line' id='line_1_9' title="bbox 433 355 1694 411; baseline -0.001 -12"><span class='ocrx_word' id='word_1_19' title='bbox 433 356 509 399; x_wconf 80' lang='grc' dir='ltr'><em>καὶ</em></span> <span class='ocrx_word' id='word_1_20' title='bbox 547 355 600 398; x_wconf 79' lang='grc' dir='ltr'><em>τὰ</em></span> <span class='ocrx_word' id='word_1_21' title='bbox 638 355 835 411; x_wconf 87' lang='grc' dir='ltr'><em>χρήματα</em></span> <span class='ocrx_word' id='word_1_22' title='bbox 878 355 1016 398; x_wconf 80' lang='grc' dir='ltr'><em>αὐτοῦ</em></span> <span class='ocrx_word' id='word_1_23' title='bbox 1061 355 1399 410; x_wconf 79' lang='grc' dir='ltr'><em>διαλαγχάνουσι</em></span> <span class='ocrx_word' id='word_1_24' title='bbox 1446 357 1490 398; x_wconf 86' lang='grc' dir='ltr'><em>οἱ</em></span> <span class='ocrx_word' id='word_1_25' title='bbox 1529 359 1694 408; x_wconf 83' lang='grc' dir='ltr'><em>πρῶτοι</em></span> 
     </span>
     <span class='ocr_line' id='line_1_10' title="bbox 432 423 1694 482; baseline -0.002 -12"><span class='ocrx_word' id='word_1_26' title='bbox 432 430 520 470; x_wconf 79' lang='grc' dir='ltr'><em>τῶν</em></span> <span class='ocrx_word' id='word_1_27' title='bbox 549 427 761 482; x_wconf 87' lang='grc' dir='ltr'><em>μαντίων·</em></span> <span class='ocrx_word' id='word_1_28' title='bbox 810 423 865 479; x_wconf 76' lang='grc' dir='ltr'><em>ἦν</em></span> <span class='ocrx_word' id='word_1_29' title='bbox 903 425 948 468; x_wconf 79' lang='grc' dir='ltr'><em>δὲ</em></span> <span class='ocrx_word' id='word_1_30' title='bbox 979 427 1023 468; x_wconf 86' lang='grc' dir='ltr'><em>οἱ</em></span> <span class='ocrx_word' id='word_1_31' title='bbox 1051 426 1302 476; x_wconf 75' lang='grc' dir='ltr'><strong>ἐπελθόντες</strong></span> <span class='ocrx_word' id='word_1_32' title='bbox 1331 424 1505 480; x_wconf 85' lang='grc' dir='ltr'><em>μάντιες</em></span> <span class='ocrx_word' id='word_1_33' title='bbox 1535 423 1694 468; x_wconf 83' lang='grc' dir='ltr'><em>ἀπολύ-</em></span> 
     </span>
     <span class='ocr_line' id='line_1_11' title="bbox 405 493 1752 550; baseline -0.002 -13"><span class='ocrx_word' id='word_1_34' title='bbox 405 502 569 547; x_wconf 79' lang='grc' dir='ltr'><em>δσωσι,</em></span> <span class='ocrx_word' id='word_1_35' title='bbox 611 494 736 537; x_wconf 76' lang='grc' dir='ltr'><em>ἄλλοι</em></span> <span class='ocrx_word' id='word_1_36' title='bbox 766 493 941 548; x_wconf 87' lang='grc' dir='ltr'><em>πάρεισι</em></span> <span class='ocrx_word' id='word_1_37' title='bbox 971 493 1168 549; x_wconf 82' lang='grc' dir='ltr'><em>μάντιες,</em></span> <span class='ocrx_word' id='word_1_38' title='bbox 1207 497 1278 538; x_wconf 81' lang='grc' dir='ltr'><em>καὶ</em></span> <span class='ocrx_word' id='word_1_39' title='bbox 1310 496 1424 549; x_wconf 86' lang='grc' dir='ltr'><em>μάλα</em></span> <span class='ocrx_word' id='word_1_40' title='bbox 1454 494 1587 538; x_wconf 75' lang='grc' dir='ltr'><em>ἄλλοι.</em></span> <span class='ocrx_word' id='word_1_41' title='bbox 1640 494 1752 550; x_wconf 74' lang='grc' dir='ltr'><em>ἢνῖο</em></span> 
     </span>
     <span class='ocr_line' id='line_1_12' title="bbox 433 562 1696 620; baseline -0.002 -10"><span class='ocrx_word' id='word_1_42' title='bbox 433 562 497 610; x_wconf 74' lang='grc' dir='ltr'><em>ὧν</em></span> <span class='ocrx_word' id='word_1_43' title='bbox 527 568 570 609; x_wconf 84' lang='grc' dir='ltr'><em>οἱ</em></span> <span class='ocrx_word' id='word_1_44' title='bbox 597 569 776 615; x_wconf 84' lang='grc' dir='ltr'><em>πλεῦνες</em></span> <span class='ocrx_word' id='word_1_45' title='bbox 804 564 882 608; x_wconf 84' lang='grc' dir='ltr'><em>τὸν</em></span> <span class='ocrx_word' id='word_1_46' title='bbox 915 564 1155 620; x_wconf 81' lang='grc' dir='ltr'><em>ἄνθρωπον</em></span> <span class='ocrx_word' id='word_1_47' title='bbox 1180 565 1455 617; x_wconf 86' lang='grc' dir='ltr'><em>ἀπολύσωσι,</em></span> <span class='ocrx_word' id='word_1_48' title='bbox 1496 567 1696 609; x_wconf 83' lang='grc' dir='ltr'><em>δέδοκται</em></span> 
     </span>
     <span class='ocr_line' id='line_1_13' title="bbox 432 633 1695 691; baseline -0.002 -11"><span class='ocrx_word' id='word_1_49' title='bbox 432 642 546 680; x_wconf 82' lang='grc' dir='ltr'><em>τοῖσι</em></span> <span class='ocrx_word' id='word_1_50' title='bbox 585 633 798 689; x_wconf 78' lang='grc' dir='ltr'><em>πρώτοισι</em></span> <span class='ocrx_word' id='word_1_51' title='bbox 837 639 927 678; x_wconf 75' lang='grc' dir='ltr'><em>τῶν</em></span> <span class='ocrx_word' id='word_1_52' title='bbox 966 638 1158 691; x_wconf 82' lang='grc' dir='ltr'><em>μαντίων</em></span> <span class='ocrx_word' id='word_1_53' title='bbox 1196 635 1368 680; x_wconf 84' lang='grc' dir='ltr'><em>αὐτοῖσι</em></span> <span class='ocrx_word' id='word_1_54' title='bbox 1403 635 1695 679; x_wconf 78' lang='grc' dir='ltr'><em>ἀπόλλυσθαι.</em></span> 
     </span>
    </p>
   </div>
   <div class='ocr_carea' id='block_1_7' title="bbox 406 999 693 1113">
    <p class='ocr_par' dir='ltr' id='par_1_7' title="bbox 406 999 693 1113">
     <span class='ocr_line' id='line_1_14' title="bbox 435 999 569 1043; baseline -0.007 -13"><span class='ocrx_word' id='word_1_55' title='bbox 435 999 569 1043; x_wconf 79' lang='grc' dir='ltr'><em>γανα·</em></span> 
     </span>
     <span class='ocr_line' id='line_1_15' title="bbox 406 1057 693 1113; baseline 0 -14"><span class='ocrx_word' id='word_1_56' title='bbox 406 1065 428 1099; x_wconf 77' lang='lat'>2</span> <span class='ocrx_word' id='word_1_57' title='bbox 439 1057 542 1109; x_wconf 86' lang='grc' dir='ltr'><em>τούς</em></span> <span class='ocrx_word' id='word_1_58' title='bbox 571 1060 693 1113; x_wconf 86' lang='grc' dir='ltr'><em>βοῦς.</em></span> 
     </span>
    </p>
   </div>
   <div class='ocr_carea' id='block_1_8' title="bbox 432 705 1375 763">
    <p class='ocr_par' dir='ltr' id='par_1_8' title="bbox 432 705 1375 763">
     <span class='ocr_line' id='line_1_16' title="bbox 432 705 1375 763; baseline 0 -13"><span class='ocrx_word' id='word_1_59' title='bbox 432 705 661 750; x_wconf 87' lang='grc' dir='ltr'><em>Ἀπολλῦσι</em></span> <span class='ocrx_word' id='word_1_60' title='bbox 692 707 800 760; x_wconf 74' lang='grc' dir='ltr'><em>δῆτα</em></span> <span class='ocrx_word' id='word_1_61' title='bbox 833 705 993 756; x_wconf 78' lang='grc' dir='ltr'><em>αὐτούς</em></span> <span class='ocrx_word' id='word_1_62' title='bbox 1022 705 1168 763; x_wconf 84' lang='grc' dir='ltr'><em>τρόπῳ</em></span> <span class='ocrx_word' id='word_1_63' title='bbox 1199 710 1375 762; x_wconf 81' lang='grc' dir='ltr'><em>τοιῷδε·</em></span> 
     </span>
    </p>
   </div>
   <div class='ocr_carea' id='block_1_9' title="bbox 102 775 1694 836">
    <p class='ocr_par' dir='ltr' id='par_1_9' title="bbox 102 775 1694 836">
     <span class='ocr_line' id='line_1_17' title="bbox 102 775 1694 836; baseline 0.001 -18"><span class='ocrx_word' id='word_1_64' title='bbox 102 810 188 836; x_wconf 56' lang='lat' dir='ltr'>rendi</span> <span class='ocrx_word' id='word_1_65' title='bbox 216 793 379 836; x_wconf 35' lang='lat' dir='ltr'><em>salbond-</em></span> <span class='ocrx_word' id='word_1_66' title='bbox 437 778 515 827; x_wconf 84' lang='grc' dir='ltr'><em>ξαν</em></span> <span class='ocrx_word' id='word_1_67' title='bbox 571 775 811 830; x_wconf 79' lang='grc' dir='ltr'><em>φρυγάνων</em></span> <span class='ocrx_word' id='word_1_68' title='bbox 857 775 1077 832; x_wconf 81' lang='grc' dir='ltr'><em>πλήσωσι,</em></span> <span class='ocrx_word' id='word_1_69' title='bbox 1129 777 1202 819; x_wconf 85' lang='grc' dir='ltr'><em>καὶ</em></span> <span class='ocrx_word' id='word_1_70' title='bbox 1249 776 1512 831; x_wconf 75' lang='grc' dir='ltr'><em>ὑποζεύξωσι</em></span> <span class='ocrx_word' id='word_1_71' title='bbox 1565 781 1694 833; x_wconf 83' lang='grc' dir='ltr'><em>βοῦς,</em></span> 
     </span>
    </p>
   </div>
   <div class='ocr_carea' id='block_1_10' title="bbox 103 844 1696 903">
    <p class='ocr_par' dir='ltr' id='par_1_10' title="bbox 103 844 1696 903">
     <span class='ocr_line' id='line_1_18' title="bbox 103 844 1696 903; baseline -0.001 -13"><span class='ocrx_word' id='word_1_72' title='bbox 103 846 165 870; x_wconf 65' lang='lat'><em>‘²⁸²</em></span> <span class='ocrx_word' id='word_1_73' title='bbox 187 844 380 903; x_wconf 66' lang='lat'><em>&#39;‘&#39;“‘¹¹:.‘.’‚·‡{„¹,;</em></span> <span class='ocrx_word' id='word_1_74' title='bbox 436 846 747 902; x_wconf 79' lang='grc' dir='ltr'><em>ἐμποδίσαντες</em></span> <span class='ocrx_word' id='word_1_75' title='bbox 775 845 878 896; x_wconf 81' lang='grc' dir='ltr'><em>τοὺς</em></span> <span class='ocrx_word' id='word_1_76' title='bbox 908 846 1106 901; x_wconf 82' lang='grc' dir='ltr'><em>μάντιας,</em></span> <span class='ocrx_word' id='word_1_77' title='bbox 1137 848 1209 890; x_wconf 87' lang='grc' dir='ltr'><em>καὶ</em></span> <span class='ocrx_word' id='word_1_78' title='bbox 1237 848 1362 902; x_wconf 86' lang='grc' dir='ltr'><em>χέρας</em></span> <span class='ocrx_word' id='word_1_79' title='bbox 1381 847 1518 891; x_wconf 87' lang='grc' dir='ltr'><em>ὀπίσω</em></span> <span class='ocrx_word' id='word_1_80' title='bbox 1543 847 1696 902; x_wconf 81' lang='grc' dir='ltr'><em>δήσαν-</em></span> 
     </span>
    </p>
   </div>
   <div class='ocr_carea' id='block_1_11' title="bbox 437 915 1753 1114">
    <p class='ocr_par' dir='ltr' id='par_1_11' title="bbox 437 915 1753 1114">
     <span class='ocr_line' id='line_1_19' title="bbox 437 915 1753 973; baseline -0.003 -11"><span class='ocrx_word' id='word_1_81' title='bbox 437 934 528 970; x_wconf 83' lang='grc' dir='ltr'><em>τες,</em></span> <span class='ocrx_word' id='word_1_82' title='bbox 556 917 628 961; x_wconf 87' lang='grc' dir='ltr'><em>καὶ</em></span> <span class='ocrx_word' id='word_1_83' title='bbox 648 915 965 970; x_wconf 82' lang='grc' dir='ltr'><em>στομώσαντες,</em></span> <span class='ocrx_word' id='word_1_84' title='bbox 995 922 1270 971; x_wconf 85' lang='grc' dir='ltr'><em>κατειργνῦσι</em></span> <span class='ocrx_word' id='word_1_85' title='bbox 1298 918 1340 968; x_wconf 81' lang='grc' dir='ltr'><em>ἐς</em></span> <span class='ocrx_word' id='word_1_86' title='bbox 1370 918 1477 973; x_wconf 87' lang='grc' dir='ltr'><em>μέσα</em></span> <span class='ocrx_word' id='word_1_87' title='bbox 1507 917 1559 960; x_wconf 81' lang='grc' dir='ltr'><em>τὰ</em></span> <span class='ocrx_word' id='word_1_88' title='bbox 1590 917 1697 971; x_wconf 76' lang='grc' dir='ltr'><em>φρύ·</em></span> <span class='ocrx_word' id='word_1_89' title='bbox 1709 924 1753 958; x_wconf 89' lang='grc'><em>75</em></span> 
     </span>
     <span class='ocr_line' id='line_1_20' title="bbox 618 985 1698 1044; baseline -0.001 -15"><span class='ocrx_word' id='word_1_90' title='bbox 618 985 949 1042; x_wconf 79' lang='grc' dir='ltr'><em>ὑποπρήσαντες</em></span> <span class='ocrx_word' id='word_1_91' title='bbox 978 987 1024 1030; x_wconf 77' lang='grc' dir='ltr'><em>δὲ</em></span> <span class='ocrx_word' id='word_1_92' title='bbox 1055 986 1188 1039; x_wconf 76' lang='grc' dir='ltr'><em>αὐτοὶ,</em></span> <span class='ocrx_word' id='word_1_93' title='bbox 1231 988 1392 1032; x_wconf 79' lang='grc' dir='ltr'><em>ἀπιεῖσι</em></span> <span class='ocrx_word' id='word_1_94' title='bbox 1424 987 1698 1044; x_wconf 84' lang='grc' dir='ltr'><em>φοβήσαντες</em></span> 
     </span>
     <span class='ocr_line' id='line_1_21' title="bbox 752 1057 1698 1114; baseline 0.001 -15"><span class='ocrx_word' id='word_1_95' title='bbox 752 1057 908 1100; x_wconf 83' lang='grc' dir='ltr'><em>πολλοὶ</em></span> <span class='ocrx_word' id='word_1_96' title='bbox 943 1058 1022 1113; x_wconf 79' lang='grc' dir='ltr'><em>μὲν</em></span> <span class='ocrx_word' id='word_1_97' title='bbox 1065 1058 1117 1114; x_wconf 81' lang='grc' dir='ltr'><em>δὴ</em></span> <span class='ocrx_word' id='word_1_98' title='bbox 1158 1060 1550 1114; x_wconf 82' lang='grc' dir='ltr'><em>συγκατακαίονται</em></span> <span class='ocrx_word' id='word_1_99' title='bbox 1586 1062 1698 1100; x_wconf 88' lang='grc' dir='ltr'><em>τοῖσι</em></span> 
     </span>
    </p>
   </div>
   <div class='ocr_carea' id='block_1_12' title="bbox 1425 706 1697 760">
    <p class='ocr_par' dir='ltr' id='par_1_12' title="bbox 1425 706 1697 760">
     <span class='ocr_line' id='line_1_22' title="bbox 1425 706 1697 760; baseline -0.007 -10"><span class='ocrx_word' id='word_1_100' title='bbox 1425 707 1555 750; x_wconf 79' lang='grc' dir='ltr'><em>ἐπεάν</em></span> <span class='ocrx_word' id='word_1_101' title='bbox 1591 706 1697 760; x_wconf 80' lang='grc' dir='ltr'><em>ἅμα·</em></span> 
     </span>
    </p>
   </div>
   <div class='ocr_carea' id='block_1_13' title="bbox 437 1127 1699 1185">
    <p class='ocr_par' dir='ltr' id='par_1_13' title="bbox 437 1127 1699 1185">
     <span class='ocr_line' id='line_1_23' title="bbox 437 1127 1699 1185; baseline 0.001 -14"><span class='ocrx_word' id='word_1_102' title='bbox 437 1127 611 1185; x_wconf 76' lang='grc' dir='ltr'><em>μάντισι</em></span> <span class='ocrx_word' id='word_1_103' title='bbox 651 1127 771 1184; x_wconf 84' lang='grc' dir='ltr'><em>βόες,</em></span> <span class='ocrx_word' id='word_1_104' title='bbox 819 1130 973 1172; x_wconf 88' lang='grc' dir='ltr'><em>πολλοὶ</em></span> <span class='ocrx_word' id='word_1_105' title='bbox 1017 1128 1062 1173; x_wconf 81' lang='grc' dir='ltr'><em>δὲ</em></span> <span class='ocrx_word' id='word_1_106' title='bbox 1103 1130 1461 1185; x_wconf 82' lang='grc' dir='ltr'><em>περικεκαυμένοι</em></span> <span class='ocrx_word' id='word_1_107' title='bbox 1504 1127 1699 1184; x_wconf 86' lang='grc' dir='ltr'><em>ἀποφεύ-</em></span> 
     </span>
    </p>
   </div>
   <div class='ocr_carea' id='block_1_14' title="bbox 401 1197 1508 1256">
    <p class='ocr_par' dir='ltr' id='par_1_14' title="bbox 401 1197 1508 1256">
     <span class='ocr_line' id='line_1_24' title="bbox 401 1197 1508 1256; baseline 0 -12"><span class='ocrx_word' id='word_1_108' title='bbox 401 1205 588 1256; x_wconf 82' lang='grc' dir='ltr'><em>3γουσι,</em></span> <span class='ocrx_word' id='word_1_109' title='bbox 641 1198 770 1243; x_wconf 75' lang='grc' dir='ltr'><em>ἐπεάν</em></span> <span class='ocrx_word' id='word_1_110' title='bbox 809 1198 956 1242; x_wconf 77' lang='grc' dir='ltr'><em>αὐτῶν</em></span> <span class='ocrx_word' id='word_1_111' title='bbox 996 1197 1019 1242; x_wconf 90' lang='grc' dir='ltr'>ὁ</span> <span class='ocrx_word' id='word_1_112' title='bbox 1060 1199 1199 1253; x_wconf 78' lang='grc' dir='ltr'><em>ῥυμὸς</em></span> <span class='ocrx_word' id='word_1_113' title='bbox 1236 1204 1508 1256; x_wconf 80' lang='grc' dir='ltr'><em>κατακαυθῇ.</em></span> 
     </span>
    </p>
   </div>
   <div class='ocr_carea' id='block_1_15' title="bbox 1574 1206 1756 1243">
    <p class='ocr_par' dir='ltr' id='par_1_15' title="bbox 1574 1206 1756 1243">
     <span class='ocr_line' id='line_1_25' title="bbox 1574 1206 1756 1243; baseline -0.016 0"><span class='ocrx_word' id='word_1_114' title='bbox 1574 1217 1699 1243; x_wconf 79' lang='grc' dir='ltr'><em>κατα-</em></span> <span class='ocrx_word' id='word_1_115' title='bbox 1711 1206 1756 1240; x_wconf 91' lang='grc'><em>80</em></span> 
     </span>
    </p>
   </div>
   <div class='ocr_carea' id='block_1_16' title="bbox 405 1269 1699 1398">
    <p class='ocr_par' dir='ltr' id='par_1_16' title="bbox 405 1269 1699 1398">
     <span class='ocr_line' id='line_1_26' title="bbox 432 1269 1699 1329; baseline 0 -16"><span class='ocrx_word' id='word_1_116' title='bbox 432 1271 608 1314; x_wconf 86' lang='grc' dir='ltr'><em>καίουσι</em></span> <span class='ocrx_word' id='word_1_117' title='bbox 639 1271 684 1313; x_wconf 80' lang='grc' dir='ltr'><em>δὲ</em></span> <span class='ocrx_word' id='word_1_118' title='bbox 714 1270 860 1327; x_wconf 85' lang='grc' dir='ltr'><em>τρόπῳ</em></span> <span class='ocrx_word' id='word_1_119' title='bbox 891 1273 952 1329; x_wconf 77' lang='grc' dir='ltr'><em>τῷ</em></span> <span class='ocrx_word' id='word_1_120' title='bbox 982 1269 1188 1325; x_wconf 76' lang='grc' dir='ltr'><em>εἰρημένῳ</em></span> <span class='ocrx_word' id='word_1_121' title='bbox 1221 1272 1293 1315; x_wconf 85' lang='grc' dir='ltr'><em>καὶ</em></span> <span class='ocrx_word' id='word_1_122' title='bbox 1324 1271 1381 1315; x_wconf 84' lang='grc' dir='ltr'><em>δι’</em></span> <span class='ocrx_word' id='word_1_123' title='bbox 1410 1271 1542 1322; x_wconf 80' lang='grc' dir='ltr'><em>ἄλλας</em></span> <span class='ocrx_word' id='word_1_124' title='bbox 1562 1273 1699 1321; x_wconf 85' lang='grc' dir='ltr'><em>αἰτίας</em></span> 
     </span>
     <span class='ocr_line' id='line_1_27' title="bbox 405 1339 1698 1398; baseline 0.001 -15"><span class='ocrx_word' id='word_1_125' title='bbox 405 1341 539 1393; x_wconf 83' lang='grc' dir='ltr'><em>4τούς</em></span> <span class='ocrx_word' id='word_1_126' title='bbox 569 1339 776 1398; x_wconf 80' lang='grc' dir='ltr'><em>μάντιας,</em></span> <span class='ocrx_word' id='word_1_127' title='bbox 809 1339 1130 1397; x_wconf 75' lang='grc' dir='ltr'><em>ψευδομάντιας</em></span> <span class='ocrx_word' id='word_1_128' title='bbox 1158 1341 1394 1394; x_wconf 82' lang='grc' dir='ltr'><em>καλέοντες.</em></span> <span class='ocrx_word' id='word_1_129' title='bbox 1434 1342 1537 1394; x_wconf 79' lang='grc' dir='ltr'><em>τούς</em></span> <span class='ocrx_word' id='word_1_130' title='bbox 1567 1341 1611 1386; x_wconf 89' lang='grc' dir='ltr'><em>δ’</em></span> <span class='ocrx_word' id='word_1_131' title='bbox 1643 1340 1698 1385; x_wconf 76' lang='grc' dir='ltr'><em>ἂν</em></span> 
     </span>
    </p>
   </div>
   <div class='ocr_carea' id='block_1_17' title="bbox 381 1457 549 1463">
    <p class='ocr_par' dir='ltr' id='par_1_17' title="bbox 381 1457 549 1463">
     <span class='ocr_line' id='line_1_28' title="bbox 381 1457 549 1463; baseline 0 0"><span class='ocrx_word' id='word_1_132' title='bbox 381 1457 549 1463; x_wconf 95' lang='lat' dir='ltr'><em> </em></span> 
     </span>
    </p>
   </div>
   <div class='ocr_carea' id='block_1_18' title="bbox 552 1459 650 1464">
    <p class='ocr_par' dir='ltr' id='par_1_18' title="bbox 552 1459 650 1464">
     <span class='ocr_line' id='line_1_29' title="bbox 552 1459 650 1464; baseline 0 0"><span class='ocrx_word' id='word_1_133' title='bbox 552 1459 650 1464; x_wconf 95' lang='lat' dir='ltr'><em> </em></span> 
     </span>
    </p>
   </div>
   <div class='ocr_carea' id='block_1_19' title="bbox 342 1512 1047 2854">
    <p class='ocr_par' dir='ltr' id='par_1_19' title="bbox 342 1512 1046 2014">
     <span class='ocr_line' id='line_1_30' title="bbox 378 1512 1043 1562; baseline 0.003 -13"><span class='ocrx_word' id='word_1_134' title='bbox 378 1514 536 1562; x_wconf 82' lang='lat' dir='ltr'><strong>quenter</strong></span> <span class='ocrx_word' id='word_1_135' title='bbox 546 1512 596 1549; x_wconf 85' lang='lat' dir='ltr'><em>sic</em></span> <span class='ocrx_word' id='word_1_136' title='bbox 605 1512 757 1549; x_wconf 82' lang='lat' dir='ltr'><strong>inveniri</strong></span> <span class='ocrx_word' id='word_1_137' title='bbox 768 1524 875 1550; x_wconf 86' lang='lat' dir='ltr'><strong>nemo</strong></span> <span class='ocrx_word' id='word_1_138' title='bbox 888 1513 965 1551; x_wconf 86' lang='lat' dir='ltr'><strong>sere</strong></span> <span class='ocrx_word' id='word_1_139' title='bbox 976 1524 1043 1551; x_wconf 85' lang='lat' dir='ltr'><em>ne-</em></span> 
     </span>
     <span class='ocr_line' id='line_1_31' title="bbox 381 1569 1042 1614; baseline 0.002 -9"><span class='ocrx_word' id='word_1_140' title='bbox 381 1569 469 1614; x_wconf 90' lang='lat' dir='ltr'><strong>scit,</strong></span> <span class='ocrx_word' id='word_1_141' title='bbox 495 1569 667 1605; x_wconf 83' lang='lat' dir='ltr'><strong>nonnulla</strong></span> <span class='ocrx_word' id='word_1_142' title='bbox 693 1570 782 1605; x_wconf 78' lang='lat' dir='ltr'><strong>citat</strong></span> <span class='ocrx_word' id='word_1_143' title='bbox 799 1569 967 1606; x_wconf 78' lang='lat' dir='ltr'><strong>Larcher.</strong></span> <span class='ocrx_word' id='word_1_144' title='bbox 986 1589 1042 1596; x_wconf 93' lang='lat'>—</span> 
     </span>
     <span class='ocr_line' id='line_1_32' title="bbox 342 1621 1041 1675; baseline 0 -14"><span class='ocrx_word' id='word_1_145' title='bbox 342 1665 345 1668; x_wconf 47' lang='grc'><em>,</em></span> <span class='ocrx_word' id='word_1_146' title='bbox 381 1624 504 1661; x_wconf 84' lang='lat' dir='ltr'><strong>Verba</strong></span> <span class='ocrx_word' id='word_1_147' title='bbox 523 1624 588 1663; x_wconf 84' lang='grc' dir='ltr'><em>καὶ</em></span> <span class='ocrx_word' id='word_1_148' title='bbox 611 1621 714 1675; x_wconf 82' lang='grc' dir='ltr'><em>μάλα</em></span> <span class='ocrx_word' id='word_1_149' title='bbox 734 1622 844 1663; x_wconf 72' lang='grc' dir='ltr'><em>ἄλλοι</em></span> <span class='ocrx_word' id='word_1_150' title='bbox 865 1626 915 1662; x_wconf 86' lang='lat' dir='ltr'><em>sic</em></span> <span class='ocrx_word' id='word_1_151' title='bbox 932 1625 1041 1673; x_wconf 77' lang='lat' dir='ltr'><strong>vulgo</strong></span> 
     </span>
     <span class='ocr_line' id='line_1_33' title="bbox 381 1681 1043 1718; baseline 0 -1"><span class='ocrx_word' id='word_1_152' title='bbox 381 1685 547 1718; x_wconf 79' lang='lat' dir='ltr'><strong>vertunt:</strong></span> <span class='ocrx_word' id='word_1_153' title='bbox 576 1681 650 1717; x_wconf 74' lang='lat' dir='ltr'><em>und</em></span> <span class='ocrx_word' id='word_1_154' title='bbox 679 1683 794 1718; x_wconf 79' lang='lat' dir='ltr'><strong>z&#39;mmer</strong></span> <span class='ocrx_word' id='word_1_155' title='bbox 821 1682 948 1718; x_wconf 79' lang='lat' dir='ltr'><em>wieder</em></span> <span class='ocrx_word' id='word_1_156' title='bbox 978 1694 1043 1717; x_wconf 77' lang='lat' dir='ltr'><em>an-</em></span> 
     </span>
     <span class='ocr_line' id='line_1_34' title="bbox 384 1736 1046 1788; baseline 0 -14"><span class='ocrx_word' id='word_1_157' title='bbox 384 1737 475 1774; x_wconf 80' lang='lat' dir='ltr'><strong>dere.</strong></span> <span class='ocrx_word' id='word_1_158' title='bbox 514 1737 556 1774; x_wconf 90' lang='lat' dir='ltr'><em>In</em></span> <span class='ocrx_word' id='word_1_159' title='bbox 582 1738 655 1775; x_wconf 86' lang='lat' dir='ltr'><em>fine</em></span> <span class='ocrx_word' id='word_1_160' title='bbox 682 1750 761 1788; x_wconf 80' lang='lat' dir='ltr'><strong>cap.</strong></span> <span class='ocrx_word' id='word_1_161' title='bbox 784 1736 964 1776; x_wconf 83' lang='grc' dir='ltr'><em>δέδοκται</em></span> <span class='ocrx_word' id='word_1_162' title='bbox 981 1750 1046 1774; x_wconf 88' lang='lat' dir='ltr'><em>va-</em></span> 
     </span>
     <span class='ocr_line' id='line_1_35' title="bbox 382 1793 1043 1841; baseline 0 -11"><span class='ocrx_word' id='word_1_163' title='bbox 382 1793 453 1830; x_wconf 88' lang='lat' dir='ltr'><strong>let:</strong></span> <span class='ocrx_word' id='word_1_164' title='bbox 500 1793 693 1841; x_wconf 79' lang='lat' dir='ltr'><strong>decretum,</strong></span> <span class='ocrx_word' id='word_1_165' title='bbox 727 1797 953 1831; x_wconf 74' lang='lat' dir='ltr'><em>constitutum</em></span> <span class='ocrx_word' id='word_1_166' title='bbox 981 1798 1043 1831; x_wconf 82' lang='lat' dir='ltr'><em>est.</em></span> 
     </span>
     <span class='ocr_line' id='line_1_36' title="bbox 383 1849 1043 1898; baseline 0 -10"><span class='ocrx_word' id='word_1_167' title='bbox 383 1849 444 1888; x_wconf 85' lang='lat' dir='ltr'><em>De</em></span> <span class='ocrx_word' id='word_1_168' title='bbox 486 1854 668 1889; x_wconf 84' lang='lat' dir='ltr'><strong>structura</strong></span> <span class='ocrx_word' id='word_1_169' title='bbox 709 1851 801 1888; x_wconf 89' lang='lat' dir='ltr'><strong>conf.</strong></span> <span class='ocrx_word' id='word_1_170' title='bbox 838 1851 929 1898; x_wconf 80' lang='lat' dir='ltr'>VII,</span> <span class='ocrx_word' id='word_1_171' title='bbox 979 1853 1043 1892; x_wconf 85' lang='lat'><em>16.</em></span> 
     </span>
     <span class='ocr_line' id='line_1_37' title="bbox 383 1905 557 1954; baseline 0.037 -12"><span class='ocrx_word' id='word_1_172' title='bbox 383 1905 460 1954; x_wconf 91' lang='lat' dir='ltr'><em>IX,</em></span> <span class='ocrx_word' id='word_1_173' title='bbox 493 1907 557 1948; x_wconf 85' lang='lat'><em>74.</em></span> 
     </span>
     <span class='ocr_line' id='line_1_38' title="bbox 576 1961 857 2014; baseline 0 -14"><span class='ocrx_word' id='word_1_174' title='bbox 576 1963 689 2014; x_wconf 84' lang='lat' dir='ltr'><strong>Cap.</strong></span> <span class='ocrx_word' id='word_1_175' title='bbox 721 1961 857 2000; x_wconf 82' lang='lat' dir='ltr'>LXIX.</span> 
     </span>
    </p>

    <p class='ocr_par' dir='ltr' id='par_1_20' title="bbox 381 2013 1047 2854">
     <span class='ocr_line' id='line_1_39' title="bbox 442 2013 1044 2072; baseline -0.003 -13"><span class='ocrx_word' id='word_1_176' title='bbox 442 2015 564 2059; x_wconf 79' lang='grc' dir='ltr'><em>ἔπεαν</em></span> <span class='ocrx_word' id='word_1_177' title='bbox 612 2016 768 2070; x_wconf 76' lang='grc' dir='ltr'><em>ἅμαξαν</em></span> <span class='ocrx_word' id='word_1_178' title='bbox 822 2013 1044 2072; x_wconf 81' lang='grc' dir='ltr'><em>φρυγάνων</em></span> 
     </span>
     <span class='ocr_line' id='line_1_40' title="bbox 383 2072 1043 2128; baseline -0.005 -14"><span class='ocrx_word' id='word_1_179' title='bbox 383 2072 585 2125; x_wconf 79' lang='grc' dir='ltr'><em>πλήσωσι]</em></span> <span class='ocrx_word' id='word_1_180' title='bbox 636 2091 743 2128; x_wconf 67' lang='grc' dir='ltr'><em>φρυ)</em></span> <span class='ocrx_word' id='word_1_181' title='bbox 747 2090 823 2114; x_wconf 87' lang='grc' dir='ltr'><em>ανα</em></span> <span class='ocrx_word' id='word_1_182' title='bbox 848 2076 936 2124; x_wconf 90' lang='lat' dir='ltr'><strong>quid</strong></span> <span class='ocrx_word' id='word_1_183' title='bbox 956 2076 1043 2123; x_wconf 86' lang='lat' dir='ltr'><strong>sint,</strong></span> 
     </span>
     <span class='ocr_line' id='line_1_41' title="bbox 382 2128 1041 2182; baseline 0 -13"><span class='ocrx_word' id='word_1_184' title='bbox 382 2133 535 2169; x_wconf 81' lang='lat' dir='ltr'><strong>diximus</strong></span> <span class='ocrx_word' id='word_1_185' title='bbox 556 2133 603 2169; x_wconf 86' lang='lat' dir='ltr'><em>ad</em></span> <span class='ocrx_word' id='word_1_186' title='bbox 625 2132 674 2169; x_wconf 82' lang='lat' dir='ltr'><em>lv</em></span> <span class='ocrx_word' id='word_1_187' title='bbox 687 2160 698 2178; x_wconf 94' lang='lat'>,</span> <span class='ocrx_word' id='word_1_188' title='bbox 729 2134 793 2173; x_wconf 77' lang='lat'><em>62.</em></span> <span class='ocrx_word' id='word_1_189' title='bbox 824 2128 953 2169; x_wconf 83' lang='lat' dir='ltr'>Post</span> <span class='ocrx_word' id='word_1_190' title='bbox 937 2128 1041 2182; x_wconf 83' lang='grc' dir='ltr'><em>α’μα-</em></span> 
     </span>
     <span class='ocr_line' id='line_1_42' title="bbox 383 2187 1043 2238; baseline -0.003 -12"><span class='ocrx_word' id='word_1_191' title='bbox 383 2189 456 2235; x_wconf 81' lang='grc' dir='ltr'><em>ξαν</em></span> <span class='ocrx_word' id='word_1_192' title='bbox 476 2188 608 2225; x_wconf 85' lang='lat' dir='ltr'>Aldina</span> <span class='ocrx_word' id='word_1_193' title='bbox 638 2189 785 2238; x_wconf 84' lang='lat' dir='ltr'><strong>duoque</strong></span> <span class='ocrx_word' id='word_1_194' title='bbox 812 2187 893 2224; x_wconf 84' lang='lat' dir='ltr'>libri</span> <span class='ocrx_word' id='word_1_195' title='bbox 920 2188 1043 2238; x_wconf 82' lang='lat' dir='ltr'><strong>scripti</strong></span> 
     </span>
     <span class='ocr_line' id='line_1_43' title="bbox 381 2240 1042 2296; baseline -0.002 -15"><span class='ocrx_word' id='word_1_196' title='bbox 381 2245 545 2283; x_wconf 86' lang='lat' dir='ltr'><strong>inserunt</strong></span> <span class='ocrx_word' id='word_1_197' title='bbox 572 2240 764 2296; x_wconf 81' lang='grc' dir='ltr'><em>καμάρης.</em></span> <span class='ocrx_word' id='word_1_198' title='bbox 796 2245 963 2281; x_wconf 83' lang='lat' dir='ltr'><strong>Occurrit</strong></span> <span class='ocrx_word' id='word_1_199' title='bbox 978 2256 1042 2282; x_wconf 85' lang='lat' dir='ltr'><em>ea-</em></span> 
     </span>
     <span class='ocr_line' id='line_1_44' title="bbox 381 2301 1042 2348; baseline 0 -11"><span class='ocrx_word' id='word_1_200' title='bbox 381 2301 466 2339; x_wconf 87' lang='lat' dir='ltr'><em>dem</em></span> <span class='ocrx_word' id='word_1_201' title='bbox 494 2314 565 2337; x_wconf 89' lang='lat' dir='ltr'><em>vox</em></span> <span class='ocrx_word' id='word_1_202' title='bbox 585 2302 616 2348; x_wconf 91' lang='lat' dir='ltr'><em>l,</em></span> <span class='ocrx_word' id='word_1_203' title='bbox 650 2303 728 2341; x_wconf 83' lang='lat'><em>199</em></span> <span class='ocrx_word' id='word_1_204' title='bbox 752 2302 799 2338; x_wconf 88' lang='lat' dir='ltr'><em>de</em></span> <span class='ocrx_word' id='word_1_205' title='bbox 819 2314 924 2338; x_wconf 86' lang='lat' dir='ltr'><strong>curru</strong></span> <span class='ocrx_word' id='word_1_206' title='bbox 944 2304 1042 2337; x_wconf 81' lang='lat' dir='ltr'><strong>tecto</strong></span> 
     </span>
     <span class='ocr_line' id='line_1_45' title="bbox 383 2356 1045 2407; baseline 0 -14"><span class='ocrx_word' id='word_1_207' title='bbox 383 2369 411 2393; x_wconf 88' lang='lat' dir='ltr'><em>s.</em></span> <span class='ocrx_word' id='word_1_208' title='bbox 434 2357 481 2393; x_wconf 89' lang='lat' dir='ltr'><em>de</em></span> <span class='ocrx_word' id='word_1_209' title='bbox 504 2361 603 2394; x_wconf 84' lang='lat' dir='ltr'><strong>tecto</strong></span> <span class='ocrx_word' id='word_1_210' title='bbox 626 2362 785 2403; x_wconf 80' lang='lat' dir='ltr'><em>arcuato,</em></span> <span class='ocrx_word' id='word_1_211' title='bbox 817 2357 916 2406; x_wconf 92' lang='lat' dir='ltr'><strong>quod</strong></span> <span class='ocrx_word' id='word_1_212' title='bbox 938 2356 1045 2407; x_wconf 83' lang='lat' dir='ltr'><strong>plau-</strong></span> 
     </span>
     <span class='ocr_line' id='line_1_46' title="bbox 383 2413 1044 2462; baseline 0 -13"><span class='ocrx_word' id='word_1_213' title='bbox 383 2413 465 2449; x_wconf 83' lang='lat' dir='ltr'><strong>stris</strong></span> <span class='ocrx_word' id='word_1_214' title='bbox 477 2414 803 2462; x_wconf 80' lang='lat' dir='ltr'><strong>superimponitur3</strong></span> <span class='ocrx_word' id='word_1_215' title='bbox 827 2413 922 2449; x_wconf 88' lang='lat' dir='ltr'><strong>unde</strong></span> <span class='ocrx_word' id='word_1_216' title='bbox 935 2413 1044 2449; x_wconf 86' lang='lat' dir='ltr'><strong>etiam</strong></span> 
     </span>
     <span class='ocr_line' id='line_1_47' title="bbox 383 2467 1045 2518; baseline -0.002 -13"><span class='ocrx_word' id='word_1_217' title='bbox 383 2467 748 2505; x_wconf 81' lang='lat' dir='ltr'><strong>h.l.Hemsterl1us.</strong></span> <span class='ocrx_word' id='word_1_218' title='bbox 786 2469 834 2505; x_wconf 78' lang='lat' dir='ltr'><em>ad</em></span> <span class='ocrx_word' id='word_1_219' title='bbox 861 2468 1045 2518; x_wconf 85' lang='lat' dir='ltr'><strong>Aristoph.</strong></span> 
     </span>
     <span class='ocr_line' id='line_1_48' title="bbox 384 2519 1043 2587; baseline 0 -25"><span class='ocrx_word' id='word_1_220' title='bbox 384 2524 480 2562; x_wconf 85' lang='lat' dir='ltr'><strong>Plut.</strong></span> <span class='ocrx_word' id='word_1_221' title='bbox 502 2537 602 2587; x_wconf 84' lang='lat' dir='ltr'><strong>pag.</strong></span> <span class='ocrx_word' id='word_1_222' title='bbox 610 2526 690 2564; x_wconf 80' lang='lat'><em>369</em></span> <span class='ocrx_word' id='word_1_223' title='bbox 719 2525 921 2574; x_wconf 73' lang='lat' dir='ltr'><strong>piaeserret</strong></span> <span class='ocrx_word' id='word_1_224' title='bbox 940 2519 1043 2573; x_wconf 82' lang='grc' dir='ltr'><em>αμά-</em></span> 
     </span>
     <span class='ocr_line' id='line_1_49' title="bbox 388 2575 1046 2630; baseline -0.005 -11"><span class='ocrx_word' id='word_1_225' title='bbox 388 2581 459 2630; x_wconf 78' lang='grc' dir='ltr'><em>ξης</em></span> <span class='ocrx_word' id='word_1_226' title='bbox 497 2575 703 2630; x_wconf 80' lang='grc' dir='ltr'><em>καμάρην,</em></span> <span class='ocrx_word' id='word_1_227' title='bbox 742 2585 781 2616; x_wconf 82' lang='lat' dir='ltr'><em>ut</em></span> <span class='ocrx_word' id='word_1_228' title='bbox 804 2580 964 2630; x_wconf 56' lang='lat' dir='ltr'><strong>plana-tii</strong></span> <span class='ocrx_word' id='word_1_229' title='bbox 998 2583 1046 2616; x_wconf 74' lang='lat' dir='ltr'><em>te-</em></span> 
     </span>
     <span class='ocr_line' id='line_1_50' title="bbox 390 2636 1047 2685; baseline -0.003 -11"><span class='ocrx_word' id='word_1_230' title='bbox 390 2640 483 2674; x_wconf 79' lang='lat' dir='ltr'><strong>ctum</strong></span> <span class='ocrx_word' id='word_1_231' title='bbox 505 2636 772 2685; x_wconf 75' lang='lat' dir='ltr'><strong>intelligeretur.</strong></span> <span class='ocrx_word' id='word_1_232' title='bbox 811 2636 993 2684; x_wconf 81' lang='lat' dir='ltr'><strong>Equidem</strong></span> <span class='ocrx_word' id='word_1_233' title='bbox 1025 2648 1047 2672; x_wconf 84' lang='lat' dir='ltr'>a</span> 
     </span>
     <span class='ocr_line' id='line_1_51' title="bbox 391 2693 1047 2730; baseline -0.005 0"><span class='ocrx_word' id='word_1_234' title='bbox 391 2693 575 2730; x_wconf 87' lang='lat' dir='ltr'><strong>meliorum</strong></span> <span class='ocrx_word' id='word_1_235' title='bbox 592 2693 700 2730; x_wconf 82' lang='lat' dir='ltr'><strong>codd.</strong></span> <span class='ocrx_word' id='word_1_236' title='bbox 717 2693 933 2729; x_wconf 76' lang='lat' dir='ltr'><strong>auctoritate</strong></span> <span class='ocrx_word' id='word_1_237' title='bbox 951 2695 1047 2728; x_wconf 82' lang='lat' dir='ltr'><strong>stare</strong></span> 
     </span>
     <span class='ocr_line' id='line_1_52' title="bbox 392 2747 1047 2787; baseline -0.005 -1"><span class='ocrx_word' id='word_1_238' title='bbox 392 2749 511 2787; x_wconf 79' lang='lat' dir='ltr'><strong>malui.</strong></span> <span class='ocrx_word' id='word_1_239' title='bbox 542 2770 590 2777; x_wconf 92' lang='lat'><em>--</em></span> <span class='ocrx_word' id='word_1_240' title='bbox 633 2748 721 2785; x_wconf 87' lang='lat' dir='ltr'><em>Mox</em></span> <span class='ocrx_word' id='word_1_241' title='bbox 748 2747 913 2785; x_wconf 83' lang='lat' dir='ltr'><strong>meliores</strong></span> <span class='ocrx_word' id='word_1_242' title='bbox 937 2747 1047 2784; x_wconf 87' lang='lat' dir='ltr'><strong>libros</strong></span> 
     </span>
     <span class='ocr_line' id='line_1_53' title="bbox 394 2804 1047 2854; baseline -0.003 -11"><span class='ocrx_word' id='word_1_243' title='bbox 394 2809 559 2854; x_wconf 80' lang='lat' dir='ltr'><em>secutus,</em></span> <span class='ocrx_word' id='word_1_244' title='bbox 590 2818 671 2844; x_wconf 93' lang='lat' dir='ltr'><em>cum</em></span> <span class='ocrx_word' id='word_1_245' title='bbox 689 2809 838 2843; x_wconf 78' lang='lat' dir='ltr'><strong>recentt.</strong></span> <span class='ocrx_word' id='word_1_246' title='bbox 857 2805 941 2842; x_wconf 85' lang='lat' dir='ltr'><strong>cdd.</strong></span> <span class='ocrx_word' id='word_1_247' title='bbox 961 2804 1047 2842; x_wconf 88' lang='lat' dir='ltr'><strong>dedi</strong></span> 
     </span>
    </p>
   </div>
   <div class='ocr_carea' id='block_1_20' title="bbox 1098 1510 1758 2113">
    <p class='ocr_par' dir='ltr' id='par_1_21' title="bbox 1098 1510 1758 2113">
     <span class='ocr_line' id='line_1_54' title="bbox 1099 1510 1756 1563; baseline -0.003 -13"><span class='ocrx_word' id='word_1_248' title='bbox 1099 1510 1379 1563; x_wconf 77' lang='grc' dir='ltr'><em>ἐμποδίσαντες</em></span> <span class='ocrx_word' id='word_1_249' title='bbox 1411 1512 1578 1563; x_wconf 76' lang='lat' dir='ltr'><em>(pedibus</em></span> <span class='ocrx_word' id='word_1_250' title='bbox 1608 1513 1756 1549; x_wconf 72' lang='lat' dir='ltr'><em>constri-</em></span> 
     </span>
     <span class='ocr_line' id='line_1_55' title="bbox 1100 1568 1755 1617; baseline 0.003 -12"><span class='ocrx_word' id='word_1_251' title='bbox 1100 1569 1208 1617; x_wconf 77' lang='lat' dir='ltr'><strong>ctis),</strong></span> <span class='ocrx_word' id='word_1_252' title='bbox 1238 1573 1278 1605; x_wconf 89' lang='lat' dir='ltr'><em>ut</em></span> <span class='ocrx_word' id='word_1_253' title='bbox 1294 1568 1367 1615; x_wconf 89' lang='lat' dir='ltr'><em>lv,</em></span> <span class='ocrx_word' id='word_1_254' title='bbox 1398 1571 1463 1610; x_wconf 86' lang='lat'><em>60.</em></span> <span class='ocrx_word' id='word_1_255' title='bbox 1502 1568 1623 1617; x_wconf 81' lang='lat' dir='ltr'><strong>Vulgo</strong></span> <span class='ocrx_word' id='word_1_256' title='bbox 1641 1568 1755 1617; x_wconf 81' lang='grc' dir='ltr'><em>ἐμπε-</em></span> 
     </span>
     <span class='ocr_line' id='line_1_56' title="bbox 1100 1621 1756 1675; baseline -0.005 -11"><span class='ocrx_word' id='word_1_257' title='bbox 1100 1621 1306 1675; x_wconf 82' lang='grc' dir='ltr'><em>δήσαντες,</em></span> <span class='ocrx_word' id='word_1_258' title='bbox 1325 1626 1424 1672; x_wconf 81' lang='lat' dir='ltr'><strong>quod</strong></span> <span class='ocrx_word' id='word_1_259' title='bbox 1441 1629 1634 1663; x_wconf 85' lang='lat' dir='ltr'><strong>tenuerunt</strong></span> <span class='ocrx_word' id='word_1_260' title='bbox 1645 1625 1756 1662; x_wconf 87' lang='lat' dir='ltr'><strong>Wes-</strong></span> 
     </span>
     <span class='ocr_line' id='line_1_57' title="bbox 1098 1680 1756 1731; baseline -0.002 -13"><span class='ocrx_word' id='word_1_261' title='bbox 1098 1681 1226 1730; x_wconf 82' lang='lat' dir='ltr'><strong>seling.</strong></span> <span class='ocrx_word' id='word_1_262' title='bbox 1260 1685 1297 1718; x_wconf 87' lang='lat' dir='ltr'><em>et</em></span> <span class='ocrx_word' id='word_1_263' title='bbox 1322 1680 1520 1729; x_wconf 84' lang='lat' dir='ltr'><strong>Valcken.,</strong></span> <span class='ocrx_word' id='word_1_264' title='bbox 1549 1681 1611 1731; x_wconf 86' lang='lat' dir='ltr'><em>qui</em></span> <span class='ocrx_word' id='word_1_265' title='bbox 1637 1681 1756 1718; x_wconf 87' lang='lat' dir='ltr'><strong>Hero-</strong></span> 
     </span>
     <span class='ocr_line' id='line_1_58' title="bbox 1099 1736 1757 1788; baseline 0 -14"><span class='ocrx_word' id='word_1_266' title='bbox 1099 1738 1178 1775; x_wconf 89' lang='lat' dir='ltr'><strong>doti</strong></span> <span class='ocrx_word' id='word_1_267' title='bbox 1207 1736 1423 1788; x_wconf 78' lang='grc' dir='ltr'><em>ε’μπεδῆσαι</em></span> <span class='ocrx_word' id='word_1_268' title='bbox 1444 1738 1542 1776; x_wconf 86' lang='lat' dir='ltr'><strong>idem</strong></span> <span class='ocrx_word' id='word_1_269' title='bbox 1565 1736 1685 1775; x_wconf 84' lang='lat' dir='ltr'><strong>valere</strong></span> <span class='ocrx_word' id='word_1_270' title='bbox 1704 1736 1757 1774; x_wconf 81' lang='lat' dir='ltr'><em>ait</em></span> 
     </span>
     <span class='ocr_line' id='line_1_59' title="bbox 1099 1792 1758 1844; baseline -0.003 -13"><span class='ocrx_word' id='word_1_271' title='bbox 1099 1799 1213 1843; x_wconf 81' lang='lat' dir='ltr'><strong>atque</strong></span> <span class='ocrx_word' id='word_1_272' title='bbox 1238 1792 1376 1839; x_wconf 85' lang='grc' dir='ltr'><em>πέδαις</em></span> <span class='ocrx_word' id='word_1_273' title='bbox 1403 1793 1566 1844; x_wconf 80' lang='grc' dir='ltr'><em>ἐνδῆσαι</em></span> <span class='ocrx_word' id='word_1_274' title='bbox 1585 1792 1758 1843; x_wconf 72' lang='lat' dir='ltr'><strong>compedi-</strong></span> 
     </span>
     <span class='ocr_line' id='line_1_60' title="bbox 1100 1850 1758 1899; baseline -0.003 -12"><span class='ocrx_word' id='word_1_275' title='bbox 1100 1850 1162 1887; x_wconf 78' lang='lat' dir='ltr'><em>bus</em></span> <span class='ocrx_word' id='word_1_276' title='bbox 1182 1852 1434 1899; x_wconf 74' lang='lat' dir='ltr'><strong>constringere,</strong></span> <span class='ocrx_word' id='word_1_277' title='bbox 1465 1855 1504 1887; x_wconf 92' lang='lat' dir='ltr'><em>ut</em></span> <span class='ocrx_word' id='word_1_278' title='bbox 1521 1851 1584 1897; x_wconf 71' lang='lat' dir='ltr'><em>Vl,</em></span> <span class='ocrx_word' id='word_1_279' title='bbox 1614 1852 1678 1890; x_wconf 80' lang='lat'><em>23.</em></span> <span class='ocrx_word' id='word_1_280' title='bbox 1699 1868 1758 1876; x_wconf 90' lang='lat'>—</span> 
     </span>
     <span class='ocr_line' id='line_1_61' title="bbox 1102 1902 1758 1957; baseline -0.005 -12"><span class='ocrx_word' id='word_1_281' title='bbox 1102 1902 1386 1957; x_wconf 74' lang='grc' dir='ltr'><em>στομώσαντες,</em></span> <span class='ocrx_word' id='word_1_282' title='bbox 1415 1911 1589 1944; x_wconf 87' lang='lat' dir='ltr'><strong>monente</strong></span> <span class='ocrx_word' id='word_1_283' title='bbox 1607 1906 1758 1943; x_wconf 78' lang='lat' dir='ltr'><strong>Wesse-</strong></span> 
     </span>
     <span class='ocr_line' id='line_1_62' title="bbox 1100 1960 1757 2013; baseline -0.005 -13"><span class='ocrx_word' id='word_1_284' title='bbox 1100 1964 1238 2011; x_wconf 83' lang='lat' dir='ltr'><strong>lingio,</strong></span> <span class='ocrx_word' id='word_1_285' title='bbox 1265 1963 1361 2000; x_wconf 86' lang='lat' dir='ltr'><strong>idem</strong></span> <span class='ocrx_word' id='word_1_286' title='bbox 1390 1975 1432 2000; x_wconf 83' lang='lat' dir='ltr'><em>ac</em></span> <span class='ocrx_word' id='word_1_287' title='bbox 1452 1960 1702 2013; x_wconf 83' lang='grc' dir='ltr'><em>φιμώσαντες</em></span> <span class='ocrx_word' id='word_1_288' title='bbox 1720 1974 1757 1997; x_wconf 85' lang='lat' dir='ltr'><em>os</em></span> 
     </span>
     <span class='ocr_line' id='line_1_63' title="bbox 1101 2017 1756 2069; baseline -0.003 -14"><span class='ocrx_word' id='word_1_289' title='bbox 1101 2020 1321 2067; x_wconf 62' lang='lat' dir='ltr'><em>obturantes,</em></span> <span class='ocrx_word' id='word_1_290' title='bbox 1351 2019 1455 2056; x_wconf 87' lang='lat' dir='ltr'><strong>sicuti</strong></span> <span class='ocrx_word' id='word_1_291' title='bbox 1475 2020 1522 2055; x_wconf 87' lang='lat' dir='ltr'><em>ad</em></span> <span class='ocrx_word' id='word_1_292' title='bbox 1543 2017 1756 2069; x_wconf 86' lang='lat' dir='ltr'><strong>supplicium</strong></span> 
     </span>
     <span class='ocr_line' id='line_1_64' title="bbox 1099 2073 1757 2113; baseline -0.002 -1"><span class='ocrx_word' id='word_1_293' title='bbox 1099 2076 1286 2113; x_wconf 83' lang='lat' dir='ltr'><strong>trahendis</strong></span> <span class='ocrx_word' id='word_1_294' title='bbox 1310 2076 1388 2112; x_wconf 88' lang='lat' dir='ltr'><strong>fieri</strong></span> <span class='ocrx_word' id='word_1_295' title='bbox 1412 2075 1563 2112; x_wconf 73' lang='lat' dir='ltr'><strong>solebat.</strong></span> <span class='ocrx_word' id='word_1_296' title='bbox 1589 2095 1644 2102; x_wconf 93' lang='lat'><em>——</em></span> <span class='ocrx_word' id='word_1_297' title='bbox 1688 2073 1757 2111; x_wconf 86' lang='lat' dir='ltr'><em>Cr.</em></span> 
     </span>
    </p>
   </div>
   <div class='ocr_carea' id='block_1_21' title="bbox 1099 2129 1756 2169">
    <p class='ocr_par' dir='ltr' id='par_1_22' title="bbox 1099 2129 1756 2169">
     <span class='ocr_line' id='line_1_65' title="bbox 1099 2129 1756 2169; baseline -0.003 -1"><span class='ocrx_word' id='word_1_298' title='bbox 1099 2132 1254 2168; x_wconf 81' lang='lat' dir='ltr'><strong>conferri</strong></span> <span class='ocrx_word' id='word_1_299' title='bbox 1273 2130 1349 2168; x_wconf 74' lang='lat' dir='ltr'><em>vult</em></span> <span class='ocrx_word' id='word_1_300' title='bbox 1369 2131 1491 2169; x_wconf 81' lang='lat' dir='ltr'><strong>Vales.</strong></span> <span class='ocrx_word' id='word_1_301' title='bbox 1510 2131 1558 2168; x_wconf 85' lang='lat' dir='ltr'><em>ad</em></span> <span class='ocrx_word' id='word_1_302' title='bbox 1577 2129 1756 2167; x_wconf 87' lang='lat' dir='ltr'><strong>Ammian.</strong></span> 
     </span>
    </p>
   </div>
   <div class='ocr_carea' id='block_1_22' title="bbox 1097 2185 1761 2843">
    <p class='ocr_par' dir='ltr' id='par_1_23' title="bbox 1097 2185 1758 2295">
     <span class='ocr_line' id='line_1_66' title="bbox 1098 2185 1758 2232; baseline -0.002 -8"><span class='ocrx_word' id='word_1_303' title='bbox 1098 2185 1758 2232; x_wconf 66' lang='lat' dir='ltr'><em>M1rcellin.)OE1X‚1.&#39;1&#39;om.111</em></span> 
     </span>
     <span class='ocr_line' id='line_1_67' title="bbox 1097 2244 1472 2295; baseline -0.014 -11"><span class='ocrx_word' id='word_1_304' title='bbox 1097 2257 1134 2295; x_wconf 90' lang='lat' dir='ltr'><strong>p</strong></span> <span class='ocrx_word' id='word_1_305' title='bbox 1157 2244 1238 2284; x_wconf 81' lang='lat'><em>284</em></span> <span class='ocrx_word' id='word_1_306' title='bbox 1260 2244 1317 2281; x_wconf 89' lang='lat' dir='ltr'><em>ed.</em></span> <span class='ocrx_word' id='word_1_307' title='bbox 1340 2244 1472 2292; x_wconf 84' lang='lat' dir='ltr'><strong>Wagn.</strong></span> 
     </span>
    </p>

    <p class='ocr_par' dir='ltr' id='par_1_24' title="bbox 1099 2291 1760 2843">
     <span class='ocr_line' id='line_1_68' title="bbox 1156 2291 1758 2351; baseline -0.008 -13"><span class='ocrx_word' id='word_1_308' title='bbox 1156 2298 1426 2351; x_wconf 86' lang='grc' dir='ltr'><em>κατειργνῦσι]</em></span> <span class='ocrx_word' id='word_1_309' title='bbox 1458 2312 1507 2336; x_wconf 87' lang='lat' dir='ltr'><em>sc.</em></span> <span class='ocrx_word' id='word_1_310' title='bbox 1533 2311 1628 2342; x_wconf 91' lang='grc' dir='ltr'><em>τους</em></span> <span class='ocrx_word' id='word_1_311' title='bbox 1653 2291 1758 2346; x_wconf 75' lang='grc' dir='ltr'><em>μάν-</em></span> 
     </span>
     <span class='ocr_line' id='line_1_69' title="bbox 1099 2352 1760 2404; baseline -0.014 -8"><span class='ocrx_word' id='word_1_312' title='bbox 1099 2371 1204 2403; x_wconf 87' lang='grc' dir='ltr'><em>τιας,</em></span> <span class='ocrx_word' id='word_1_313' title='bbox 1244 2368 1336 2404; x_wconf 91' lang='lat' dir='ltr'><strong>quos</strong></span> <span class='ocrx_word' id='word_1_314' title='bbox 1362 2357 1500 2391; x_wconf 84' lang='lat' dir='ltr'><strong>vinctos</strong></span> <span class='ocrx_word' id='word_1_315' title='bbox 1527 2353 1691 2390; x_wconf 80' lang='lat' dir='ltr'><strong>manibus</strong></span> <span class='ocrx_word' id='word_1_316' title='bbox 1721 2352 1760 2388; x_wconf 92' lang='lat' dir='ltr'><em>in</em></span> 
     </span>
     <span class='ocr_line' id='line_1_70' title="bbox 1099 2408 1760 2461; baseline -0.008 -12"><span class='ocrx_word' id='word_1_317' title='bbox 1099 2417 1243 2461; x_wconf 78' lang='lat' dir='ltr'><strong>tergum</strong></span> <span class='ocrx_word' id='word_1_318' title='bbox 1274 2411 1436 2459; x_wconf 77' lang='lat' dir='ltr'><strong>religatis</strong></span> <span class='ocrx_word' id='word_1_319' title='bbox 1463 2422 1599 2458; x_wconf 83' lang='lat' dir='ltr'><strong>oreque</strong></span> <span class='ocrx_word' id='word_1_320' title='bbox 1616 2408 1760 2445; x_wconf 89' lang='lat' dir='ltr'><strong>obstru-</strong></span> 
     </span>
     <span class='ocr_line' id='line_1_71' title="bbox 1100 2463 1760 2505; baseline -0.008 -1"><span class='ocrx_word' id='word_1_321' title='bbox 1100 2473 1158 2505; x_wconf 86' lang='lat' dir='ltr'><em>cto</em></span> <span class='ocrx_word' id='word_1_322' title='bbox 1203 2468 1239 2504; x_wconf 87' lang='lat' dir='ltr'><em>in</em></span> <span class='ocrx_word' id='word_1_323' title='bbox 1277 2468 1397 2504; x_wconf 82' lang='lat' dir='ltr'><strong>media</strong></span> <span class='ocrx_word' id='word_1_324' title='bbox 1433 2469 1615 2503; x_wconf 83' lang='lat' dir='ltr'><strong>sarmenta</strong></span> <span class='ocrx_word' id='word_1_325' title='bbox 1652 2463 1760 2500; x_wconf 90' lang='lat' dir='ltr'><strong>inful-</strong></span> 
     </span>
     <span class='ocr_line' id='line_1_72' title="bbox 1101 2519 1760 2569; baseline -0.008 -9"><span class='ocrx_word' id='word_1_326' title='bbox 1101 2524 1208 2560; x_wconf 81' lang='lat' dir='ltr'><strong>ciunt.</strong></span> <span class='ocrx_word' id='word_1_327' title='bbox 1237 2524 1373 2561; x_wconf 77' lang='lat' dir='ltr'><strong>Moneo</strong></span> <span class='ocrx_word' id='word_1_328' title='bbox 1395 2523 1441 2559; x_wconf 86' lang='lat' dir='ltr'><em>ob</em></span> <span class='ocrx_word' id='word_1_329' title='bbox 1460 2519 1677 2569; x_wconf 58' lang='lat' dir='ltr'><strong>Schweigh„</strong></span> <span class='ocrx_word' id='word_1_330' title='bbox 1696 2519 1760 2568; x_wconf 89' lang='lat' dir='ltr'><em>qui</em></span> 
     </span>
     <span class='ocr_line' id='line_1_73' title="bbox 1104 2575 1760 2626; baseline -0.006 -11"><span class='ocrx_word' id='word_1_331' title='bbox 1104 2580 1139 2616; x_wconf 89' lang='lat' dir='ltr'><em>in</em></span> <span class='ocrx_word' id='word_1_332' title='bbox 1175 2579 1264 2615; x_wconf 79' lang='lat' dir='ltr'><strong>Iex.</strong></span> <span class='ocrx_word' id='word_1_333' title='bbox 1298 2579 1438 2617; x_wconf 84' lang='lat' dir='ltr'><strong>Herod.</strong></span> <span class='ocrx_word' id='word_1_334' title='bbox 1479 2591 1508 2614; x_wconf 86' lang='lat' dir='ltr'><em>s.</em></span> <span class='ocrx_word' id='word_1_335' title='bbox 1550 2590 1584 2614; x_wconf 79' lang='grc' dir='ltr'><em>ν.</em></span> <span class='ocrx_word' id='word_1_336' title='bbox 1613 2575 1760 2626; x_wconf 81' lang='lat' dir='ltr'><strong>supplet</strong></span> 
     </span>
     <span class='ocr_line' id='line_1_74' title="bbox 1103 2631 1761 2685; baseline -0.008 -12"><span class='ocrx_word' id='word_1_337' title='bbox 1103 2631 1322 2684; x_wconf 79' lang='grc' dir='ltr'><em>τουςβοῦς.</em></span> <span class='ocrx_word' id='word_1_338' title='bbox 1354 2634 1532 2685; x_wconf 82' lang='lat' dir='ltr'><strong>Suprall,</strong></span> <span class='ocrx_word' id='word_1_339' title='bbox 1552 2635 1625 2675; x_wconf 88' lang='grc'><em>86·</em></span> <span class='ocrx_word' id='word_1_340' title='bbox 1656 2631 1761 2680; x_wconf 78' lang='grc' dir='ltr'><em>ἐσερ-</em></span> 
     </span>
     <span class='ocr_line' id='line_1_75' title="bbox 1103 2683 1760 2743; baseline -0.006 -15"><span class='ocrx_word' id='word_1_341' title='bbox 1103 2693 1230 2743; x_wconf 78' lang='grc' dir='ltr'><em>γιῦσι.</em></span> <span class='ocrx_word' id='word_1_342' title='bbox 1259 2711 1314 2717; x_wconf 96' lang='grc'>-</span> <span class='ocrx_word' id='word_1_343' title='bbox 1352 2692 1393 2728; x_wconf 91' lang='lat' dir='ltr'><em>ln</em></span> <span class='ocrx_word' id='word_1_344' title='bbox 1415 2703 1520 2740; x_wconf 89' lang='lat' dir='ltr'><strong>seqq.</strong></span> <span class='ocrx_word' id='word_1_345' title='bbox 1543 2689 1668 2738; x_wconf 83' lang='lat' dir='ltr'><strong>scripsi</strong></span> <span class='ocrx_word' id='word_1_346' title='bbox 1690 2683 1760 2725; x_wconf 89' lang='grc' dir='ltr'><em>αυ’-</em></span> 
     </span>
     <span class='ocr_line' id='line_1_76' title="bbox 1103 2740 1760 2799; baseline -0.008 -13"><span class='ocrx_word' id='word_1_347' title='bbox 1103 2762 1183 2786; x_wconf 88' lang='grc' dir='ltr'><em>τωι</em></span> <span class='ocrx_word' id='word_1_348' title='bbox 1210 2751 1247 2784; x_wconf 76' lang='lat' dir='ltr'><em>et</em></span> <span class='ocrx_word' id='word_1_349' title='bbox 1276 2743 1428 2787; x_wconf 84' lang='grc' dir='ltr'><em>τούτων</em></span> <span class='ocrx_word' id='word_1_350' title='bbox 1456 2759 1523 2799; x_wconf 85' lang='lat' dir='ltr'><em>pro</em></span> <span class='ocrx_word' id='word_1_351' title='bbox 1547 2740 1700 2784; x_wconf 69' lang='grc' dir='ltr'><em>αὐτέων</em></span> <span class='ocrx_word' id='word_1_352' title='bbox 1722 2747 1760 2781; x_wconf 86' lang='lat' dir='ltr'><em>et</em></span> 
     </span>
     <span class='ocr_line' id='line_1_77' title="bbox 1103 2801 1283 2843; baseline -0.006 0"><span class='ocrx_word' id='word_1_353' title='bbox 1103 2801 1283 2843; x_wconf 84' lang='grc' dir='ltr'><em>τουτέων.</em></span> 
     </span>
    </p>
   </div>
  </div>
 </body>
</html>
