1863 3256
380 151 466 192 392

782 148 1251 189 IIERODOTI

384 258 603 304 καλέεται·
651 259 697 303 ἐν
728 258 773 302 δὲ
807 257 927 314 αὐτῷ
962 257 1061 311 [pov
1093 257 1270 312 Μητρός
1300 255 1543 309 ἐνίδρυται·
1584 255 1679 298 ste-l

330 415 515 454 Herodoti
548 417 669 451 aetate
703 414 739 449 in
768 412 992 449 Maeotidem

331 473 558 517 influxisset,
589 471 657 507 hoc
676 469 841 517 profecto
862 482 884 505 a
907 469 994 505 scri-

330 535 438 580 ptore
466 525 733 566 accuratissimo
766 524 876 562 fuisse
901 525 996 561 indi-

332 591 472 630 catum,
514 583 575 630 qui
595 581 641 616 de
659 579 841 616 Maeotica
862 581 996 632 palude

332 653 407 678 non
444 637 673 677 adhibuisset
721 648 849 674 vocem
898 636 997 683 ἕλος,

333 697 480 735 minime
498 693 596 730 iIIam
615 692 762 740 quidem
777 695 997 731 convenien-

335 760 432 798 tem,
474 750 540 786 sed
572 748 741 798 λίμνην,
780 754 820 785 ut
843 750 905 797 IV,
931 752 998 791 57.

338 810 430 849 109.
473 806 601 854 Itaque
630 809 727 841 recte
747 804 840 842 Miot
863 807 914 843 sic
944 807 999 843 in-

336 867 583 913 terpretatur:
636 860 698 907 „il
726 874 760 898 se
788 861 878 908 jette
918 874 1001 898 avec

339 921 393 957 luz·
412 918 504 955 dans
522 918 572 954 les
595 918 719 953 memes
738 919 893 961 marais;
906 920 930 938 “
960 922 1003 955 ut

339 982 474 1024 stagna
495 974 721 1024 paludesque
738 975 785 1012 ad
807 975 915 1012 Ponti
928 975 1001 1011 Eu-

341 1033 414 1070 xini
433 1043 515 1068 oras
535 1043 651 1081 prope
671 1031 752 1080 ipsa
764 1031 1003 1079 Borysthenis

339 1095 451 1138 atque
468 1087 661 1137 Hypanios
683 1088 776 1124 ostia
798 1087 1006 1136 intelligan-

340 1154 411 1183 tur.
441 1144 501 1181 Ad
522 1150 775 1192 argumentum
788 1145 883 1182 cons.
895 1145 1004 1182 Dion

342 1202 535 1251 Chrysost.
555 1213 608 1237 or.
627 1201 682 1241 36
708 1201 786 1237 init.
805 1215 844 1252 p.
864 1200 946 1242 437
960 1201 1004 1237 B.

340 1257 526 1295 Mannert.
546 1256 595 1293 IV
614 1269 648 1306 p.
660 1258 756 1298 226.
788 1257 824 1295 T
827 1258 1006 1295 zschucke

342 1315 391 1352 ad
414 1313 501 1351 Mel.
522 1312 545 1350 I.
565 1312 588 1349 I.
607 1317 702 1352 nott.
721 1325 851 1363 exegg.
880 1328 918 1365 p.
939 1316 1006 1360 32,

342 1374 442 1409 recte
487 1374 699 1407 monentem
713 1398 724 1417 ,
790 1371 1007 1408 Herodotea

344 1426 551 1465 confirmari
567 1425 696 1463 Dionis
715 1426 737 1464 I.
757 1426 777 1465 I.
814 1431 851 1464 et
881 1439 1008 1464 recen-

344 1485 478 1521 tiorum
500 1495 648 1532 quoque
666 1484 955 1529 narrationibus,
985 1495 1008 1520 a

343 1540 475 1590 quibus
503 1538 600 1575 lacus
631 1538 690 1576 ille
719 1544 777 1576 sat
793 1540 934 1590 amplus
953 1540 1009 1576 di-

345 1598 440 1633 citur
456 1594 602 1632 Leman.
613 1594 883 1633 —Particulae
903 1610 943 1635 τε
956 1617 1003 1624 -

326 1651 413 1691 καὶ
431 1653 468 1688 in
488 1652 542 1688 his
564 1651 684 1689 verbis
714 1649 860 1704 (ἀγχοῦ
881 1667 928 1691 τε
957 1648 1006 1703 δή

346 1730 402 1739 -
430 1708 516 1747 καί
559 1707 600 1747 οἱ
635 1708 919 1761 συμμίσγεται)
958 1710 1010 1745 ita

348 1765 420 1803 sibi
449 1765 703 1815 respondent,
751 1771 790 1803 ut
817 1766 1010 1803 commode

346 1822 453 1859 reddi
489 1822 634 1872 possint
672 1835 740 1873 per
785 1823 849 1859 ubi
872 1844 928 1851 —--
947 1823 1009 1868 ihi,

349 1879 445 1916 hunc
473 1879 550 1915 sere
583 1879 619 1915 in
650 1879 821 1916 modum:
883 1878 1012 1926 „Ubi

348 1934 445 1972 haud
463 1934 588 1985 procul
611 1949 634 1972 α
657 1938 753 1972 mari
773 1935 1012 1987 Borysthenes

344 1993 456 2043 fluit,
486 1992 550 2028 ibi
569 1993 603 2028 εἰ
620 1994 785 2029 miscetur
804 1992 1012 2043 Hypanis.“

350 2049 408 2085 Cf.
433 2048 496 2096 IV,
522 2050 612 2089 199.
643 2048 724 2086 Nec
745 2051 871 2100 dispar
891 2062 934 2087 ea
954 2061 1014 2086 ra-

347 2106 422 2151 tio,
461 2105 533 2153 qua
566 2105 613 2141 ad
642 2111 787 2156 tempus
808 2107 1014 2144 referuntur

348 2162 521 2210 idemque
542 2162 662 2200 valere
683 2163 871 2210 videntur,
912 2163 1013 2212 quod

351 2214 448 2256 ὅταν
498 2221 535 2255 et
587 2214 693 2262 τότε,
753 2225 792 2256 ut
840 2220 1014 2256 observat

351 2274 560 2322 Schweigh.
579 2276 627 2312 ad
640 2275 701 2322 IV,
719 2278 810 2316 181.
838 2276 934 2313 Add.
948 2275 1012 2321 IV,

356 2330 445 2370 135.
486 2330 556 2377 lII,
585 2333 639 2372 76
660 2332 746 2380 ibiq.
765 2337 839 2368 not.
864 2333 918 2379 V,
945 2334 1011 2373 86.

354 2386 434 2433 VII,
458 2388 520 2425 12.
539 2390 632 2428 217.
664 2388 759 2433 VIII,
780 2389 845 2429 56.
868 2388 1012 2429 6483.

352 2442 474 2479 Minus
496 2448 663 2481 accurate
681 2444 876 2481 Reichard.
900 2458 936 2494 p.
959 2443 1012 2485 45

351 2501 403 2536 ita
439 2499 534 2536 hunc
570 2500 686 2536 Iocum
722 2500 914 2538 vernacule
951 2513 1014 2537 ex-

351 2556 504 2606 pressit:
536 2555 647 2603 „Der
658 2557 908 2606 Borysthenes
927 2556 1014 2605 geht

355 2612 450 2649 nahe
477 2624 525 2648 an
551 2613 617 2649 das
646 2613 751 2650 Meer
777 2613 911 2659 heran,
950 2613 1016 2650 der

356 2668 525 2719 Hypanis
549 2669 584 2705 in
609 2669 807 2706 denselben
832 2670 906 2706 und
928 2670 1017 2718 bey-

357 2726 404 2763 de
434 2725 470 2761 in
499 2724 644 2763 einerlei
671 2726 784 2763 See.“
816 2748 870 2752 —-
901 2722 946 2764 τό
973 2722 1015 2763 ὑὲ

355 2777 500 2832 μεταξύ
522 2804 576 2809 ——
597 2779 796 2830 καλέεται,
847 2781 1017 2832 intelligi-

1051 417 1109 448 tur
1136 416 1257 450 terrae
1283 415 1419 448 tractus
1447 410 1589 448 medius
1617 410 1713 447 inter

1054 474 1247 517 utrumque
1272 469 1420 504 fluvium
1452 468 1489 503 in
1511 479 1610 503 mare
1627 479 1715 516 pro-

1053 538 1202 563 currens
1233 528 1272 562 et
1309 524 1417 561 rostri
1449 524 1497 559 ad
1532 523 1648 560 instar
1678 523 1716 558 in

1054 586 1199 619 acutum
1221 581 1400 618 desinens.
1445 580 1564 629 Supra
1583 579 1611 626 1,
1637 580 1716 619 166

1056 636 1076 677 ὁ
1106 636 1273 688 ἕμβολος
1302 638 1348 675 de
1367 637 1467 673 navis
1496 640 1637 679 rostro;
1669 635 1718 672 de

1055 707 1127 743 quo
1154 695 1248 731 conf.
1273 694 1429 741 Gregor.
1449 693 1534 729 Cor.
1556 692 1602 729 de
1631 690 1715 728 dial.

1057 751 1135 787 Ion.
1155 748 1192 800 ἓ.
1215 752 1293 790 108
1321 764 1355 799 p.
1376 747 1469 790 514.

1115 805 1157 845 ἐν
1200 804 1240 844 ὸὲ
1279 802 1386 857 αὐτῷ
1426 802 1510 855 ἱρὸν
1553 800 1718 854 Μητρὸς

1059 860 1276 913 ἐνίδουται]
1322 862 1439 897 Gaiss.
1463 874 1483 898 e
1506 861 1649 898 duobus
1675 860 1719 896 Ιί-

1059 919 1133 956 bris
1168 918 1352 955 exhibuit:
1397 916 1439 955 ἐν
1476 914 1518 955 δὲ
1553 913 1594 955 τὸ
1631 912 1719 967 ἱρὸν

1063 970 1272 1046 An'mqro'og
1286 973 1503 1023 ἐνίδρυταις
1520 972 1720 1010 Matthiae.

1059 1031 1103 1071 ἐν
1121 1028 1162 1070 ὁὲ
1186 1026 1293 1069 αὐτῶ
1314 1025 1622 1081 ἵοὸνΔημητοος
1641 1028 1721 1068 ἐνί-

1063 1090 1213 1140 δρυται.
1269 1087 1322 1124 Ac
1345 1082 1558 1136 Δημητρος
1589 1086 1723 1136 probat

1063 1157 1212 1194 quoque
1236 1143 1420 1181 Mannert.
1454 1143 1503 1179 1v
1537 1156 1623 1194 pag.
1656 1143 1721 1182 83.

1063 1202 1245 1250 Equidem
1279 1214 1300 1238 e
1332 1201 1524 1246 Mediceo,
1567 1199 1722 1237 Floren-

1062 1258 1160 1304 tino,
1189 1257 1268 1294 aIiis
1289 1257 1416 1294 reduxi
1439 1254 1628 1307 Μητρὸς,
1659 1268 1723 1292 cu-

1063 1315 1118 1351 ius
1139 1315 1253 1364 ipsius
1276 1314 1638 1364 interpretamentum
1658 1311 1725 1349 ha-

1064 1371 1134 1408 beo
1166 1370 1357 1408 lectionem
1388 1365 1624 1421 Δήμητρος,
1671 1369 1726 1405 in-

1062 1431 1202 1465 vectam
1234 1427 1400 1464 nimirum
1422 1427 1469 1464 ab
1491 1440 1557 1473 eo,
1596 1427 1657 1475 qui
1678 1425 1726 1464 de

1065 1484 1209 1521 Graeca
1221 1485 1291 1521 dea
1303 1483 1434 1530 Cerere,
1454 1484 1606 1521 Graecis
1617 1483 1728 1520 Ponti

1065 1540 1197 1578 accolis
1223 1539 1342 1587 culta,
1379 1540 1607 1588 cogitaverit.
1662 1539 1726 1586 At,

1066 1599 1096 1633 si
1125 1597 1213 1646 quid
1239 1597 1368 1643 video,
1406 1597 1464 1634 hie
1491 1596 1727 1646 cogitandum

1066 1654 1114 1690 de
1134 1666 1177 1690 ea
1201 1654 1295 1699 dea,
1325 1665 1421 1702 quae
1440 1654 1548 1690 variis
1570 1652 1729 1690 nomini-

1067 1711 1133 1746 bus
1152 1722 1218 1760 per
1235 1710 1379 1757 Asiam,
1411 1710 1587 1748 minorem
1612 1709 1729 1759 potis-

1067 1767 1217 1813 simum,
1248 1767 1344 1804 culta
1366 1767 1418 1813 (v.
1440 1779 1470 1803 e.
1495 1767 1642 1817 Cyzici3
1666 1766 1730 1810 IV,

1068 1825 1136 1870 76,
1156 1822 1234 1860 aliis
1252 1820 1355 1873 locis)
1375 1823 1461 1861 inde
1480 1824 1518 1860 in
1538 1823 1728 1874 oppositas

1068 1892 1216 1929 quoque
1238 1881 1349 1917 Ponti
1375 1892 1458 1916 oras
1479 1880 1548 1917 fuit
1565 1884 1730 1916 transve-

1068 1941 1139 1973 cta.
1182 1935 1282 1974 Hinc
1302 1937 1379 1973 iure
1397 1936 1543 1973 lectioni
1561 1931 1731 1986 Μητρός

1068 1994 1344 2043 patrocinantur
1378 1992 1551 2030 Koehler.
1590 1992 1729 2039 (Me'rn.

1070 2062 1130 2085 sur
1151 2048 1174 2085 1.
1196 2062 1325 2086 course
1348 2071 1395 2076 -
1409 2049 1535 2088 AchiII.
1557 2062 1593 2099 p.
1616 2049 1732 2096 128),

1069 2110 1182 2154 atque
1201 2107 1370 2143 Creuzer.
1394 2102 1555 2158 (AnnaII.
1580 2104 1732 2143 Heidel-

1070 2163 1197 2211 bergg.
1230 2165 1338 2204 1822
1370 2175 1457 2212 pag.
1488 2164 1595 2203 1236
1623 2162 1732 2210 seq.)‚

1070 2219 1230 2266 Baccho,
1258 2220 1319 2268 qui
1340 2220 1460 2256 Sabos
1480 2218 1623 2265 dicitur,
1642 2217 1730 2254 addi

1071 2288 1223 2313 monens
1254 2277 1328 2312 sive
1357 2276 1530 2312 nutricem
1557 2275 1632 2311 sive
1653 2286 1731 2310 ma-

1070 2336 1160 2369 trem
1211 2332 1369 2382 Hippam
1388 2360 1398 2379 ‚
1458 2343 1553 2379 quae
1601 2331 1733 2367 eadem

1070 2388 1169 2438 apud
1188 2389 1386 2438 Orphicum
1418 2392 1565 2436 poetam
1586 2384 1731 2439 (XLIX

1072 2443 1181 2494 [43],
1209 2444 1254 2493 4)
1277 2444 1423 2493 χθονία
1445 2438 1597 2494 μήτηο,·
1628 2444 1735 2481 inde-

1071 2514 1143 2549 que
1170 2500 1347 2549 Hc'ppulai
1388 2513 1520 2537 nomen
1562 2505 1735 2550 repeten-

1071 2558 1168 2593 dum.
1233 2558 1339 2594 Unde
1372 2570 1459 2594 sane
1489 2556 1659 2605 colligas,
1695 2557 1732 2592 in

1073 2613 1140 2650 hac
1158 2614 1265 2650 Ponti
1284 2626 1349 2649 ora
1361 2613 1567 2662 Olbiaeque
1584 2613 1734 2662 regione

1075 2682 1177 2706 sacra
1197 2670 1374 2718 I'hrygica
1398 2674 1434 2707 et
1454 2669 1635 2707 Thracica
1656 2682 1735 2707 ma-

1074 2730 1154 2763 ture
1175 2727 1380 2763 introducta
1401 2739 1481 2764 esse
1496 2754 1507 2773 ,
1538 2726 1735 2763 coloniam-

1075 2795 1147 2832 que
1170 2782 1205 2820 T
1209 2783 1386 2821 hracicam
1417 2783 1492 2820 sive
1519 2782 1734 2832 Phrygicam
