1863 3256
404 189 487 229 438

794 182 1257 223 HERODOTI

408 294 456 338 τὸ
487 294 532 337 δὲ
562 288 711 347 εὖρος,
750 296 802 347 τῇ
834 291 1067 345 εὐρύτατος
1097 289 1227 339 αὐτὸς
1252 288 1440 337 ἑωυτοῦ,
1488 286 1656 331 στάδιοι

352 462 398 498 sit
417 459 657 508 longitudine,
680 468 774 506 quae
794 458 891 493 recta
906 457 1003 494 Pon-

351 521 429 554 tum
465 514 671 553 secantibus
700 512 851 558 existat,
895 524 1003 561 quam

353 584 449 621 quae
475 582 636 614 orarum,
666 579 758 616 quas
777 567 814 604 in
832 569 1005 617 navigan-

354 629 403 665 do
427 631 567 664 veteres
591 623 742 660 maxime
761 622 894 672 legisse
917 636 1002 661 con-

354 687 446 728 stat,
476 680 648 727 ambages
666 691 738 716 una
757 680 805 716 ad
821 679 915 716 hunc
933 683 1007 716 sta-

354 740 494 775 diorum
531 747 718 772 numerum
760 735 791 772 si
833 735 1008 779 retuleris,

355 793 554 839 efficiatur,
595 791 809 842 praesertim
856 791 888 827 si
929 803 1009 828 eam

355 855 510 895 terram,
548 859 642 896 quae
679 858 774 883 nunc
803 859 825 883 a
854 845 1010 884 Caucasi

356 904 535 942 radicibus
574 902 622 940 ad
650 913 752 940 mare
781 914 898 950 usque
925 914 1011 952 pro—

356 960 483 1006 currit,
516 958 625 996 maris
641 958 750 995 undis
767 957 853 995 olim
877 961 1011 995 tectam

357 1016 468 1053 fuisse
499 1018 651 1052 statuas.
707 1012 788 1051 Nec
813 1014 919 1062 igitur
946 1013 1012 1050 mi-

358 1085 460 1120 rum,
496 1070 597 1120 quod
633 1069 867 1117 Herodotus,
912 1070 1011 1106 cuius

308 1157 310 1160 -
358 1130 501 1174 aetate,
550 1126 748 1174 navigandi
783 1130 860 1163 arte
896 1126 1013 1163 minus

359 1182 520 1229 exculta,
544 1210 547 1211 ν
569 1181 675 1218 litora
711 1181 872 1231 proxime
911 1181 1014 1230 lege-

360 1243 454 1285 rent,
474 1242 610 1276 tantam
631 1238 896 1287 longitudinem
906 1236 1016 1274 Ponti

361 1308 442 1332 esse
469 1295 648 1340 edixerit3
686 1306 764 1331 cum
794 1294 857 1342 qui
887 1297 1016 1344 postea

361 1351 408 1388 de
433 1351 488 1388 his
519 1349 728 1395 retulerint,
757 1362 829 1398 quo
852 1353 1016 1399 tempore

361 1408 432 1444 iam
468 1405 614 1454 longius
650 1417 673 1441 a
709 1409 808 1443 terra
843 1405 1017 1453 navigare

362 1461 632 1512 incoepissent,
670 1461 844 1498 minorem
879 1461 1017 1498 stadio·

363 1530 441 1555 rum
460 1529 648 1554 numerum
667 1518 866 1567 posuerint.
908 1517 1019 1560 Quod

362 1574 459 1610 idem
488 1573 604 1610 teneri
641 1572 717 1609 vult
744 1573 866 1610 Kruse
905 1572 1020 1619 (Aus-

364 1641 470 1666 meSS.
500 1629 534 1664 d.
564 1628 692 1677 Pont.)
721 1640 806 1678 pag.
831 1630 882 1669 13
910 1640 1018 1678 seqq.

367 1686 444 1725 113
468 1684 645 1734 copiosius
663 1685 698 1721 in
717 1684 807 1722 haec
822 1685 1019 1734 inquirens,

365 1753 445 1778 cum
471 1745 612 1778 veteres
644 1753 788 1791 semper
818 1741 1021 1790 navigarint

365 1808 448 1833 oras
473 1808 514 1833 ac
543 1795 665 1833 litoras
693 1796 871 1845 legendo,
901 1796 956 1834 vel
983 1797 1020 1833 in

365 1852 532 1890 minimos
567 1853 664 1889 sinus
697 1853 851 1890 subinde
880 1854 1020 1891 intran-

367 1914 446 1955 tes3
483 1907 584 1957 quod
605 1908 721 1958 ipsum
740 1921 825 1946 vero
846 1921 926 1946 curn
947 1921 1021 1945 non

366 1963 474 2015 plane
521 1963 698 2011 sufficiat,
744 1967 855 2002 noctis
894 1965 1021 2001 itinera

366 2021 411 2058 ab
427 2019 620 2058 Herodoto
641 2020 785 2058 adiecta
803 2033 885 2058 esse
904 2020 1022 2071 suspi-

367 2079 485 2123 catur,
515 2080 556 2113 ut
583 2077 695 2113 maior
725 2076 804 2114 viae
830 2077 1021 2125 longitudo

367 2131 582 2179 efficeretur,
611 2145 693 2169 cum
712 2145 797 2170 vera
817 2132 925 2170 Ponti
943 2131 1023 2169 lon-

368 2188 495 2235 gitudo
542 2189 677 2240 optime
715 2188 905 2227 conveniat
942 2200 1022 2226 cum

368 2243 564 2281 stadiorum
595 2257 765 2293 numero,
797 2245 858 2294 qui
889 2257 909 2282 e
936 2244 1022 2281 solis

369 2298 507 2336 dierum
563 2300 751 2338 itineribus
816 2300 1022 2351 supputatis

368 2353 536 2404 prodeat.
568 2356 673 2398 Quae
693 2357 764 2394 alia
786 2357 894 2394 affert
915 2369 1023 2405 argu-

369 2415 513 2455 menta,
555 2424 575 2448 e
599 2412 706 2448 maris
733 2416 862 2449 natura
891 2413 1022 2461 partim

370 2464 608 2515 deprompta,
630 2479 673 2504 ea
689 2466 745 2504 hic
764 2468 1023 2504 transscribere

370 2519 517 2568 longum
556 2525 631 2566 est·‚
674 2534 830 2571 namque
854 2522 1024 2559 Herodo-

369 2581 447 2622 tus,
500 2589 607 2624 quem
644 2578 772 2615 erroris
821 2578 1023 2627 suspicione

371 2631 521 2669 liberare
549 2633 671 2670 studet
696 2632 836 2678 Kruse,
877 2637 951 2669 tum
985 2633 1022 2669 in

371 2687 613 2737 negligentiae
633 2689 758 2725 vitium
778 2688 946 2726 incidisse
956 2701 1023 2738 pu-

371 2743 503 2781 tandus
523 2744 603 2781 erit.
634 2744 692 2782 Cf.
712 2744 929 2781 Dahlmann.
946 2744 1022 2781 He-

372 2800 489 2836 rodot.
520 2812 604 2850 pag.
625 2802 672 2840 61
709 2805 746 2837 ct
768 2800 920 2838 Rennel.
939 2812 1021 2851 pag.

1060 454 1142 496 464
1171 455 1217 491 de
1237 454 1307 490 situ
1327 466 1470 491 orarum
1489 453 1598 492 Ponti
1621 454 1716 492 eius-

1060 524 1131 560 que
1162 510 1390 558 longitudine
1411 510 1640 547 Herodotum
1657 522 1715 547 re-

1060 572 1118 604 cte
1140 567 1295 603 sensisse
1312 577 1464 614 negans.
1494 566 1565 603 Cui
1585 566 1648 615 qui
1667 566 1718 602 ita

1061 622 1278 673 patrocinari
1298 622 1420 659 studet
1436 621 1652 668 Larcherus,
1679 625 1719 658 ut

1061 679 1203 715 minora
1220 677 1340 714 stadia
1360 678 1568 715 adhibuisse
1586 681 1718 728 putan-

1064 734 1133 771 dus
1159 734 1224 779 sit,
1253 745 1405 780 quorum
1427 733 1590 771 undecim
1608 732 1720 770 millia

1064 793 1224 838 aequent
1242 788 1427 825 CCXXVl
1449 789 1610 826 milliaria
1629 788 1719 825 Gal·

1066 846 1133 882 lica
1162 843 1333 893 (Lieues)
1361 857 1454 893 quae
1473 846 1550 895 ipsa
1570 845 1616 882 sit
1636 856 1721 882 vera

1066 900 1177 937 Ponti
1203 899 1411 948 longitud03
1456 901 1620 950 profecto
1645 911 1719 936 non

1069 956 1182 1002 vidit,
1211 956 1341 993 eadem
1361 956 1503 992 minora
1520 956 1663 1003 stadia,
1691 956 1722 992 si

1067 1013 1107 1049 iu
1149 1011 1376 1060 longitudine
1418 1011 1626 1049 definienda
1659 1023 1723 1048 va·

1069 1069 1186 1114 leant,
1214 1068 1252 1104 in
1280 1066 1424 1116 reliquis
1453 1080 1601 1117 quoque
1622 1079 1724 1105 men-

1069 1124 1161 1160 suris
1193 1122 1337 1160 valeant
1363 1135 1509 1161 necesse
1528 1136 1632 1169 esse,
1659 1135 1722 1161 eo-

1070 1192 1141 1229 que
1171 1179 1253 1230 ipso
1281 1191 1424 1216 omnem
1445 1179 1603 1230 perverti
1622 1191 1724 1217 men-

1072 1248 1236 1272 surarum
1257 1235 1445 1273 rationem.
1481 1235 1722 1284 Herodotum,

1071 1303 1168 1340 quae
1205 1292 1434 1340 cognoverit,
1478 1292 1643 1329 retulisse
1669 1292 1725 1329 in-

1071 1347 1192 1396 deque
1220 1347 1380 1384 excusati
1407 1359 1515 1397 posse
1542 1347 1726 1385 Mannerti

1073 1407 1131 1441 est
1166 1404 1345 1440 sententia
1379 1403 1426 1440 lv
1460 1417 1496 1453 p.
1522 1405 1618 1445 320.
1675 1402 1727 1440 Et

1074 1471 1174 1505 rane,
1192 1459 1272 1496 mea
1290 1459 1438 1508 quidem
1451 1460 1644 1507 sententia,
1666 1471 1727 1497 ex-

1073 1515 1256 1552 cusandus
1277 1515 1344 1552 erit
1364 1514 1514 1561 Noster,
1534 1516 1563 1552 si
1580 1527 1728 1553 accura-

1075 1575 1149 1608 tam
1169 1570 1407 1619 longitudinis
1426 1571 1534 1608 Ponti
1551 1572 1727 1621 cognitio·

1075 1639 1180 1673 nem,
1209 1639 1319 1676 quam
1345 1638 1451 1664 nemo
1487 1639 1573 1665 suae
1599 1632 1638 1666 et
1659 1639 1728 1678 po-

1076 1686 1196 1720 sterae
1232 1683 1362 1720 aetatis
1387 1687 1424 1721 et
1453 1683 1511 1720 vix
1537 1684 1729 1733 quisquam

1075 1742 1203 1776 nostra
1222 1738 1347 1776 habuit
1365 1743 1509 1786 aetate,
1540 1740 1608 1778 sibi
1628 1753 1728 1777 com-

1076 1807 1205 1845 parare
1243 1795 1341 1832 haud
1371 1796 1534 1846 potuerit
1568 1795 1728 1845 indeque

1077 1863 1121 1888 ea
1154 1850 1185 1887 si
1213 1850 1398 1898 retulerit,
1436 1864 1531 1901 quae
1570 1852 1617 1889 ab
1653 1852 1730 1888 aliis

1076 1907 1189 1943 fando
1232 1907 1428 1955 audiisset,
1477 1907 1624 1945 Ionibus
1669 1913 1731 1944 aut

1076 1962 1225 2000 Milesiis
1275 1963 1475 2001 commercii
1516 1975 1624 2001 causa
1664 1963 1732 2001 hoc

1077 2031 1176 2056 mare
1200 2018 1527 2068 perlustrantibus,
1556 2024 1618 2057 aut
1637 2032 1730 2069 quae

1078 2074 1146 2112 sibi
1197 2075 1266 2124 ipsi
1314 2075 1469 2113 maxime
1519 2075 1732 2114 viderentur

1077 2130 1281 2182 probabilia
1295 2130 1452 2186 Pontum
1470 2132 1731 2182 pernaviganti.

1133 2182 1175 2224 τό
1200 2183 1242 2224 δὲ
1265 2187 1441 2238 εὐρος-
1461 2183 1612 2228 στάδιοι
1623 2202 1731 2239 τριη-

1078 2237 1207 2282 κόσιοι
1232 2241 1298 2280 καὶ
1317 2241 1543 2293 τρισχίλιοι]
1574 2239 1732 2293 τριηκό-

1080 2310 1159 2338 σιοι
1206 2311 1296 2336 unus
1338 2299 1519 2337 Sancrosti
1559 2298 1649 2337 liber
1687 2311 1731 2336 ex

1080 2354 1354 2399 emendatione3
1384 2355 1427 2391 cf.
1451 2353 1522 2400 lv,
1553 2356 1620 2396 86.
1656 2354 1732 2392 Re-

1078 2409 1165 2458 liqui
1195 2404 1403 2458 διηκόσιοι.
1445 2409 1621 2459 Breigero
1641 2410 1731 2447 alio-

1077 2478 1155 2502 rum
1178 2465 1388 2515 scriptorum
1415 2465 1461 2502 dc
1481 2466 1589 2503 Ponti
1612 2466 1730 2504 latitu-

1078 2521 1164 2557 dine
1197 2520 1424 2567 testimonia,
1462 2521 1508 2558 ab
1537 2522 1731 2560 Herodoto

1082 2588 1154 2614 non
1165 2576 1362 2613 admodum
1375 2576 1647 2625 discedentium,
1657 2578 1732 2616 col-

1081 2632 1206 2680 ligenti
1232 2631 1253 2668 l.
1273 2631 1295 2668 l.
1329 2632 1470 2670 videtur
1487 2647 1561 2673 non
1583 2634 1689 2673 valde
1710 2648 1732 2673 a

1078 2700 1163 2725 vero
1185 2687 1371 2726 aberrasse
1388 2688 1546 2738 Noster,
1579 2703 1690 2740 quum
1710 2703 1731 2728 e

1079 2743 1248 2782 Danvillii
1288 2745 1427 2782 ratione
1467 2746 1575 2788 8375
1613 2747 1731 2784 stadia

1080 2800 1216 2837 minora
1271 2800 1437 2852 expleant
1488 2803 1731 2848 latitudinem,

1837 995 1839 1007 1

1837 1019 1839 1035 l

1838 1037 1839 1049 i
