1863 3256
465 96 1155 140 MELPOMENE.1V.

1357 103 1437 142 321

175 215 248 258 καὶ
276 212 434 270 θήλεαι
466 209 650 266 ὁμοίως,
690 207 766 252 καὶ
803 206 947 262 σιμοὶ,
995 206 1070 250 καὶ
1098 205 1243 261 γένεια
1273 207 1442 262 ἔχοντες

176 282 362 341 μεγάλα·
407 280 560 337 φωνὴν
591 280 636 323 δὲ
664 280 782 336 ἰδίην
811 278 964 329 ἱέντες·
1005 277 1157 334 ἐσθῆτι
1187 278 1233 321 δὲ
1258 275 1441 334 χρεώμε-

148 363 254 399 3νοι
283 355 512 410 Σκυθικῇ·
556 355 708 405 ζῶντες
738 351 785 395 δὲ
819 349 905 394 ἀπὸ
937 347 1166 404 δενδρέων.
1227 348 1442 393 ποντικὸν
1502 362 1576 401 291

120 540 220 578 Mela
252 551 293 575 ac
310 538 448 575 Plinius
477 538 499 575 Ι.
520 538 542 577 l.
573 537 617 578 ἐκ
643 541 783 590 γενεῆς

121 597 251 634 eodem
283 595 392 632 modo
425 595 519 632 infra
538 595 600 640 ΙΙΙ,
625 598 703 643 33;
744 601 783 632 ut

121 652 266 690 minime
292 664 405 701 opus,
436 664 456 689 e
480 651 695 690 Florentino
721 667 782 690 co·

123 710 203 746 dice
224 719 403 757 reponere
425 707 466 748 ἐκ
491 711 663 759 γενετῆς.
696 709 782 746 Cal-

121 765 198 802 vitii
240 776 406 812 causam,
446 777 557 814 quarn
595 766 781 803 Zenobius

121 822 168 868 V,
190 820 242 861 25
261 822 309 857 ad
328 834 480 870 aquam,
510 834 582 871 qua
602 823 781 870 fruantur,

121 878 256 923 reiicit,
293 877 424 916 Ritter.
453 878 659 917 Erdkunde
683 880 715 916 ll
748 893 783 930 p.

124 936 206 976 892
229 946 305 983 seq.
337 934 510 975 Vorhallc
527 948 612 985 pag.
635 938 718 977 292
739 949 783 973 ex

123 1005 167 1029 eo
184 1003 284 1028 more
297 992 445 1041 repetit,
470 1004 543 1040 quo
556 1005 622 1042 per
637 1005 782 1030 omnem

124 1048 300 1085 orientem
317 1049 525 1085 sacerdotes
541 1049 783 1098 antiquissimi

122 1103 302 1141 Buddhae
338 1109 447 1154 caput
487 1106 643 1142 tondere
684 1105 783 1142 soliti

123 1160 268 1197 fuerint.
319 1159 415 1197 Nam
446 1160 675 1212 Argippaeos
714 1174 782 1212 pro

124 1216 342 1253 sacerdotali
380 1217 479 1254 tribu
504 1217 549 1254 ab
584 1231 627 1255 eo
657 1218 783 1256 haberi

124 1273 234 1311 modo
263 1273 426 1310 vidimus.
488 1273 565 1311 Sed
595 1275 782 1324 quomodo

124 1330 215 1367 haee
252 1342 331 1367 cum
360 1329 541 1367 Herodoti
578 1332 698 1369 verbis
731 1330 783 1370 ἐκ

125 1403 147 1440 y
159 1400 175 1425 ε
188 1400 210 1425 ν
223 1400 238 1425 ε
250 1387 279 1437 ἦ
289 1401 308 1433 ς
355 1382 559 1438 γενόμενοι
605 1388 785 1425 conciliari

126 1448 282 1493 queant,
312 1444 482 1493 equidem
506 1457 579 1481 non
602 1450 783 1496 exputem.

125 1500 185 1536 Ad
213 1498 327 1536 Sinae
356 1500 490 1538 incolas
524 1501 698 1539 retulerat
727 1501 785 1539 De

128 1556 295 1605 Guignes
325 1556 348 1593 l.
380 1556 402 1594 1.
435 1569 520 1607 pag.
554 1558 647 1598 553.
705 1557 786 1595 Nos

127 1626 208 1649 cum
229 1612 305 1649 aliis
335 1614 381 1651 de
402 1613 598 1651 Calmuccis
625 1615 787 1664 cogitare

126 1668 322 1707 malumus:
363 1682 458 1719 quae
480 1671 608 1708 eadem
632 1678 689 1708 est
706 1684 789 1709 sen-

127 1727 243 1763 tentia
272 1725 506 1764 Maltebrunii
548 1726 717 1777 (Annali.
750 1728 787 1764 d.

129 1781 269 1831 Voyag.
294 1782 409 1834 Ipag.
431 1784 532 1830 372)
546 1785 788 1830 observantis,

127 1839 325 1876 monachos
360 1840 633 1878 Calmuccorum
670 1842 789 1891 (ghe-

129 1895 236 1944 longs
264 1898 465 1943 vocantur)
504 1897 688 1947 integrum
722 1898 789 1934 sibi

129 1956 239 2002 caput
262 1954 394 1990 radere
424 1954 599 2004 ipsosque
628 1955 788 1992 infantes

129 2009 336 2047 sacerdotio
355 2010 556 2048 destinatos
570 2011 650 2049 radi
666 2010 790 2049 simul-

129 2069 240 2115 atque
260 2068 497 2117 provenerint
519 2066 648 2118 capilli.

168 2121 236 2161 καὶ
256 2122 378 2174 σιμοὶ,
399 2123 466 2163 καὶ
487 2122 617 2175 γένεια
637 2124 790 2175 ἔχοντες

131 2175 302 2232 μεγάλα]
352 2180 374 2217 ἰ.
397 2193 434 2218 e.
475 2183 559 2218 simo
591 2185 674 2218 sunt
704 2195 791 2218 naso

130 2239 309 2287 mentoque
346 2237 514 2286 oblongo,
572 2238 648 2276 sive
684 2252 791 2289 prae-

132 2292 251 2341 longo.
274 2293 374 2332 Nos:
393 2294 487 2340 „Sie
497 2295 611 2331 haben
623 2295 791 2346 Stumpf-

132 2362 240 2386 nasen
274 2351 349 2387 und
383 2353 439 2388 ein
477 2352 604 2401 langcs
638 2352 790 2398 Kz'nn,“

134 2406 224 2452 sive,
239 2412 279 2443 ut
290 2407 462 2446 Heerenii
482 2413 564 2445 utar
583 2410 702 2446 verbis
717 2409 738 2447 l.
752 2409 790 2456 l.,

134 2460 226 2508 „Sic
251 2463 363 2501 haben
390 2465 635 2513 ez'11gedriickte
665 2464 791 2504 Nasen

135 2518 211 2554 und
229 2531 348 2567 grosse
369 2520 637 2559 Kinnbaclcenf‘
687 2524 794 2566 Quae

138 2574 185 2611 (le
210 2575 407 2614 Calmuccis
431 2580 618 2629 aptissime
639 2579 709 2616 dici
731 2592 794 2617 ne-

138 2643 197 2667 mo
217 2644 290 2668 non
309 2633 419 2671 videt.
466 2636 589 2679 Quare
610 2636 707 2672 haud
732 2648 793 2673 ac-

137 2688 268 2724 cedere
289 2701 434 2737 possum
451 2692 499 2727 ad
513 2692 795 2741 Schweighaeu-

137 2745 207 2781 seri
227 2743 458 2794 opinionem,
487 2748 569 2796 qui,
597 2753 796 2799 postquam

188 2800 400 2840 Hnnonow.
429 2802 476 2841 Π.

840 539 938 589 prius
959 535 1007 577 τὰ
1029 537 1160 591 γένεια
1188 539 1235 576 de
1262 542 1374 576 mento
1391 540 1504 577 inter-

839 599 1004 645 pretatus
1043 600 1140 642 erat,
1180 600 1312 645 postea
1341 596 1378 632 in
1409 595 1502 634 Lex.

840 652 981 689 Herod.
1001 665 1028 688 s.
1042 665 1077 689 v.
1095 652 1292 690 videndum
1316 665 1396 690 esse
1417 653 1504 690 scri-

839 709 915 754 bit,
958 721 1005 746 ne
1033 709 1162 745 barbas
1178 709 1344 758 prolixas
1367 709 1424 746 hic
1446 709 1502 746 di-

839 765 930 802 xerit
959 770 1109 813 auctor,
1152 778 1226 815 quo
1264 765 1380 815 magis
1410 766 1501 803 mira

839 822 937 859 soret
957 834 1035 868 res,
1076 823 1175 872 quod
1204 824 1324 872 capita
1353 822 1501 870 quidem

841 878 964 925 calva,
1007 880 1072 916 sed
1099 879 1265 930 prolixas
1293 879 1340 915 illi
1367 879 1504 917 habue-

841 936 916 972 rint
947 936 1088 973 barbas.
1145 934 1268 984 Atque
1296 936 1348 972 sic
1379 934 1503 987 μέγαν

840 987 1015 1043 πώγωνα
1038 994 1084 1029 de
1100 991 1246 1042 prolixa
1269 992 1381 1028 barba
1404 992 1504 1030 inve-

840 1048 909 1084 niri
927 1049 958 1094 Ι,
982 1048 1071 1089 175.
1103 1048 1292 1092 vl11,1o4
1310 1049 1406 1085 idem
1424 1062 1504 1085 mo-

838 1108 911 1141 net.
963 1105 1039 1142 Sed
1072 1104 1141 1142 hoc
1177 1104 1257 1141 loco
1295 1103 1425 1156 γὲνεια
1455 1106 1503 1143 de

840 1161 952 1196 barba
1011 1174 1098 1197 num
1158 1160 1315 1210 intelligi
1371 1162 1504 1211 possit,

839 1229 1062 1266 quamquam
1096 1218 1147 1254 sic
1171 1218 1331 1267 positum
1360 1218 1504 1255 videtur

838 1273 913 1320 Vl,
937 1276 1039 1319 117,
1077 1274 1246 1323 equidem
1267 1274 1503 1312 vehementer

840 1330 983 1378 dubito,
1004 1343 1072 1368 nec
1090 1330 1198 1368 ullam
1217 1331 1324 1368 video
1343 1343 1504 1379 causam,

841 1400 905 1425 cur
938 1400 959 1424 a
993 1387 1159 1436 vulgata,
1206 1399 1316 1436 quam
1362 1392 1507 1425 secutus

843 1457 920 1481 sum
932 1473 944 1490 ‚
986 1444 1290 1494 interpretatione
1309 1444 1509 1481 discedam.

842 1500 1077 1538 Mannertum
1098 1501 1149 1537 lv
1170 1514 1207 1550 p.
1235 1503 1314 1542 110
1343 1502 1510 1549 ingentia

843 1558 994 1594 membra
1006 1557 1130 1594 virilia
1142 1556 1199 1594 hic
1216 1556 1370 1605 intelligi
1388 1557 1512 1595 existi-

846 1621 1004 1652 mantem
1024 1615 1170 1650 minime
1191 1614 1425 1651 morabimur.

904 1668 1047 1721 φωνήν
1072 1667 1114 1709 δὲ
1138 1670 1247 1720 ἰδίην
1271 1668 1409 1720 ἱέντες]
1431 1671 1451 1707 i.
1473 1683 1505 1708 e.

842 1729 1011 1779 propria,
1046 1727 1229 1778 peculiari
1259 1730 1410 1763 utuntur
1437 1727 1510 1764 lin-

845 1798 922 1833 gua
955 1797 1073 1833 eaque
1106 1785 1216 1833 igitur
1240 1784 1385 1821 diversa
1407 1796 1430 1821 a
1450 1797 1509 1821 re-

844 1841 1027 1891 liquorum
1040 1841 1254 1891 Scytharum
1273 1840 1409 1890 lingua,
1428 1840 1511 1890 qui-

847 1899 937 1945 bus,
979 1903 1019 1934 ut
1047 1898 1082 1934 in
1105 1897 1207 1944 aliis,
1247 1898 1298 1934 ita
1318 1898 1355 1934 in
1378 1898 1509 1935 vestitu

847 1960 932 1992 sunt
953 1954 1099 1992 similes.
1132 1953 1191 1990 Ad
1208 1954 1397 2000 Sinenses,
1418 1966 1511 2003 quo-

846 2025 925 2049 rum
956 2010 1082 2060 lingua
1103 2015 1282 2060 quantum
1309 2023 1330 2047 a
1360 2009 1510 2060 reliquis

848 2073 885 2106 et
909 2068 1015 2106 Asiae
1034 2072 1071 2105 et
1090 2067 1263 2117 Europae
1279 2067 1410 2116 linguis
1441 2067 1508 2104 ab-

847 2125 996 2162 horreat
1022 2137 1131 2161 ncmo
1158 2125 1295 2171 nescit,
1333 2124 1424 2161 haec
1452 2136 1511 2161 re-

847 2182 920 2219 fert
949 2180 1008 2218 De
1038 2181 1205 2230 Guignes
1236 2180 1258 2217 l.
1291 2179 1315 2219 l.
1358 2180 1438 2218 Nos
1462 2181 1511 2217 ad

849 2238 1085 2284 Calmuccos,
1130 2242 1168 2274 ut
1208 2237 1370 2287 reliqua,
1415 2250 1510 2287 quae

848 2295 905 2332 hic
926 2299 1163 2342 enarrantur,
1194 2295 1394 2332 referimus.

907 2353 1048 2398 ζῶντες
1091 2348 1133 2389 δὲ
1174 2345 1251 2389 α’πὸ
1288 2348 1509 2402 δενδρέων]

847 2408 985 2446 Refero
1002 2408 1074 2445 huc
1085 2408 1252 2444 alimenta
1269 2408 1394 2444 baccae
1411 2407 1511 2457 apud

850 2465 985 2503 Melam
1015 2478 1056 2502 ac
1077 2464 1231 2502 Plinium
1252 2464 1273 2501 l.
1294 2464 1315 2500 l.
1366 2464 1418 2501 Ac
1450 2476 1512 2499 ve-

850 2522 1053 2571 getalibus,
1084 2534 1179 2571 quae
1211 2522 1398 2567 dicuntur,
1433 2519 1512 2555 uuis

851 2579 1127 2616 Calmuccorum
1139 2578 1335 2614 monachos
1353 2577 1445 2613 vesci
1459 2580 1513 2611 te-

851 2640 967 2673 statur
984 2635 1204 2673 Maltebrun.
1233 2634 1253 2670 l.
1285 2645 1394 2682 supra
1415 2631 1512 2667 laud.

908 2690 1099 2731 ποντικόν
1139 2688 1210 2740 μὲν
1257 2685 1412 2738 οὕνομα
1457 2688 1514 2738 τῷ

853 2747 1038 2801 δενδρέῳ]
1083 2747 1159 2794 „Si
1188 2745 1343 2795 corylum
1363 2743 1512 2795 [Hasel-
