1863 3256
446 213 530 253 2:34

417 319 682 377 δέξεχιόρησε
719 321 766 364 ἐκ
795 325 882 365 τῶν
912 321 1105 376 ἄρθρων.

843 212 1310 252 HERODOTI

1170 325 1358 378 νομίζων
1385 321 1430 365 ὁὲ
1462 322 1534 365 καὶ
1564 323 1712 376 πρότε·

444 407 526 446 ρον
563 392 661 446 περὶ
701 391 867 435 ἑωυτὸν
908 393 1016 448 ἔχειν
1053 395 1303 448 Αἰγυπτίων
1342 392 1445 443 τούς
1485 393 1767 445 δοκέουταςιὸ

445 460 558 506 εἶναι
586 464 786 518 πρώτους
815 462 893 518 τήν
920 463 1137 520 ἰητρικὴν,
1168 463 1363 507 τούτοισι
1385 464 1546 520 ἐχρῆτο.
1589 466 1631 506 οἱ
1651 465 1709 516 oz,
1777 483 1858 524 263

445 538 748 591 στρεβλοῦντες
778 534 850 576 καὶ
886 533 1093 589 βιώμενοι
1126 533 1204 577 τόν
1242 533 1376 587 πόδα,
1418 534 1556 578 κακόν
1585 535 1714 590 μέζον

416 605 691 660 4ἐργάζοντο.
749 602 819 647 ἐπ’
860 603 964 647 ἑπτὰ
1002 604 1081 659 μὲν
1119 604 1172 660 ὁὴ
1209 604 1371 660 ἡμέρας
1400 607 1472 650 καὶ
1503 606 1609 650 ἑπτά
1638 606 1714 651 νύ-

445 693 548 726 κτας
585 674 673 717 ὑπὸ
713 678 792 717 τοῦ
832 672 1073 729 παρεόντος
1109 680 1249 720 κακοῦ
1288 674 1311 720 ὁ
1342 682 1530 732 Δαρεῖος
1568 678 1711 734 ἀγρυ-

444 748 594 801 πνίῃσι
635 747 767 800 εἴχετο
782 760 790 767 ·

857 749 909 801 τῇ
950 746 995 788 δὲ
1035 746 1088 802 δὴ
1131 746 1265 804 ὀγδόῃ
1303 748 1441 806 ἡμέρῃ
1483 750 1622 805 ἔχοντί
1669 751 1712 793 οἱ

443 814 675 872 φλαύρως,
706 815 993 870 παρακούσας
1019 834 1082 867 τις
1110 816 1328 871 πρότερον
1358 819 1418 862 ἔτι
1448 820 1495 863 ἐν
1524 821 1711 876 Σάρδισι
1725 829 1768 862 ΞΟ

440 893 522 932 τοῦ
552 886 866 944 Κροτωνιήτεω
895 886 1176 943 Δημοκήδεος
1205 887 1283 944 τὴν
1311 889 1487 946 τέχνην,
1519 889 1711 948 ἀγγέλλει

386 1038 540 1072 notante
558 1034 712 1072 wessel.
726 1063 736 1082 ,
766 1033 838 1072 Dio
859 1034 1048 1083 Chrysost.

387 1092 451 1128 Or.
476 1091 561 1128 XIV
580 1104 615 1141 p.
636 1093 731 1137 231,
753 1091 795 1127 B.
821 1090 992 1127 Lxxvn
1011 1104 1050 1141 p.

386 1147 468 1189 652
490 1147 533 1184 E.
580 1148 815 1196 Significatur
844 1153 966 1184 autem
987 1161 1048 1183 ar-

386 1208 484 1241 tuum
505 1203 701 1252 laxatum,
740 1217 835 1254 quae
857 1204 941 1241 alibi
960 1205 1048 1241 dici-

384 1266 444 1298 tur
459 1258 605 1312 ἐκβολή
626 1263 698 1302 τοῦ
720 1258 892 1313 ὄρθρου,
924 1263 1009 1298 ossis
1031 1274 1047 1297 e

384 1318 456 1354 loco
485 1331 546 1354 suo
572 1320 696 1364 motio,
746 1323 785 1355 ut
814 1330 847 1353 v.
877 1331 906 1354 c.
946 1318 1044 1368 apud

383 1374 480 1412 l‘lut.
511 1375 558 1412 de
578 1376 760 1425 superstit.
784 1386 868 1424 pag.
892 1374 971 1413 164
989 1374 1045 1421 E.‚

382 1431 445 1468 ubi
473 1431 662 1480 Wyttenb.
690 1432 726 1468 in
758 1430 1044 1468 animadversio-

384 1488 491 1525 nibus
509 1501 543 1538 p.
568 1490 663 1534 999,
692 1487 875 1525 Herodoti
897 1492 934 1524 et
951 1487 1043 1524 Dio-

375 1544 440 1584 ‚nis
471 1558 543 1581 non
568 1545 776 1591 immemor,
816 1544 989 1581 Foesium
1008 1544 1044 1580 in

383 1601 521 1638 oecon.
551 1601 725 1651 Hippocr.
763 1606 800 1638 et
832 1601 970 1651 Upton.
1007 1601 1044 1637 in

381 1657 504 1695 Indice
529 1657 689 1708 Epictet.
727 1670 754 1694 s.
776 1670 808 1695 v.
841 1653 1046 1708 ἐκβάλλειν

379 1714 515 1751 laudat.

439 1770 676 1821 Αἰγυπτίων
706 1767 800 1817 τούς
835 1767 1045 1816 δοκέοντας

380 1843 417 1866 κ.
434 1842 466 1865 τ.
488 1825 536 1877 λ.]
568 1828 704 1864 Persae
726 1840 835 1876 quum
856 1826 955 1863 nulia
975 1840 1044 1864 un-

380 1897 490 1934 quam
523 1885 609 1921 artis
634 1884 796 1921 medicae
821 1883 952 1934 peritia
979 1895 1042 1920 va-

378 1941 518 1987 lerent,
567 1954 611 1978 ex
651 1953 725 1989 quo
770 1945 937 1989 tempore
976 1953 1042 1990 per

378 1998 599 2047 Cambysem
619 1995 813 2046 Aegyptus
832 1997 951 2034 Persis
979 2009 1040 2032 co-

377 2055 482 2102 gnita
500 2058 537 2091 et
556 2067 669 2102 regno
690 2054 815 2090 addita
836 2054 924 2101 suit,
958 2052 1040 2090 hinc

376 2110 536 2148 medicos
565 2123 649 2147 suos
682 2110 831 2160 petiisse
857 2110 1037 2147 videntur.

376 2166 474 2204 Nam
494 2166 687 2216 Aegyptus
708 2167 858 2214 singulis
877 2166 1039 2214 singulos

376 2224 540 2272 corporis
558 2224 724 2273 partibus
744 2223 941 2260 adhibebat
963 2236 1039 2260 mc-

378 2279 494 2325 dicos,
524 2280 693 2317 medendi
713 2279 850 2316 scilicet
869 2284 946 2317 arte
959 2293 1038 2316 cum

380 2337 599 2384 astrologia,
644 2349 738 2385 quac
764 2337 912 2383 dicitur,
951 2349 1039 2373 con-

378 2392 519 2437 iuncta3
559 2405 667 2441 quam
688 2406 762 2430 reru
783 2394 970 2441 attigimus
991 2394 1038 2429 ad

380 2448 433 2494 ΙΙ,
464 2449 529 2488 84.
589 2450 675 2485 inde
701 2449 872 2498 Aegyptii
909 2450 1039 2486 medici

379 2516 468 2554 prae
488 2506 640 2541 caeteris
658 2508 735 2541 arte
754 2507 915 2552 insignes
928 2506 1041 2542 samin-

381 2573 455 2609 que
475 2560 642 2597 celebrati
664 2573 744 2598 esse
768 2562 950 2607 videntur,
982 2574 1040 2598 us-

382 2629 454 2666 que
486 2617 596 2664 dum,
637 2617 750 2654 Dario
785 2630 872 2665 rege
903 2618 1039 2668 quippe

382 2672 476 2711 male
512 2678 693 2720 tractato,
744 2674 873 2711 Graeci
913 2674 1042 2710 medici

383 2741 506 2766 eorum
528 2730 564 2766 in
582 2730 697 2767 locum
718 2731 962 2767 succederent.
1002 2730 1042 2766 id

384 2786 484 2835 quod
504 2799 570 2836 per
585 2786 830 2824 Democedem
858 2786 908 2822 ita
925 2787 1040 2837 potis-

381 2842 510 2880 simum
552 2843 663 2881 fuisse
695 2843 890 2888 effectum,
936 2842 1042 2880 valde

1107 1034 1149 1071 fit
1165 1034 1363 1084 probabile.
1406 1035 1466 1072 Tu
1486 1037 1580 1073 conf.
1601 1037 1766 1075 Brissou.

1104 1090 1126 1127 l.
1147 1090 1170 1128 l.
1191 1091 1205 1127 I
1234 1088 1270 1141 ἓ.
1293 1093 1387 1133 232.
1410 1094 1513 1139 233,
1545 1093 1623 1130 coll.
1645 1093 1766 1131 Vaies.

1106 1152 1143 1184 et
1189 1147 1438 1197 Lindenbrog.
1496 1150 1544 1186 ad
1588 1149 1766 1187 Ammian.

1104 1203 1263 1241 Marcell.
1294 1204 1395 1241 ΧΧΙΙ
1410 1233 1420 1251 ,
1465 1208 1527 1246 16.
1559 1227 1611 1233 -—
1671 1206 1767 1244 Kurt

1103 1260 1296 1310 Sprengel.
1358 1263 1630 1312 pragmatische
1687 1264 1764 1301 Ge-

1103 1317 1263 1355 schichte
1283 1318 1319 1354 d.
1339 1317 1448 1356 Arzn.
1469 1325 1537 1356 etc.
1554 1319 1596 1357 T.
1618 1319 1632 1356 1
1649 1332 1684 1370 p.
1698 1323 1764 1362 79.

1160 1374 1436 1424 στρεβλοῦντες
1475 1374 1541 1414 καὶ
1573 1371 1764 1426 βιώμενοι

1101 1426 1172 1468 τόν
1192 1426 1312 1480 πόδα]
1335 1432 1356 1468 i.
1372 1445 1403 1468 e.
1424 1435 1620 1482 torquentes
1632 1433 1765 1482 perlem,

1102 1488 1238 1537 vimque
1258 1486 1465 1537 inferentes,
1506 1496 1548 1525 ut
1569 1488 1704 1528 scilicet
1726 1490 1764 1527 in

1102 1550 1239 1581 rectum
1271 1551 1402 1580 statum
1437 1546 1670 1594 redigerent,
1707 1545 1765 1585 ἕλ-

1103 1615 1240 1647 κοντες
1275 1600 1340 1638 καὶ
1374 1597 1598 1652 βιαζόμενοι
1624 1599 1666 1642 τὸ
1695 1599 1763 1655 ἅρ-

1103 1661 1223 1708 θρον,
1255 1661 1294 1694 ut
1315 1657 1365 1693 ait
1382 1658 1455 1695 Dio
1469 1658 1764 1707 Chrysostomus,

1103 1714 1165 1762 qui
1202 1714 1315 1760 haec,
1365 1719 1540 1753 monente
1577 1715 1764 1764 Valckeu.,

1099 1769 1122 1807 l.
1142 1770 1164 1807 Ι.
1187 1771 1322 1819 attigit.

1160 1822 1402 1881 ἄγρυπνίῃσι
1428 1826 1564 1878 εἴχετο]
1604 1828 1629 1865 i.
1651 1841 1682 1866 e.
1705 1831 1762 1865 in—

1099 1883 1235 1920 ,ςοηιηιίῖ
1257 1884 1455 1932 laborabat,
1480 1898 1507 1921 s.
1523 1885 1760 1935 premebatur.

1099 1940 1161 1977 Tu
1182 1942 1317 1977 confer.
1341 1941 1377 1987 1,
1409 1944 1499 1982 190.
1524 1941 1588 1988 ΙΙΙ,
1621 1943 1688 1988 50,
1714 1955 1761 1979 ne

1097 1996 1211 2047 plura.
1254 1997 1333 2034 Alia
1354 1998 1457 2034 dabit
1479 1997 1692 2034 Stahbaum.
1712 1998 1761 2034 ad

1097 2053 1240 2090 Platon.
1271 2053 1407 2090 Phileb.
1436 2052 1471 2104 ἓ.
1495 2055 1549 2095 98
1577 2067 1612 2104 p.
1635 2056 1714 2094 137
1737 2066 1760 2091 a

1098 2109 1164 2147 Cr.
1183 2110 1369 2147 excitatus.

1153 2162 1435 2216 παρακούσας]
1514 2163 1759 2218 παρακούειν

1097 2225 1205 2260 obiter
1221 2224 1370 2267 auclire5
1400 2228 1486 2274 post
1504 2225 1658 2264 Cattier.
1679 2225 1758 2261 Ga-

1096 2280 1282 2330 zophylac.
1333 2292 1417 2330 pag.
1465 2282 1519 2321 93
1569 2280 1759 2317 illustravit

1095 2336 1286 2374 Fritzsche
1317 2338 1469 2379 Quaest.
1499 2335 1608 2375 Luce.
1630 2350 1665 2386 p.
1694 2336 1758 2376 15.

1152 2395 1223 2431 τοῦ
1258 2388 1542 2442 Κροτωνιήτεω
1567 2388 1759 2443 Δημοκή-

1098 2448 1202 2498 δεος]
1242 2449 1282 2485 1η
1304 2448 1433 2486 Dionis
1454 2448 1533 2484 loco
1556 2448 1577 2487 Ι.
1603 2455 1758 2498 utroque

1097 2505 1155 2542 ille
1191 2505 1321 2541 dicitur
1358 2501 1608 2554 Δημοδόκος,
1657 2506 1757 2554 quod

1096 2562 1286 2607 nimirum,
1317 2564 1356 2597 ut
1378 2566 1476 2597 recte
1497 2561 1629 2598 iudicat
1650 2562 1758 2610 wyt-

1098 2617 1265 2653 tenbach.
1287 2618 1333 2652 ad
1346 2616 1438 2652 Plut.
1462 2616 1555 2653 Mor.
1578 2619 1591 2653 1
1613 2631 1648 2668 p.
1663 2619 1758 2665 550,

1099 2687 1120 2710 c
1147 2674 1411 2710 Socraticorum
1445 2673 1601 2711 lectione
1631 2674 1756 2711 Demo-

1101 2729 1180 2766 doci
1202 2742 1332 2767 nomen
1353 2729 1462 2766 Dioni
1493 2731 1615 2768 notius
1637 2731 1756 2778 suerit,

1100 2798 1207 2835 quam
1239 2786 1462 2833 Democedis,
1515 2791 1553 2824 ut
1578 2791 1677 2826 recte
1698 2786 1756 2824 ille

1098 2842 1304 2894 appellatur
1341 2843 1387 2881 ab
1425 2843 1643 2893 Herodoto,
1688 2842 1755 2881 Ti-
