<?xml version="1.0" encoding="UTF-8"?>
<!DOCTYPE html PUBLIC "-//W3C//DTD XHTML 1.0 Transitional//EN"
    "http://www.w3.org/TR/xhtml1/DTD/xhtml1-transitional.dtd">
<html xmlns="http://www.w3.org/1999/xhtml" xml:lang="en" lang="en">
 <head>
  <title>
</title>
<meta http-equiv="Content-Type" content="text/html;charset=utf-8" />
  <meta name='ocr-system' content='tesseract 3.04.00' />
  <meta name='ocr-capabilities' content='ocr_page ocr_carea ocr_par ocr_line ocrx_word'/>
</head>
<body>
  <div class='ocr_page' id='page_1' title='image "./musaeher02hero/musaeher02hero_0163.png"; bbox 0 0 1946 3272; ppageno 0'>
   <div class='ocr_carea' id='block_1_1' title="bbox 8 35 29 2415">
    <p class='ocr_par' dir='ltr' id='par_1_1' title="bbox 8 35 29 2415">
     <span class='ocr_line' id='line_1_1' title="bbox 8 35 29 2415; baseline 0 0"><span class='ocrx_word' id='word_1_1' title='bbox 8 35 29 2415; x_wconf 95' lang='lat' dir='ltr'><strong> </strong></span> 
     </span>
    </p>
   </div>
   <div class='ocr_carea' id='block_1_2' title="bbox 76 615 143 660">
    <p class='ocr_par' dir='ltr' id='par_1_2' title="bbox 76 615 143 660">
     <span class='ocr_line' id='line_1_2' title="bbox 76 615 143 660; baseline 0 0"><span class='ocrx_word' id='word_1_2' title='bbox 76 615 143 660; x_wconf 81' lang='lat'><strong>86</strong></span> 
     </span>
    </p>
   </div>
   <div class='ocr_carea' id='block_1_3' title="bbox 606 196 1075 241">
    <p class='ocr_par' dir='ltr' id='par_1_3' title="bbox 606 196 1075 241">
     <span class='ocr_line' id='line_1_3' title="bbox 606 196 1075 241; baseline -0.011 -1"><span class='ocrx_word' id='word_1_3' title='bbox 606 196 950 240; x_wconf 86' lang='lat' dir='ltr'><strong>THALIA.</strong></span> <span class='ocrx_word' id='word_1_4' title='bbox 1010 198 1075 241; x_wconf 87' lang='grc' dir='ltr'><strong>ΙΙΙ.</strong></span> 
     </span>
    </p>
   </div>
   <div class='ocr_carea' id='block_1_4' title="bbox 1395 205 1478 245">
    <p class='ocr_par' dir='ltr' id='par_1_4' title="bbox 1395 205 1478 245">
     <span class='ocr_line' id='line_1_4' title="bbox 1395 205 1478 245; baseline 0.024 -2"><span class='ocrx_word' id='word_1_5' title='bbox 1395 205 1478 245; x_wconf 81' lang='grc'><strong>153</strong></span> 
     </span>
    </p>
   </div>
   <div class='ocr_carea' id='block_1_5' title="bbox 203 306 1622 610">
    <p class='ocr_par' dir='ltr' id='par_1_5' title="bbox 203 306 1622 582">
     <span class='ocr_line' id='line_1_5' title="bbox 206 306 1538 370; baseline -0.005 -12"><span class='ocrx_word' id='word_1_6' title='bbox 206 315 399 370; x_wconf 79' lang='grc' dir='ltr'><strong><em>Δαρείου</em></strong></span> <span class='ocrx_word' id='word_1_7' title='bbox 429 313 561 361; x_wconf 78' lang='grc' dir='ltr'><strong><em>ἵππος</em></strong></span> <span class='ocrx_word' id='word_1_8' title='bbox 591 310 759 363; x_wconf 74' lang='grc' dir='ltr'><strong><em>ἔστεργε</em></strong></span> <span class='ocrx_word' id='word_1_9' title='bbox 789 307 997 366; x_wconf 78' lang='grc' dir='ltr'><strong><em>μάλιστα,</em></strong></span> <span class='ocrx_word' id='word_1_10' title='bbox 1038 306 1203 363; x_wconf 81' lang='grc' dir='ltr'><strong><em>ταύτην</em></strong></span> <span class='ocrx_word' id='word_1_11' title='bbox 1233 306 1408 364; x_wconf 76' lang='grc' dir='ltr'><strong><em>ἀγαγών</em></strong></span> <span class='ocrx_word' id='word_1_12' title='bbox 1438 311 1538 362; x_wconf 65' lang='grc' dir='ltr'><strong>ἐςῦς</strong></span> 
     </span>
     <span class='ocr_line' id='line_1_6' title="bbox 204 377 1479 439; baseline -0.005 -9"><span class='ocrx_word' id='word_1_13' title='bbox 204 387 252 430; x_wconf 85' lang='grc' dir='ltr'><strong>τὸ</strong></span> <span class='ocrx_word' id='word_1_14' title='bbox 281 384 561 439; x_wconf 79' lang='grc' dir='ltr'><em>προάστειον,</em></span> <span class='ocrx_word' id='word_1_15' title='bbox 592 380 819 437; x_wconf 79' lang='grc' dir='ltr'><em>κατέδησε,</em></span> <span class='ocrx_word' id='word_1_16' title='bbox 850 380 925 423; x_wconf 84' lang='grc' dir='ltr'><strong>καὶ</strong></span> <span class='ocrx_word' id='word_1_17' title='bbox 960 377 1148 435; x_wconf 75' lang='grc' dir='ltr'><strong><em>ἐπήγαγε</em></strong></span> <span class='ocrx_word' id='word_1_18' title='bbox 1177 377 1256 421; x_wconf 85' lang='grc' dir='ltr'><strong>τὸν</strong></span> <span class='ocrx_word' id='word_1_19' title='bbox 1284 383 1479 434; x_wconf 81' lang='grc' dir='ltr'><em>Δαρείου</em></span> 
     </span>
     <span class='ocr_line' id='line_1_7' title="bbox 203 448 1481 508; baseline -0.005 -10"><span class='ocrx_word' id='word_1_20' title='bbox 203 457 355 498; x_wconf 77' lang='grc' dir='ltr'><strong><em>ἵππον·</em></strong></span> <span class='ocrx_word' id='word_1_21' title='bbox 406 452 479 496; x_wconf 85' lang='grc' dir='ltr'><strong>καὶ</strong></span> <span class='ocrx_word' id='word_1_22' title='bbox 515 450 568 495; x_wconf 78' lang='grc' dir='ltr'><strong>τοὶ</strong></span> <span class='ocrx_word' id='word_1_23' title='bbox 598 451 677 507; x_wconf 75' lang='grc' dir='ltr'><strong>μὲν</strong></span> <span class='ocrx_word' id='word_1_24' title='bbox 713 450 852 495; x_wconf 75' lang='grc' dir='ltr'><strong><em>πολλοὶ</em></strong></span> <span class='ocrx_word' id='word_1_25' title='bbox 893 454 1068 506; x_wconf 80' lang='grc' dir='ltr'><em>περιῆγε</em></span> <span class='ocrx_word' id='word_1_26' title='bbox 1100 448 1238 505; x_wconf 78' lang='grc' dir='ltr'><strong><em>ἀγχοῦ</em></strong></span> <span class='ocrx_word' id='word_1_27' title='bbox 1267 452 1321 506; x_wconf 85' lang='grc' dir='ltr'><strong>τῇ</strong></span> <span class='ocrx_word' id='word_1_28' title='bbox 1351 451 1481 508; x_wconf 80' lang='grc' dir='ltr'><strong><em>ἵππῳ.</em></strong></span> 
     </span>
     <span class='ocr_line' id='line_1_8' title="bbox 206 519 1622 610; baseline -0.001 -42"><span class='ocrx_word' id='word_1_29' title='bbox 206 527 440 582; x_wconf 81' lang='grc' dir='ltr'><strong><em>ἐγχρίπτων</em></strong></span> <span class='ocrx_word' id='word_1_30' title='bbox 469 527 523 580; x_wconf 82' lang='grc' dir='ltr'><strong>τῇ</strong></span> <span class='ocrx_word' id='word_1_31' title='bbox 547 525 722 610; x_wconf 74' lang='grc' dir='ltr'><em>θηλέῃ·</em></span> <span class='ocrx_word' id='word_1_32' title='bbox 767 522 889 573; x_wconf 79' lang='grc' dir='ltr'><strong><em>τέλος</em></strong></span> <span class='ocrx_word' id='word_1_33' title='bbox 921 521 988 573; x_wconf 77' lang='grc' dir='ltr'><strong>δὲ,</strong></span> <span class='ocrx_word' id='word_1_34' title='bbox 1030 521 1159 577; x_wconf 81' lang='grc' dir='ltr'><strong><em>ἐπῆκε</em></strong></span> <span class='ocrx_word' id='word_1_35' title='bbox 1198 519 1372 576; x_wconf 81' lang='grc' dir='ltr'><strong><em>ὀχεῦσαι</em></strong></span> <span class='ocrx_word' id='word_1_36' title='bbox 1402 520 1481 564; x_wconf 78' lang='grc' dir='ltr'><strong>τόν</strong></span> <span class='ocrx_word' id='word_1_37' title='bbox 1541 525 1622 567; x_wconf 80' lang='lat'><strong>242</strong></span> 
     </span>
    </p>
   </div>
   <div class='ocr_carea' id='block_1_6' title="bbox 145 766 421 772">
    <p class='ocr_par' dir='ltr' id='par_1_6' title="bbox 145 766 421 772">
     <span class='ocr_line' id='line_1_9' title="bbox 145 766 421 772; baseline 0 0"><span class='ocrx_word' id='word_1_38' title='bbox 145 766 421 772; x_wconf 95' lang='lat' dir='ltr'><strong> </strong></span> 
     </span>
    </p>
   </div>
   <div class='ocr_carea' id='block_1_7' title="bbox 138 803 812 2899">
    <p class='ocr_par' dir='ltr' id='par_1_7' title="bbox 143 803 811 1300">
     <span class='ocr_line' id='line_1_10' title="bbox 200 803 810 860; baseline -0.005 -13"><span class='ocrx_word' id='word_1_39' title='bbox 200 824 351 859; x_wconf 81' lang='grc' dir='ltr'><strong><em>ταυτην</em></strong></span> <span class='ocrx_word' id='word_1_40' title='bbox 372 803 549 860; x_wconf 77' lang='grc' dir='ltr'><strong><em>ἆγαγων]</em></strong></span> <span class='ocrx_word' id='word_1_41' title='bbox 581 803 729 858; x_wconf 77' lang='grc' dir='ltr'><strong>ταύτην</strong></span> <span class='ocrx_word' id='word_1_42' title='bbox 751 819 810 844; x_wconf 83' lang='lat' dir='ltr'><strong>re-</strong></span> 
     </span>
     <span class='ocr_line' id='line_1_11' title="bbox 143 859 809 918; baseline -0.003 -14"><span class='ocrx_word' id='word_1_43' title='bbox 143 867 299 918; x_wconf 87' lang='lat' dir='ltr'><strong>petitum</strong></span> <span class='ocrx_word' id='word_1_44' title='bbox 326 870 412 915; x_wconf 85' lang='lat' dir='ltr'><strong>post</strong></span> <span class='ocrx_word' id='word_1_45' title='bbox 439 877 691 915; x_wconf 79' lang='lat' dir='ltr'><strong>praegressum</strong></span> <span class='ocrx_word' id='word_1_46' title='bbox 721 859 809 914; x_wconf 77' lang='grc' dir='ltr'><strong>τήν,</strong></span> 
     </span>
     <span class='ocr_line' id='line_1_12' title="bbox 144 921 811 969; baseline -0.004 -9"><span class='ocrx_word' id='word_1_47' title='bbox 144 927 185 960; x_wconf 88' lang='lat' dir='ltr'><strong>ut</strong></span> <span class='ocrx_word' id='word_1_48' title='bbox 217 922 288 969; x_wconf 89' lang='lat' dir='ltr'>III,</span> <span class='ocrx_word' id='word_1_49' title='bbox 325 923 390 963; x_wconf 89' lang='grc'><strong>65.</strong></span> <span class='ocrx_word' id='word_1_50' title='bbox 422 922 489 962; x_wconf 88' lang='grc'><strong>75.</strong></span> <span class='ocrx_word' id='word_1_51' title='bbox 532 921 642 958; x_wconf 81' lang='lat' dir='ltr'><strong>Plura</strong></span> <span class='ocrx_word' id='word_1_52' title='bbox 674 922 811 958; x_wconf 84' lang='lat' dir='ltr'><strong>Struve</strong></span> 
     </span>
     <span class='ocr_line' id='line_1_13' title="bbox 144 950 809 1030; baseline -0.005 -14"><span class='ocrx_word' id='word_1_53' title='bbox 144 980 252 1030; x_wconf 86' lang='lat' dir='ltr'><strong>Spec.</strong></span> <span class='ocrx_word' id='word_1_54' title='bbox 273 950 288 1016; x_wconf 84' lang='lat' dir='ltr'>I</span> <span class='ocrx_word' id='word_1_55' title='bbox 318 979 470 1023; x_wconf 77' lang='lat' dir='ltr'><strong>Quaest.</strong></span> <span class='ocrx_word' id='word_1_56' title='bbox 493 978 540 1017; x_wconf 69' lang='lat' dir='ltr'><strong>de</strong></span> <span class='ocrx_word' id='word_1_57' title='bbox 560 978 701 1016; x_wconf 83' lang='lat' dir='ltr'><strong>Herod.</strong></span> <span class='ocrx_word' id='word_1_58' title='bbox 726 976 809 1014; x_wconf 73' lang='lat' dir='ltr'><strong>dial.</strong></span> 
     </span>
     <span class='ocr_line' id='line_1_14' title="bbox 144 1034 811 1087; baseline -0.003 -15"><span class='ocrx_word' id='word_1_59' title='bbox 144 1048 229 1087; x_wconf 84' lang='lat' dir='ltr'><strong>pag.</strong></span> <span class='ocrx_word' id='word_1_60' title='bbox 251 1038 316 1077; x_wconf 79' lang='lat'><strong>29.</strong></span> <span class='ocrx_word' id='word_1_61' title='bbox 337 1058 382 1063; x_wconf 87' lang='lat'><strong>-—</strong></span> <span class='ocrx_word' id='word_1_62' title='bbox 410 1035 539 1072; x_wconf 72' lang='lat' dir='ltr'><strong>Monet</strong></span> <span class='ocrx_word' id='word_1_63' title='bbox 556 1035 748 1072; x_wconf 74' lang='lat' dir='ltr'><strong>Fischerus</strong></span> <span class='ocrx_word' id='word_1_64' title='bbox 763 1034 811 1070; x_wconf 76' lang='lat' dir='ltr'><strong>ad</strong></span> 
     </span>
     <span class='ocr_line' id='line_1_15' title="bbox 144 1091 808 1143; baseline -0.005 -13"><span class='ocrx_word' id='word_1_65' title='bbox 144 1092 292 1130; x_wconf 58' lang='lat' dir='ltr'><strong>lVeller.</strong></span> <span class='ocrx_word' id='word_1_66' title='bbox 315 1092 327 1129; x_wconf 93' lang='lat' dir='ltr'>I</span> <span class='ocrx_word' id='word_1_67' title='bbox 354 1106 389 1143; x_wconf 87' lang='lat' dir='ltr'><strong>p.</strong></span> <span class='ocrx_word' id='word_1_68' title='bbox 409 1094 486 1133; x_wconf 79' lang='lat'><strong>371</strong></span> <span class='ocrx_word' id='word_1_69' title='bbox 516 1095 554 1129; x_wconf 79' lang='lat' dir='ltr'><strong>et</strong></span> <span class='ocrx_word' id='word_1_70' title='bbox 572 1091 606 1128; x_wconf 95' lang='lat' dir='ltr'><strong>h.</strong></span> <span class='ocrx_word' id='word_1_71' title='bbox 629 1091 651 1128; x_wconf 92' lang='lat' dir='ltr'><strong>l.</strong></span> <span class='ocrx_word' id='word_1_72' title='bbox 672 1096 710 1129; x_wconf 87' lang='lat' dir='ltr'><strong>et</strong></span> <span class='ocrx_word' id='word_1_73' title='bbox 729 1104 808 1140; x_wconf 79' lang='lat' dir='ltr'><strong>cap.</strong></span> 
     </span>
     <span class='ocr_line' id='line_1_16' title="bbox 145 1148 810 1200; baseline -0.003 -14"><span class='ocrx_word' id='word_1_74' title='bbox 145 1162 223 1199; x_wconf 87' lang='lat' dir='ltr'><strong>seq.</strong></span> <span class='ocrx_word' id='word_1_75' title='bbox 272 1149 540 1200; x_wconf 79' lang='lat' dir='ltr'><strong>perspicuitatis</strong></span> <span class='ocrx_word' id='word_1_76' title='bbox 575 1148 810 1184; x_wconf 83' lang='lat' dir='ltr'><strong>adiuvandae</strong></span> 
     </span>
     <span class='ocr_line' id='line_1_17' title="bbox 144 1202 810 1256; baseline -0.006 -13"><span class='ocrx_word' id='word_1_77' title='bbox 144 1218 255 1243; x_wconf 83' lang='lat' dir='ltr'><strong>causa</strong></span> <span class='ocrx_word' id='word_1_78' title='bbox 285 1219 410 1243; x_wconf 84' lang='lat' dir='ltr'><strong>vocem</strong></span> <span class='ocrx_word' id='word_1_79' title='bbox 442 1202 603 1256; x_wconf 80' lang='grc' dir='ltr'><strong>θηλέων</strong></span> <span class='ocrx_word' id='word_1_80' title='bbox 628 1204 810 1242; x_wconf 86' lang='lat' dir='ltr'><strong>Nostrum</strong></span> 
     </span>
     <span class='ocr_line' id='line_1_18' title="bbox 143 1262 344 1300; baseline 0 0"><span class='ocrx_word' id='word_1_81' title='bbox 143 1262 344 1300; x_wconf 84' lang='lat' dir='ltr'><strong>addidisse.</strong></span> 
     </span>
    </p>

    <p class='ocr_par' dir='ltr' id='par_1_8' title="bbox 138 1311 812 2448">
     <span class='ocr_line' id='line_1_19' title="bbox 199 1311 812 1370; baseline -0.003 -13"><span class='ocrx_word' id='word_1_82' title='bbox 199 1334 247 1357; x_wconf 82' lang='grc' dir='ltr'><strong>τα</strong></span> <span class='ocrx_word' id='word_1_83' title='bbox 271 1316 343 1370; x_wconf 79' lang='grc' dir='ltr'><strong>μὲν</strong></span> <span class='ocrx_word' id='word_1_84' title='bbox 361 1314 487 1358; x_wconf 73' lang='grc' dir='ltr'><strong><em>πολλοὶ</em></strong></span> <span class='ocrx_word' id='word_1_85' title='bbox 501 1319 667 1369; x_wconf 82' lang='grc' dir='ltr'><strong><em>περιῆγε</em></strong></span> <span class='ocrx_word' id='word_1_86' title='bbox 687 1311 812 1370; x_wconf 75' lang='grc' dir='ltr'><strong><em>οἷγχοῦ</em></strong></span> 
     </span>
     <span class='ocr_line' id='line_1_20' title="bbox 142 1373 808 1431; baseline -0.008 -17"><span class='ocrx_word' id='word_1_87' title='bbox 142 1377 193 1431; x_wconf 82' lang='grc' dir='ltr'><strong>τῇ</strong></span> <span class='ocrx_word' id='word_1_88' title='bbox 212 1374 341 1429; x_wconf 82' lang='grc' dir='ltr'><strong><em>ι’ππῳ]</em></strong></span> <span class='ocrx_word' id='word_1_89' title='bbox 364 1389 528 1427; x_wconf 82' lang='grc' dir='ltr'><strong><em>περιηγε</em></strong></span> <span class='ocrx_word' id='word_1_90' title='bbox 543 1388 623 1412; x_wconf 87' lang='lat' dir='ltr'><strong>cum</strong></span> <span class='ocrx_word' id='word_1_91' title='bbox 636 1374 742 1411; x_wconf 80' lang='lat' dir='ltr'><strong>Schw</strong></span> <span class='ocrx_word' id='word_1_92' title='bbox 747 1373 808 1423; x_wconf 84' lang='lat' dir='ltr'><strong>gh.</strong></span> 
     </span>
     <span class='ocr_line' id='line_1_21' title="bbox 143 1426 807 1483; baseline -0.003 -13"><span class='ocrx_word' id='word_1_93' title='bbox 143 1439 181 1471; x_wconf 89' lang='lat' dir='ltr'><strong>et</strong></span> <span class='ocrx_word' id='word_1_94' title='bbox 209 1432 325 1470; x_wconf 84' lang='lat' dir='ltr'><strong>Gaisf.</strong></span> <span class='ocrx_word' id='word_1_95' title='bbox 363 1433 449 1470; x_wconf 89' lang='lat' dir='ltr'><strong>dedi</strong></span> <span class='ocrx_word' id='word_1_96' title='bbox 482 1445 549 1482; x_wconf 89' lang='lat' dir='ltr'><strong>pro</strong></span> <span class='ocrx_word' id='word_1_97' title='bbox 578 1426 807 1483; x_wconf 77' lang='grc' dir='ltr'><strong><em>πεοιήγαγε,</em></strong></span> 
     </span>
     <span class='ocr_line' id='line_1_22' title="bbox 143 1488 809 1540; baseline -0.003 -14"><span class='ocrx_word' id='word_1_98' title='bbox 143 1489 242 1540; x_wconf 86' lang='lat' dir='ltr'><strong>quod</strong></span> <span class='ocrx_word' id='word_1_99' title='bbox 271 1490 419 1527; x_wconf 78' lang='lat' dir='ltr'><strong>retinuit</strong></span> <span class='ocrx_word' id='word_1_100' title='bbox 441 1488 632 1525; x_wconf 78' lang='lat' dir='ltr'><strong>Matthiae.</strong></span> <span class='ocrx_word' id='word_1_101' title='bbox 697 1488 809 1532; x_wconf 85' lang='lat' dir='ltr'><strong>Quod</strong></span> 
     </span>
     <span class='ocr_line' id='line_1_23' title="bbox 143 1544 810 1596; baseline -0.003 -13"><span class='ocrx_word' id='word_1_102' title='bbox 143 1559 211 1584; x_wconf 90' lang='lat' dir='ltr'><strong>nos</strong></span> <span class='ocrx_word' id='word_1_103' title='bbox 232 1547 474 1596; x_wconf 84' lang='lat' dir='ltr'><strong>reposuimus,</strong></span> <span class='ocrx_word' id='word_1_104' title='bbox 503 1544 641 1596; x_wconf 78' lang='lat' dir='ltr'><strong>placuit</strong></span> <span class='ocrx_word' id='word_1_105' title='bbox 662 1557 810 1594; x_wconf 83' lang='lat' dir='ltr'><strong>quoque</strong></span> 
     </span>
     <span class='ocr_line' id='line_1_24' title="bbox 143 1602 810 1652; baseline 0 -13"><span class='ocrx_word' id='word_1_106' title='bbox 143 1603 327 1641; x_wconf 85' lang='lat' dir='ltr'><strong>Schaefcr.</strong></span> <span class='ocrx_word' id='word_1_107' title='bbox 360 1604 408 1641; x_wconf 82' lang='lat' dir='ltr'><strong>ad</strong></span> <span class='ocrx_word' id='word_1_108' title='bbox 435 1603 588 1652; x_wconf 84' lang='lat' dir='ltr'><strong>Dionys.</strong></span> <span class='ocrx_word' id='word_1_109' title='bbox 612 1602 730 1639; x_wconf 85' lang='lat' dir='ltr'><strong>Halic.</strong></span> <span class='ocrx_word' id='word_1_110' title='bbox 762 1602 810 1639; x_wconf 84' lang='lat' dir='ltr'><strong>de</strong></span> 
     </span>
     <span class='ocr_line' id='line_1_25' title="bbox 143 1658 807 1710; baseline -0.005 -13"><span class='ocrx_word' id='word_1_111' title='bbox 143 1673 261 1710; x_wconf 89' lang='lat' dir='ltr'><strong>comp.</strong></span> <span class='ocrx_word' id='word_1_112' title='bbox 291 1661 392 1697; x_wconf 90' lang='lat' dir='ltr'><strong>verb.</strong></span> <span class='ocrx_word' id='word_1_113' title='bbox 411 1673 446 1710; x_wconf 90' lang='lat' dir='ltr'><strong>p.</strong></span> <span class='ocrx_word' id='word_1_114' title='bbox 467 1661 562 1706; x_wconf 78' lang='lat'>208,</span> <span class='ocrx_word' id='word_1_115' title='bbox 584 1659 714 1708; x_wconf 85' lang='lat' dir='ltr'><strong>(quem</strong></span> <span class='ocrx_word' id='word_1_116' title='bbox 741 1658 807 1696; x_wconf 87' lang='lat' dir='ltr'><strong>Cr.</strong></span> 
     </span>
     <span class='ocr_line' id='line_1_26' title="bbox 143 1712 806 1766; baseline -0.002 -13"><span class='ocrx_word' id='word_1_117' title='bbox 143 1715 302 1766; x_wconf 86' lang='lat' dir='ltr'><strong>laudat),</strong></span> <span class='ocrx_word' id='word_1_118' title='bbox 315 1717 376 1754; x_wconf 89' lang='lat' dir='ltr'><strong>ubi</strong></span> <span class='ocrx_word' id='word_1_119' title='bbox 389 1712 435 1754; x_wconf 78' lang='grc' dir='ltr'><strong>τοὶ</strong></span> <span class='ocrx_word' id='word_1_120' title='bbox 459 1713 531 1766; x_wconf 80' lang='grc' dir='ltr'><strong>μὲν</strong></span> <span class='ocrx_word' id='word_1_121' title='bbox 547 1728 625 1752; x_wconf 90' lang='lat' dir='ltr'><strong>cum</strong></span> <span class='ocrx_word' id='word_1_122' title='bbox 645 1728 806 1764; x_wconf 89' lang='lat' dir='ltr'><strong>sequen-</strong></span> 
     </span>
     <span class='ocr_line' id='line_1_27' title="bbox 144 1769 806 1821; baseline -0.002 -12"><span class='ocrx_word' id='word_1_123' title='bbox 144 1774 174 1810; x_wconf 88' lang='lat' dir='ltr'><strong>ti</strong></span> <span class='ocrx_word' id='word_1_124' title='bbox 202 1769 328 1812; x_wconf 68' lang='grc' dir='ltr'><strong><em>πολλοὶ</em></strong></span> <span class='ocrx_word' id='word_1_125' title='bbox 357 1773 460 1821; x_wconf 84' lang='lat' dir='ltr'><strong>iungi</strong></span> <span class='ocrx_word' id='word_1_126' title='bbox 484 1776 607 1820; x_wconf 86' lang='lat' dir='ltr'><strong>vetat,</strong></span> <span class='ocrx_word' id='word_1_127' title='bbox 637 1785 716 1809; x_wconf 90' lang='lat' dir='ltr'><strong>cum</strong></span> <span class='ocrx_word' id='word_1_128' title='bbox 737 1771 806 1808; x_wconf 88' lang='lat' dir='ltr'><strong>sibi</strong></span> 
     </span>
     <span class='ocr_line' id='line_1_28' title="bbox 144 1826 805 1879; baseline -0.002 -12"><span class='ocrx_word' id='word_1_129' title='bbox 144 1829 368 1868; x_wconf 79' lang='lat' dir='ltr'><strong>cohaereant</strong></span> <span class='ocrx_word' id='word_1_130' title='bbox 390 1827 438 1868; x_wconf 76' lang='grc' dir='ltr'><strong>τοὶ</strong></span> <span class='ocrx_word' id='word_1_131' title='bbox 457 1826 594 1879; x_wconf 81' lang='grc' dir='ltr'><strong><em>μὲν-</em></strong></span> <span class='ocrx_word' id='word_1_132' title='bbox 615 1827 724 1874; x_wconf 81' lang='grc' dir='ltr'><em>τέλος</em></span> <span class='ocrx_word' id='word_1_133' title='bbox 744 1826 805 1876; x_wconf 79' lang='grc' dir='ltr'><strong>δέ,-</strong></span> 
     </span>
     <span class='ocr_line' id='line_1_29' title="bbox 142 1882 806 1938; baseline -0.003 -15"><span class='ocrx_word' id='word_1_134' title='bbox 142 1886 252 1938; x_wconf 86' lang='lat' dir='ltr'><strong>plane</strong></span> <span class='ocrx_word' id='word_1_135' title='bbox 262 1891 302 1923; x_wconf 87' lang='lat' dir='ltr'><strong>ut</strong></span> <span class='ocrx_word' id='word_1_136' title='bbox 315 1886 399 1923; x_wconf 83' lang='lat' dir='ltr'><strong>alibi</strong></span> <span class='ocrx_word' id='word_1_137' title='bbox 409 1882 456 1925; x_wconf 73' lang='grc' dir='ltr'><strong>τοέ</strong></span> <span class='ocrx_word' id='word_1_138' title='bbox 467 1883 538 1936; x_wconf 82' lang='grc' dir='ltr'><strong>μὲν</strong></span> <span class='ocrx_word' id='word_1_139' title='bbox 550 1908 604 1913; x_wconf 84' lang='grc'>-</span> <span class='ocrx_word' id='word_1_140' title='bbox 617 1882 664 1923; x_wconf 71' lang='grc' dir='ltr'><strong>τοὶ</strong></span> <span class='ocrx_word' id='word_1_141' title='bbox 679 1884 731 1923; x_wconf 85' lang='grc' dir='ltr'><strong>ὁὲ.</strong></span> <span class='ocrx_word' id='word_1_142' title='bbox 746 1885 806 1921; x_wconf 86' lang='grc' dir='ltr'><strong>Ιη-</strong></span> 
     </span>
     <span class='ocr_line' id='line_1_30' title="bbox 144 1943 808 1993; baseline -0.003 -13"><span class='ocrx_word' id='word_1_143' title='bbox 144 1944 191 1981; x_wconf 89' lang='lat' dir='ltr'><strong>de</strong></span> <span class='ocrx_word' id='word_1_144' title='bbox 202 1945 331 1981; x_wconf 86' lang='lat' dir='ltr'><strong>vertit:</strong></span> <span class='ocrx_word' id='word_1_145' title='bbox 361 1946 394 1980; x_wconf 80' lang='lat' dir='ltr'><strong>et</strong></span> <span class='ocrx_word' id='word_1_146' title='bbox 411 1945 566 1993; x_wconf 77' lang='lat' dir='ltr'><strong>primum</strong></span> <span class='ocrx_word' id='word_1_147' title='bbox 580 1943 717 1992; x_wconf 75' lang='lat' dir='ltr'><strong>quidem</strong></span> <span class='ocrx_word' id='word_1_148' title='bbox 730 1955 808 1978; x_wconf 78' lang='lat' dir='ltr'><strong>sae-</strong></span> 
     </span>
     <span class='ocr_line' id='line_1_31' title="bbox 138 1997 807 2052; baseline 0.003 -15"><span class='ocrx_word' id='word_1_149' title='bbox 138 2002 235 2050; x_wconf 76' lang='lat' dir='ltr'><strong>piuS.</strong></span> <span class='ocrx_word' id='word_1_150' title='bbox 253 2023 299 2027; x_wconf 97' lang='lat'><strong>—</strong></span> <span class='ocrx_word' id='word_1_151' title='bbox 327 1998 386 2037; x_wconf 89' lang='lat' dir='ltr'><strong>Ad</strong></span> <span class='ocrx_word' id='word_1_152' title='bbox 405 1997 528 2052; x_wconf 76' lang='grc' dir='ltr'><strong><em>ἅγχου</em></strong></span> <span class='ocrx_word' id='word_1_153' title='bbox 547 2001 641 2037; x_wconf 88' lang='lat' dir='ltr'><strong>conf.</strong></span> <span class='ocrx_word' id='word_1_154' title='bbox 660 2000 690 2046; x_wconf 88' lang='grc' dir='ltr'><strong>Ι,</strong></span> <span class='ocrx_word' id='word_1_155' title='bbox 714 2002 807 2045; x_wconf 89' lang='grc'>190,</span> 
     </span>
     <span class='ocr_line' id='line_1_32' title="bbox 144 2055 807 2109; baseline -0.002 -15"><span class='ocrx_word' id='word_1_156' title='bbox 144 2061 181 2094; x_wconf 88' lang='lat' dir='ltr'><strong>et</strong></span> <span class='ocrx_word' id='word_1_157' title='bbox 219 2058 267 2094; x_wconf 82' lang='lat' dir='ltr'><strong>ad</strong></span> <span class='ocrx_word' id='word_1_158' title='bbox 316 2055 533 2109; x_wconf 79' lang='grc' dir='ltr'><strong><em>ἐγχρίπτων</em></strong></span> <span class='ocrx_word' id='word_1_159' title='bbox 575 2056 699 2106; x_wconf 88' lang='lat' dir='ltr'><strong>(quod</strong></span> <span class='ocrx_word' id='word_1_160' title='bbox 729 2069 807 2093; x_wconf 88' lang='lat' dir='ltr'><strong>cum</strong></span> 
     </span>
     <span class='ocr_line' id='line_1_33' title="bbox 144 2112 808 2164; baseline 0.002 -14"><span class='ocrx_word' id='word_1_161' title='bbox 144 2113 260 2151; x_wconf 82' lang='lat' dir='ltr'><strong>Gaisf.</strong></span> <span class='ocrx_word' id='word_1_162' title='bbox 286 2115 433 2164; x_wconf 83' lang='lat' dir='ltr'><strong>reposui</strong></span> <span class='ocrx_word' id='word_1_163' title='bbox 458 2127 524 2164; x_wconf 86' lang='lat' dir='ltr'><strong>pro</strong></span> <span class='ocrx_word' id='word_1_164' title='bbox 546 2112 808 2164; x_wconf 78' lang='grc' dir='ltr'><strong><em>ἐγχρίμπτων,</em></strong></span> 
     </span>
     <span class='ocr_line' id='line_1_34' title="bbox 144 2170 810 2220; baseline 0 -14"><span class='ocrx_word' id='word_1_165' title='bbox 144 2171 244 2220; x_wconf 89' lang='lat' dir='ltr'><strong>quod</strong></span> <span class='ocrx_word' id='word_1_166' title='bbox 266 2170 473 2220; x_wconf 85' lang='lat' dir='ltr'><strong>Schweigh.</strong></span> <span class='ocrx_word' id='word_1_167' title='bbox 500 2174 538 2208; x_wconf 86' lang='lat' dir='ltr'><strong>et</strong></span> <span class='ocrx_word' id='word_1_168' title='bbox 557 2170 691 2207; x_wconf 70' lang='lat' dir='ltr'><strong>Matth.</strong></span> <span class='ocrx_word' id='word_1_169' title='bbox 719 2170 810 2207; x_wconf 89' lang='lat' dir='ltr'><strong>reti-</strong></span> 
     </span>
     <span class='ocr_line' id='line_1_35' title="bbox 144 2226 807 2277; baseline 0 -14"><span class='ocrx_word' id='word_1_170' title='bbox 144 2226 319 2277; x_wconf 84' lang='lat' dir='ltr'><strong>nuerunt)</strong></span> <span class='ocrx_word' id='word_1_171' title='bbox 342 2229 437 2265; x_wconf 87' lang='lat' dir='ltr'><strong>conf.</strong></span> <span class='ocrx_word' id='word_1_172' title='bbox 460 2227 507 2274; x_wconf 90' lang='lat' dir='ltr'><strong>II,</strong></span> <span class='ocrx_word' id='word_1_173' title='bbox 529 2230 581 2269; x_wconf 90' lang='lat'><strong>60</strong></span> <span class='ocrx_word' id='word_1_174' title='bbox 604 2227 692 2276; x_wconf 84' lang='lat' dir='ltr'><strong>ibiq.</strong></span> <span class='ocrx_word' id='word_1_175' title='bbox 715 2230 807 2263; x_wconf 80' lang='lat' dir='ltr'><strong>nott.</strong></span> 
     </span>
     <span class='ocr_line' id='line_1_36' title="bbox 143 2282 809 2338; baseline 0.002 -19"><span class='ocrx_word' id='word_1_176' title='bbox 143 2282 202 2320; x_wconf 91' lang='lat' dir='ltr'><strong>Ad</strong></span> <span class='ocrx_word' id='word_1_177' title='bbox 220 2285 373 2321; x_wconf 82' lang='lat' dir='ltr'><strong>formam</strong></span> <span class='ocrx_word' id='word_1_178' title='bbox 390 2283 518 2338; x_wconf 81' lang='grc' dir='ltr'><em>θηλέῃ</em></span> <span class='ocrx_word' id='word_1_179' title='bbox 541 2285 612 2321; x_wconf 88' lang='lat' dir='ltr'><strong>vid.</strong></span> <span class='ocrx_word' id='word_1_180' title='bbox 627 2283 655 2330; x_wconf 90' lang='lat' dir='ltr'><strong>l,</strong></span> <span class='ocrx_word' id='word_1_181' title='bbox 672 2285 751 2325; x_wconf 78' lang='lat'><strong>192</strong></span> <span class='ocrx_word' id='word_1_182' title='bbox 772 2287 809 2321; x_wconf 90' lang='lat' dir='ltr'><strong>et</strong></span> 
     </span>
     <span class='ocr_line' id='line_1_37' title="bbox 145 2340 807 2378; baseline 0.002 -2"><span class='ocrx_word' id='word_1_183' title='bbox 145 2340 230 2377; x_wconf 86' lang='lat' dir='ltr'><strong>add.</strong></span> <span class='ocrx_word' id='word_1_184' title='bbox 255 2341 298 2378; x_wconf 90' lang='lat' dir='ltr'><strong>C.</strong></span> <span class='ocrx_word' id='word_1_185' title='bbox 324 2341 496 2378; x_wconf 81' lang='lat' dir='ltr'><strong>Grashof.</strong></span> <span class='ocrx_word' id='word_1_186' title='bbox 519 2341 576 2378; x_wconf 82' lang='lat' dir='ltr'><strong>in:</strong></span> <span class='ocrx_word' id='word_1_187' title='bbox 608 2340 807 2378; x_wconf 87' lang='lat' dir='ltr'><strong>Schulzeit.</strong></span> 
     </span>
     <span class='ocr_line' id='line_1_38' title="bbox 145 2395 735 2448; baseline -0.014 -9"><span class='ocrx_word' id='word_1_188' title='bbox 145 2396 191 2446; x_wconf 78' lang='grc' dir='ltr'><strong>Π,</strong></span> <span class='ocrx_word' id='word_1_189' title='bbox 212 2399 316 2438; x_wconf 83' lang='grc'>1831</span> <span class='ocrx_word' id='word_1_190' title='bbox 338 2411 394 2435; x_wconf 87' lang='lat' dir='ltr'><strong>nr.</strong></span> <span class='ocrx_word' id='word_1_191' title='bbox 416 2400 469 2439; x_wconf 89' lang='lat'><strong>88</strong></span> <span class='ocrx_word' id='word_1_192' title='bbox 492 2411 528 2448; x_wconf 87' lang='lat' dir='ltr'><strong>p.</strong></span> <span class='ocrx_word' id='word_1_193' title='bbox 553 2395 634 2437; x_wconf 79' lang='lat'><strong>704</strong></span> <span class='ocrx_word' id='word_1_194' title='bbox 657 2401 735 2434; x_wconf 87' lang='lat' dir='ltr'><strong>not.</strong></span> 
     </span>
    </p>

    <p class='ocr_par' dir='ltr' id='par_1_9' title="bbox 145 2449 809 2899">
     <span class='ocr_line' id='line_1_39' title="bbox 202 2449 809 2505; baseline 0 -13"><span class='ocrx_word' id='word_1_195' title='bbox 202 2451 321 2504; x_wconf 83' lang='grc' dir='ltr'><strong><em>ἐπῆκε</em></strong></span> <span class='ocrx_word' id='word_1_196' title='bbox 333 2449 495 2505; x_wconf 75' lang='grc' dir='ltr'><strong><em>ὀχεῦσαι</em></strong></span> <span class='ocrx_word' id='word_1_197' title='bbox 503 2451 572 2493; x_wconf 77' lang='grc' dir='ltr'><strong>τόν</strong></span> <span class='ocrx_word' id='word_1_198' title='bbox 584 2454 725 2504; x_wconf 77' lang='grc' dir='ltr'><strong><em>ἵππον]</em></strong></span> <span class='ocrx_word' id='word_1_199' title='bbox 740 2450 809 2493; x_wconf 81' lang='grc' dir='ltr'><strong>τόν</strong></span> 
     </span>
     <span class='ocr_line' id='line_1_40' title="bbox 145 2507 809 2559; baseline 0 -12"><span class='ocrx_word' id='word_1_200' title='bbox 145 2507 272 2548; x_wconf 76' lang='grc' dir='ltr'><strong><em>ἵππον</em></strong></span> <span class='ocrx_word' id='word_1_201' title='bbox 282 2524 360 2548; x_wconf 91' lang='lat' dir='ltr'><strong>cum</strong></span> <span class='ocrx_word' id='word_1_202' title='bbox 373 2512 486 2549; x_wconf 82' lang='lat' dir='ltr'><strong>Gaisf.</strong></span> <span class='ocrx_word' id='word_1_203' title='bbox 501 2512 600 2559; x_wconf 89' lang='lat' dir='ltr'><strong>dedi,</strong></span> <span class='ocrx_word' id='word_1_204' title='bbox 610 2511 710 2548; x_wconf 88' lang='lat' dir='ltr'><strong>libris</strong></span> <span class='ocrx_word' id='word_1_205' title='bbox 719 2512 809 2548; x_wconf 87' lang='lat' dir='ltr'><strong>scri-</strong></span> 
     </span>
     <span class='ocr_line' id='line_1_41' title="bbox 147 2564 807 2618; baseline 0.011 -18"><span class='ocrx_word' id='word_1_206' title='bbox 147 2566 221 2615; x_wconf 87' lang='lat' dir='ltr'><strong>ptis</strong></span> <span class='ocrx_word' id='word_1_207' title='bbox 237 2567 454 2606; x_wconf 85' lang='lat' dir='ltr'><strong>iubentibus.</strong></span> <span class='ocrx_word' id='word_1_208' title='bbox 486 2568 606 2617; x_wconf 85' lang='lat' dir='ltr'>Vulgo</span> <span class='ocrx_word' id='word_1_209' title='bbox 630 2564 719 2618; x_wconf 79' lang='grc' dir='ltr'><strong>τὴν</strong></span> <span class='ocrx_word' id='word_1_210' title='bbox 741 2567 807 2607; x_wconf 80' lang='grc' dir='ltr'><strong><em>ἴπ-</em></strong></span> 
     </span>
     <span class='ocr_line' id='line_1_42' title="bbox 149 2624 807 2674; baseline 0.006 -16"><span class='ocrx_word' id='word_1_211' title='bbox 149 2635 240 2670; x_wconf 83' lang='grc' dir='ltr'><strong><em>πον,</em></strong></span> <span class='ocrx_word' id='word_1_212' title='bbox 257 2624 354 2671; x_wconf 85' lang='lat' dir='ltr'><strong>quod</strong></span> <span class='ocrx_word' id='word_1_213' title='bbox 366 2624 535 2674; x_wconf 85' lang='lat' dir='ltr'><strong>Schwgh.</strong></span> <span class='ocrx_word' id='word_1_214' title='bbox 557 2629 592 2662; x_wconf 87' lang='lat' dir='ltr'><strong>et</strong></span> <span class='ocrx_word' id='word_1_215' title='bbox 603 2624 734 2663; x_wconf 82' lang='lat' dir='ltr'><strong>Matth.</strong></span> <span class='ocrx_word' id='word_1_216' title='bbox 748 2638 807 2662; x_wconf 87' lang='lat' dir='ltr'><strong>re-</strong></span> 
     </span>
     <span class='ocr_line' id='line_1_43' title="bbox 148 2677 805 2719; baseline 0.009 -7"><span class='ocrx_word' id='word_1_217' title='bbox 148 2677 339 2716; x_wconf 86' lang='lat' dir='ltr'><strong>tinuerunt.</strong></span> <span class='ocrx_word' id='word_1_218' title='bbox 376 2680 445 2718; x_wconf 88' lang='lat' dir='ltr'><strong>Est</strong></span> <span class='ocrx_word' id='word_1_219' title='bbox 464 2694 550 2719; x_wconf 89' lang='lat' dir='ltr'><strong>vero</strong></span> <span class='ocrx_word' id='word_1_220' title='bbox 570 2694 716 2719; x_wconf 84' lang='lat' dir='ltr'><strong>sensus:</strong></span> <span class='ocrx_word' id='word_1_221' title='bbox 740 2684 805 2719; x_wconf 73' lang='lat' dir='ltr'><strong>im-</strong></span> 
     </span>
     <span class='ocr_line' id='line_1_44' title="bbox 149 2735 806 2785; baseline 0.011 -16"><span class='ocrx_word' id='word_1_222' title='bbox 149 2735 245 2770; x_wconf 73' lang='lat' dir='ltr'><strong>misit</strong></span> <span class='ocrx_word' id='word_1_223' title='bbox 279 2747 400 2785; x_wconf 84' lang='lat' dir='ltr'><strong>equum</strong></span> <span class='ocrx_word' id='word_1_224' title='bbox 427 2738 476 2775; x_wconf 84' lang='lat' dir='ltr'><strong>ad</strong></span> <span class='ocrx_word' id='word_1_225' title='bbox 506 2739 643 2784; x_wconf 70' lang='lat' dir='ltr'><strong>coitum,</strong></span> <span class='ocrx_word' id='word_1_226' title='bbox 673 2742 714 2775; x_wconf 87' lang='lat' dir='ltr'><strong>ut</strong></span> <span class='ocrx_word' id='word_1_227' title='bbox 734 2735 806 2777; x_wconf 75' lang='grc' dir='ltr'><strong>τόν</strong></span> 
     </span>
     <span class='ocr_line' id='line_1_45' title="bbox 149 2790 806 2845; baseline 0.008 -17"><span class='ocrx_word' id='word_1_228' title='bbox 149 2790 275 2829; x_wconf 77' lang='grc' dir='ltr'><strong><em>ἵππον</em></strong></span> <span class='ocrx_word' id='word_1_229' title='bbox 301 2793 460 2841; x_wconf 88' lang='lat' dir='ltr'><strong>pendeat</strong></span> <span class='ocrx_word' id='word_1_230' title='bbox 483 2795 529 2832; x_wconf 86' lang='lat' dir='ltr'><strong>ab</strong></span> <span class='ocrx_word' id='word_1_231' title='bbox 562 2794 696 2845; x_wconf 80' lang='grc' dir='ltr'><strong><em>ἐπῆκε.</em></strong></span> <span class='ocrx_word' id='word_1_232' title='bbox 744 2796 806 2833; x_wconf 90' lang='lat' dir='ltr'><strong>Sic</strong></span> 
     </span>
     <span class='ocr_line' id='line_1_46' title="bbox 150 2846 806 2899; baseline 0.011 -15"><span class='ocrx_word' id='word_1_233' title='bbox 150 2847 213 2896; x_wconf 73' lang='lat' dir='ltr'><strong>IV,</strong></span> <span class='ocrx_word' id='word_1_234' title='bbox 236 2848 289 2887; x_wconf 82' lang='lat'><strong>30</strong></span> <span class='ocrx_word' id='word_1_235' title='bbox 310 2846 450 2888; x_wconf 86' lang='grc' dir='ltr'><strong><em>ἐπιεῖσι</em></strong></span> <span class='ocrx_word' id='word_1_236' title='bbox 465 2847 560 2899; x_wconf 71' lang='grc' dir='ltr'><strong>τούς</strong></span> <span class='ocrx_word' id='word_1_237' title='bbox 581 2848 701 2899; x_wconf 81' lang='grc' dir='ltr'><strong><em>ὅνους</em></strong></span> <span class='ocrx_word' id='word_1_238' title='bbox 720 2855 806 2899; x_wconf 77' lang='grc' dir='ltr'><strong><em>ταῖς</em></strong></span> 
     </span>
    </p>
   </div>
   <div class='ocr_carea' id='block_1_8' title="bbox 175 591 1600 723">
    <p class='ocr_par' dir='ltr' id='par_1_10' title="bbox 175 591 1600 722">
     <span class='ocr_line' id='line_1_47' title="bbox 204 591 1600 660; baseline -0.006 -21"><span class='ocrx_word' id='word_1_239' title='bbox 204 599 350 640; x_wconf 83' lang='grc' dir='ltr'><strong><em>ἴ.ππον</em></strong></span> <span class='ocrx_word' id='word_1_240' title='bbox 396 594 497 652; x_wconf 47' lang='lat' dir='ltr'><strong>“Ape</strong></span> <span class='ocrx_word' id='word_1_241' title='bbox 533 594 672 653; x_wconf 76' lang='grc' dir='ltr'><em>ημὲρῃ</em></span> <span class='ocrx_word' id='word_1_242' title='bbox 706 595 751 638; x_wconf 81' lang='grc' dir='ltr'><strong>δὲ</strong></span> <span class='ocrx_word' id='word_1_243' title='bbox 779 591 1144 650; x_wconf 80' lang='grc' dir='ltr'><strong><em>διαφαυσκούσῃ,</em></strong></span> <span class='ocrx_word' id='word_1_244' title='bbox 1189 594 1232 636; x_wconf 80' lang='grc' dir='ltr'><strong>οἱ</strong></span> <span class='ocrx_word' id='word_1_245' title='bbox 1259 593 1326 644; x_wconf 69' lang='grc' dir='ltr'><strong>ἓξ,</strong></span> <span class='ocrx_word' id='word_1_246' title='bbox 1366 591 1600 660; x_wconf 58' lang='lat' dir='ltr'><strong>xatoifiopnr</strong></span> 
     </span>
     <span class='ocr_line' id='line_1_48' title="bbox 175 664 1479 723; baseline -0.002 -14"><span class='ocrx_word' id='word_1_247' title='bbox 175 667 531 722; x_wconf 71' lang='grc' dir='ltr'><strong><em>Ξσυνεθήκαντο,</em></strong></span> <span class='ocrx_word' id='word_1_248' title='bbox 574 671 778 723; x_wconf 84' lang='grc' dir='ltr'><strong><em>παοῆσαν</em></strong></span> <span class='ocrx_word' id='word_1_249' title='bbox 816 664 884 708; x_wconf 84' lang='grc' dir='ltr'><strong><em>ἐπὶ</em></strong></span> <span class='ocrx_word' id='word_1_250' title='bbox 922 669 1011 708; x_wconf 78' lang='grc' dir='ltr'><strong>τῶν</strong></span> <span class='ocrx_word' id='word_1_251' title='bbox 1049 666 1205 710; x_wconf 80' lang='grc' dir='ltr'><strong><em>ἵππων.</em></strong></span> <span class='ocrx_word' id='word_1_252' title='bbox 1266 665 1479 716; x_wconf 80' lang='grc' dir='ltr'><strong><em>διεξελαυ-</em></strong></span> 
     </span>
    </p>
   </div>
   <div class='ocr_carea' id='block_1_9' title="bbox 861 800 1540 2836">
    <p class='ocr_par' dir='ltr' id='par_1_11' title="bbox 866 800 1535 1028">
     <span class='ocr_line' id='line_1_49' title="bbox 866 800 1535 856; baseline -0.004 -11.991"><span class='ocrx_word' id='word_1_253' title='bbox 866 805 1021 853; x_wconf 76' lang='grc' dir='ltr'><strong><em>ἵππαις.</em></strong></span> <span class='ocrx_word' id='word_1_254' title='bbox 1075 800 1253 856; x_wconf 74' lang='grc' dir='ltr'><strong><em>ὄχεύειν,</em></strong></span> <span class='ocrx_word' id='word_1_255' title='bbox 1292 800 1457 856; x_wconf 72' lang='grc' dir='ltr'><strong><em>ὄχευτῆς</em></strong></span> <span class='ocrx_word' id='word_1_256' title='bbox 1488 804 1535 842; x_wconf 87' lang='lat' dir='ltr'><strong>de</strong></span> 
     </span>
     <span class='ocr_line' id='line_1_50' title="bbox 867 861 1534 914; baseline -0.004 -13"><span class='ocrx_word' id='word_1_257' title='bbox 867 877 952 914; x_wconf 78' lang='lat' dir='ltr'><strong>equo</strong></span> <span class='ocrx_word' id='word_1_258' title='bbox 990 863 1203 899; x_wconf 71' lang='lat' dir='ltr'><strong>admissario</strong></span> <span class='ocrx_word' id='word_1_259' title='bbox 1236 862 1333 909; x_wconf 91' lang='lat' dir='ltr'><strong>dici,</strong></span> <span class='ocrx_word' id='word_1_260' title='bbox 1372 861 1534 912; x_wconf 86' lang='lat' dir='ltr'><strong>pluribus</strong></span> 
     </span>
     <span class='ocr_line' id='line_1_51' title="bbox 867 919 1535 958; baseline -0.004 0"><span class='ocrx_word' id='word_1_261' title='bbox 867 921 1007 958; x_wconf 88' lang='lat' dir='ltr'><strong>monuit</strong></span> <span class='ocrx_word' id='word_1_262' title='bbox 1044 919 1239 958; x_wconf 87' lang='lat' dir='ltr'><strong>Frommel.</strong></span> <span class='ocrx_word' id='word_1_263' title='bbox 1284 920 1321 956; x_wconf 89' lang='lat' dir='ltr'><strong>in</strong></span> <span class='ocrx_word' id='word_1_264' title='bbox 1360 919 1535 956; x_wconf 88' lang='lat' dir='ltr'><strong>Creuzer.</strong></span> 
     </span>
     <span class='ocr_line' id='line_1_52' title="bbox 867 976 1313 1028; baseline -0.002 -15"><span class='ocrx_word' id='word_1_265' title='bbox 867 977 1010 1015; x_wconf 87' lang='lat' dir='ltr'><strong>Melett.</strong></span> <span class='ocrx_word' id='word_1_266' title='bbox 1036 977 1086 1013; x_wconf 89' lang='lat' dir='ltr'><strong>III</strong></span> <span class='ocrx_word' id='word_1_267' title='bbox 1111 990 1197 1028; x_wconf 78' lang='lat' dir='ltr'><strong>pag.</strong></span> <span class='ocrx_word' id='word_1_268' title='bbox 1221 976 1313 1016; x_wconf 87' lang='lat'><strong>157.</strong></span> 
     </span>
    </p>

    <p class='ocr_par' dir='ltr' id='par_1_12' title="bbox 1029 1032 1371 1083">
     <span class='ocr_line' id='line_1_53' title="bbox 1029 1032 1371 1083; baseline -0.003 -13"><span class='ocrx_word' id='word_1_269' title='bbox 1029 1033 1138 1083; x_wconf 82' lang='lat' dir='ltr'><strong>Cap.</strong></span> <span class='ocrx_word' id='word_1_270' title='bbox 1167 1032 1371 1070; x_wconf 83' lang='lat' dir='ltr'><strong>LXXXVI.</strong></span> 
     </span>
    </p>

    <p class='ocr_par' dir='ltr' id='par_1_13' title="bbox 861 1085 1540 2673">
     <span class='ocr_line' id='line_1_54' title="bbox 913 1085 1536 1144; baseline -0.005 -14"><span class='ocrx_word' id='word_1_271' title='bbox 913 1085 1012 1141; x_wconf 43' lang='lat' dir='ltr'><strong>“AM</strong></span> <span class='ocrx_word' id='word_1_272' title='bbox 1036 1088 1166 1144; x_wconf 73' lang='grc' dir='ltr'><em>ἡμέρῃ</em></span> <span class='ocrx_word' id='word_1_273' title='bbox 1199 1087 1241 1128; x_wconf 77' lang='grc' dir='ltr'><strong>δὲ</strong></span> <span class='ocrx_word' id='word_1_274' title='bbox 1261 1086 1536 1137; x_wconf 58' lang='lat' dir='ltr'><strong>§imavo-no&amp;-</strong></span> 
     </span>
     <span class='ocr_line' id='line_1_55' title="bbox 869 1146 1535 1202; baseline -0.003 -16"><span class='ocrx_word' id='word_1_275' title='bbox 869 1146 943 1202; x_wconf 76' lang='grc' dir='ltr'><strong>σῃ]</strong></span> <span class='ocrx_word' id='word_1_276' title='bbox 975 1148 1006 1184; x_wconf 88' lang='grc' dir='ltr'>Ε</span> <span class='ocrx_word' id='word_1_277' title='bbox 1038 1147 1223 1184; x_wconf 76' lang='lat' dir='ltr'><strong>Sancrosti</strong></span> <span class='ocrx_word' id='word_1_278' title='bbox 1255 1151 1293 1183; x_wconf 90' lang='lat' dir='ltr'><strong>et</strong></span> <span class='ocrx_word' id='word_1_279' title='bbox 1323 1146 1535 1184; x_wconf 62' lang='lat' dir='ltr'><strong>vindobon.</strong></span> 
     </span>
     <span class='ocr_line' id='line_1_56' title="bbox 866 1202 1534 1252; baseline 0 -12"><span class='ocrx_word' id='word_1_280' title='bbox 866 1204 959 1240; x_wconf 92' lang='lat' dir='ltr'><strong>libro</strong></span> <span class='ocrx_word' id='word_1_281' title='bbox 987 1204 1055 1240; x_wconf 91' lang='lat' dir='ltr'><strong>hoc</strong></span> <span class='ocrx_word' id='word_1_282' title='bbox 1086 1203 1224 1252; x_wconf 84' lang='lat' dir='ltr'><strong>recepit</strong></span> <span class='ocrx_word' id='word_1_283' title='bbox 1256 1202 1534 1251; x_wconf 68' lang='lat' dir='ltr'><strong>VVesselingius.</strong></span> 
     </span>
     <span class='ocr_line' id='line_1_57' title="bbox 867 1259 1535 1310; baseline 0 -13"><span class='ocrx_word' id='word_1_284' title='bbox 867 1260 1075 1309; x_wconf 79' lang='lat' dir='ltr'><strong>Schweigh.</strong></span> <span class='ocrx_word' id='word_1_285' title='bbox 1104 1264 1142 1298; x_wconf 90' lang='lat' dir='ltr'><strong>et</strong></span> <span class='ocrx_word' id='word_1_286' title='bbox 1164 1259 1280 1297; x_wconf 82' lang='lat' dir='ltr'><strong>Gaisf.</strong></span> <span class='ocrx_word' id='word_1_287' title='bbox 1307 1259 1535 1310; x_wconf 82' lang='lat' dir='ltr'><strong>potissimum</strong></span> 
     </span>
     <span class='ocr_line' id='line_1_58' title="bbox 868 1316 1539 1354; baseline -0.001 0"><span class='ocrx_word' id='word_1_288' title='bbox 868 1318 915 1354; x_wconf 92' lang='lat' dir='ltr'><strong>ob</strong></span> <span class='ocrx_word' id='word_1_289' title='bbox 944 1317 1151 1354; x_wconf 86' lang='lat' dir='ltr'><strong>Florentini</strong></span> <span class='ocrx_word' id='word_1_290' title='bbox 1179 1317 1258 1353; x_wconf 88' lang='lat' dir='ltr'><strong>libri</strong></span> <span class='ocrx_word' id='word_1_291' title='bbox 1282 1316 1539 1354; x_wconf 78' lang='lat' dir='ltr'><strong>auctoritatem</strong></span> 
     </span>
     <span class='ocr_line' id='line_1_59' title="bbox 869 1368 1538 1427; baseline -0.003 -16"><span class='ocrx_word' id='word_1_292' title='bbox 869 1374 1053 1412; x_wconf 87' lang='lat' dir='ltr'><strong>dederunt</strong></span> <span class='ocrx_word' id='word_1_293' title='bbox 1076 1374 1174 1423; x_wconf 82' lang='grc' dir='ltr'><strong><em>διαφ</em></strong></span> <span class='ocrx_word' id='word_1_294' title='bbox 1191 1368 1398 1427; x_wconf 78' lang='grc' dir='ltr'><strong>ωσκούση.</strong></span> <span class='ocrx_word' id='word_1_295' title='bbox 1437 1373 1538 1410; x_wconf 84' lang='lat' dir='ltr'><strong>Infra</strong></span> 
     </span>
     <span class='ocr_line' id='line_1_60' title="bbox 867 1430 1537 1477; baseline -0.001 -10"><span class='ocrx_word' id='word_1_296' title='bbox 867 1431 932 1477; x_wconf 89' lang='lat' dir='ltr'><strong>lX,</strong></span> <span class='ocrx_word' id='word_1_297' title='bbox 957 1430 1010 1472; x_wconf 84' lang='lat'><strong>45</strong></span> <span class='ocrx_word' id='word_1_298' title='bbox 1029 1431 1187 1468; x_wconf 85' lang='lat' dir='ltr'><strong>eadem</strong></span> <span class='ocrx_word' id='word_1_299' title='bbox 1179 1443 1215 1467; x_wconf 85' lang='grc' dir='ltr'><strong>ιιι</strong></span> <span class='ocrx_word' id='word_1_300' title='bbox 1235 1430 1389 1467; x_wconf 81' lang='lat' dir='ltr'><strong>formula</strong></span> <span class='ocrx_word' id='word_1_301' title='bbox 1410 1443 1537 1467; x_wconf 86' lang='lat' dir='ltr'><strong>omnes</strong></span> 
     </span>
     <span class='ocr_line' id='line_1_61' title="bbox 866 1482 1538 1542; baseline -0.001 -18"><span class='ocrx_word' id='word_1_302' title='bbox 866 1488 947 1525; x_wconf 88' lang='lat' dir='ltr'><strong>libri</strong></span> <span class='ocrx_word' id='word_1_303' title='bbox 966 1488 1064 1537; x_wconf 77' lang='grc' dir='ltr'><strong><em>διαφ</em></strong></span> <span class='ocrx_word' id='word_1_304' title='bbox 1079 1503 1137 1527; x_wconf 89' lang='grc' dir='ltr'><strong>αυ</strong></span> <span class='ocrx_word' id='word_1_305' title='bbox 1149 1482 1314 1542; x_wconf 80' lang='grc' dir='ltr'><strong>σκούση.</strong></span> <span class='ocrx_word' id='word_1_306' title='bbox 1345 1487 1421 1524; x_wconf 87' lang='lat' dir='ltr'><strong>Sed</strong></span> <span class='ocrx_word' id='word_1_307' title='bbox 1438 1487 1538 1538; x_wconf 79' lang='lat' dir='ltr'><strong>apud</strong></span> 
     </span>
     <span class='ocr_line' id='line_1_62' title="bbox 865 1544 1536 1594; baseline 0.003 -13"><span class='ocrx_word' id='word_1_308' title='bbox 865 1544 1070 1582; x_wconf 82' lang='lat' dir='ltr'><strong>Diodorum</strong></span> <span class='ocrx_word' id='word_1_309' title='bbox 1120 1546 1293 1594; x_wconf 80' lang='lat' dir='ltr'><strong>frequens</strong></span> <span class='ocrx_word' id='word_1_310' title='bbox 1346 1559 1536 1593; x_wconf 83' lang='grc' dir='ltr'><strong><em>υποφω-</em></strong></span> 
     </span>
     <span class='ocr_line' id='line_1_63' title="bbox 869 1597 1536 1649; baseline -0.004 -9"><span class='ocrx_word' id='word_1_311' title='bbox 869 1614 980 1640; x_wconf 79' lang='grc' dir='ltr'><strong><em>σκειν</em></strong></span> <span class='ocrx_word' id='word_1_312' title='bbox 1009 1606 1045 1638; x_wconf 86' lang='lat' dir='ltr'><strong>et</strong></span> <span class='ocrx_word' id='word_1_313' title='bbox 1076 1597 1366 1649; x_wconf 75' lang='grc' dir='ltr'><strong><em>ἐπιφώσκειν,</em></strong></span> <span class='ocrx_word' id='word_1_314' title='bbox 1396 1605 1436 1638; x_wconf 89' lang='lat' dir='ltr'><strong>ut</strong></span> <span class='ocrx_word' id='word_1_315' title='bbox 1467 1600 1536 1638; x_wconf 89' lang='lat' dir='ltr'><strong>loci</strong></span> 
     </span>
     <span class='ocr_line' id='line_1_64' title="bbox 866 1657 1534 1696; baseline -0.001 -1"><span class='ocrx_word' id='word_1_316' title='bbox 866 1662 1076 1695; x_wconf 72' lang='lat' dir='ltr'><strong>monstrant</strong></span> <span class='ocrx_word' id='word_1_317' title='bbox 1098 1673 1120 1696; x_wconf 85' lang='lat' dir='ltr'>a</span> <span class='ocrx_word' id='word_1_318' title='bbox 1140 1658 1298 1696; x_wconf 59' lang='lat' dir='ltr'><strong>IVessel.</strong></span> <span class='ocrx_word' id='word_1_319' title='bbox 1325 1657 1464 1695; x_wconf 85' lang='lat' dir='ltr'><strong>collecti</strong></span> <span class='ocrx_word' id='word_1_320' title='bbox 1487 1658 1534 1694; x_wconf 81' lang='lat' dir='ltr'><strong>ad</strong></span> 
     </span>
     <span class='ocr_line' id='line_1_65' title="bbox 865 1712 1534 1765; baseline 0.001 -14"><span class='ocrx_word' id='word_1_321' title='bbox 865 1716 968 1762; x_wconf 90' lang='lat' dir='ltr'>XIII,</span> <span class='ocrx_word' id='word_1_322' title='bbox 991 1717 1042 1756; x_wconf 89' lang='lat'><strong>18</strong></span> <span class='ocrx_word' id='word_1_323' title='bbox 1066 1715 1148 1763; x_wconf 90' lang='lat' dir='ltr'><strong>(ubi</strong></span> <span class='ocrx_word' id='word_1_324' title='bbox 1175 1720 1253 1752; x_wconf 87' lang='lat' dir='ltr'><strong>est:</strong></span> <span class='ocrx_word' id='word_1_325' title='bbox 1285 1717 1357 1765; x_wconf 80' lang='grc' dir='ltr'><strong>τῆς</strong></span> <span class='ocrx_word' id='word_1_326' title='bbox 1383 1712 1534 1765; x_wconf 71' lang='grc' dir='ltr'><strong><em>ἡμέρας</em></strong></span> 
     </span>
     <span class='ocr_line' id='line_1_66' title="bbox 864 1768 1535 1822; baseline -0.004 -11"><span class='ocrx_word' id='word_1_327' title='bbox 864 1768 1319 1822; x_wconf 74' lang='grc' dir='ltr'><strong><em>ὖποφωσκούσης).</em></strong></span> <span class='ocrx_word' id='word_1_328' title='bbox 1383 1770 1535 1820; x_wconf 80' lang='lat' dir='ltr'><strong>Signifi-</strong></span> 
     </span>
     <span class='ocr_line' id='line_1_67' title="bbox 865 1828 1534 1879; baseline -0.004 -12"><span class='ocrx_word' id='word_1_329' title='bbox 865 1833 923 1867; x_wconf 87' lang='lat' dir='ltr'><strong>cat</strong></span> <span class='ocrx_word' id='word_1_330' title='bbox 944 1828 1091 1876; x_wconf 88' lang='lat' dir='ltr'><strong>Iocutio,</strong></span> <span class='ocrx_word' id='word_1_331' title='bbox 1120 1830 1323 1879; x_wconf 85' lang='lat' dir='ltr'><strong>interprete</strong></span> <span class='ocrx_word' id='word_1_332' title='bbox 1341 1828 1534 1874; x_wconf 64' lang='lat' dir='ltr'><strong>Valcken„</strong></span> 
     </span>
     <span class='ocr_line' id='line_1_68' title="bbox 861 1885 1533 1937; baseline -0.003 -15"><span class='ocrx_word' id='word_1_333' title='bbox 861 1889 998 1937; x_wconf 77' lang='lat' dir='ltr'><strong>postero</strong></span> <span class='ocrx_word' id='word_1_334' title='bbox 1024 1885 1189 1932; x_wconf 71' lang='grc' dir='ltr'><strong><em>ι1ι“ρ,ιιέιί</em></strong></span> <span class='ocrx_word' id='word_1_335' title='bbox 1214 1887 1369 1935; x_wconf 76' lang='lat' dir='ltr'><strong>primum</strong></span> <span class='ocrx_word' id='word_1_336' title='bbox 1398 1885 1533 1921; x_wconf 68' lang='lat' dir='ltr'><strong>illuxit.</strong></span> 
     </span>
     <span class='ocr_line' id='line_1_69' title="bbox 864 1942 1536 1993; baseline 0 -14"><span class='ocrx_word' id='word_1_337' title='bbox 864 1942 934 1980; x_wconf 90' lang='lat' dir='ltr'><strong>Alii</strong></span> <span class='ocrx_word' id='word_1_338' title='bbox 957 1943 1170 1993; x_wconf 87' lang='lat' dir='ltr'><strong>scriptores,</strong></span> <span class='ocrx_word' id='word_1_339' title='bbox 1200 1943 1333 1980; x_wconf 86' lang='lat' dir='ltr'><strong>eodem</strong></span> <span class='ocrx_word' id='word_1_340' title='bbox 1360 1945 1536 1979; x_wconf 84' lang='lat' dir='ltr'><strong>monente</strong></span> 
     </span>
     <span class='ocr_line' id='line_1_70' title="bbox 865 1996 1538 2051; baseline 0 -15"><span class='ocrx_word' id='word_1_341' title='bbox 865 1998 1057 2046; x_wconf 60' lang='lat' dir='ltr'><strong>Valcken„</strong></span> <span class='ocrx_word' id='word_1_342' title='bbox 1089 2014 1142 2046; x_wconf 83' lang='grc' dir='ltr'><strong>ως</strong></span> <span class='ocrx_word' id='word_1_343' title='bbox 1161 1997 1306 2051; x_wconf 79' lang='grc' dir='ltr'><strong>ημὲρα,</strong></span> <span class='ocrx_word' id='word_1_344' title='bbox 1333 2011 1361 2035; x_wconf 89' lang='lat' dir='ltr'><strong>s.</strong></span> <span class='ocrx_word' id='word_1_345' title='bbox 1384 2014 1437 2045; x_wconf 85' lang='grc' dir='ltr'><strong>ως</strong></span> <span class='ocrx_word' id='word_1_346' title='bbox 1464 1996 1538 2044; x_wconf 84' lang='grc' dir='ltr'><strong><em>ε’ως</em></strong></span> 
     </span>
     <span class='ocr_line' id='line_1_71' title="bbox 865 2054 1536 2121; baseline -0.005 -27"><span class='ocrx_word' id='word_1_347' title='bbox 865 2054 1154 2121; x_wconf 77' lang='grc' dir='ltr'><strong><em>υπέφαινε,</em></strong></span> <span class='ocrx_word' id='word_1_348' title='bbox 1187 2057 1208 2092; x_wconf 84' lang='lat' dir='ltr'><strong>i.</strong></span> <span class='ocrx_word' id='word_1_349' title='bbox 1241 2069 1272 2093; x_wconf 92' lang='lat' dir='ltr'><strong>e.</strong></span> <span class='ocrx_word' id='word_1_350' title='bbox 1298 2057 1416 2106; x_wconf 77' lang='lat' dir='ltr'><strong>prima</strong></span> <span class='ocrx_word' id='word_1_351' title='bbox 1447 2055 1536 2102; x_wconf 82' lang='lat' dir='ltr'><strong>luce,</strong></span> 
     </span>
     <span class='ocr_line' id='line_1_72' title="bbox 867 2111 1535 2162; baseline -0.003 -12"><span class='ocrx_word' id='word_1_352' title='bbox 867 2126 943 2150; x_wconf 81' lang='lat' dir='ltr'><strong>cum</strong></span> <span class='ocrx_word' id='word_1_353' title='bbox 971 2115 1126 2162; x_wconf 74' lang='lat' dir='ltr'><strong>primum</strong></span> <span class='ocrx_word' id='word_1_354' title='bbox 1165 2113 1405 2159; x_wconf 69' lang='grc' dir='ltr'><strong><em>(Ιιίαοιιῖανεί,</em></strong></span> <span class='ocrx_word' id='word_1_355' title='bbox 1454 2111 1535 2149; x_wconf 90' lang='lat' dir='ltr'><strong>coll.</strong></span> 
     </span>
     <span class='ocr_line' id='line_1_73' title="bbox 868 2169 1539 2218; baseline -0.003 -11"><span class='ocrx_word' id='word_1_356' title='bbox 868 2170 963 2208; x_wconf 88' lang='lat' dir='ltr'><strong>Gell.</strong></span> <span class='ocrx_word' id='word_1_357' title='bbox 987 2169 1036 2208; x_wconf 89' lang='lat' dir='ltr'><strong>N.</strong></span> <span class='ocrx_word' id='word_1_358' title='bbox 1066 2169 1146 2207; x_wconf 86' lang='lat' dir='ltr'><strong>Att.</strong></span> <span class='ocrx_word' id='word_1_359' title='bbox 1171 2170 1216 2217; x_wconf 84' lang='grc' dir='ltr'><strong>ΙΙ,</strong></span> <span class='ocrx_word' id='word_1_360' title='bbox 1244 2172 1297 2209; x_wconf 78' lang='lat'><strong>29</strong></span> <span class='ocrx_word' id='word_1_361' title='bbox 1318 2170 1404 2218; x_wconf 83' lang='lat' dir='ltr'><strong>ibiq.</strong></span> <span class='ocrx_word' id='word_1_362' title='bbox 1438 2169 1539 2206; x_wconf 89' lang='lat' dir='ltr'><strong>Gro-</strong></span> 
     </span>
     <span class='ocr_line' id='line_1_74' title="bbox 866 2224 1540 2276; baseline 0 -12"><span class='ocrx_word' id='word_1_363' title='bbox 866 2240 950 2264; x_wconf 88' lang='lat' dir='ltr'><strong>nov.</strong></span> <span class='ocrx_word' id='word_1_364' title='bbox 975 2230 1013 2264; x_wconf 88' lang='lat' dir='ltr'><strong>et</strong></span> <span class='ocrx_word' id='word_1_365' title='bbox 1034 2227 1116 2273; x_wconf 84' lang='lat' dir='ltr'>VII,</span> <span class='ocrx_word' id='word_1_366' title='bbox 1137 2229 1172 2267; x_wconf 89' lang='lat'><strong>1.</strong></span> <span class='ocrx_word' id='word_1_367' title='bbox 1200 2248 1255 2253; x_wconf 92' lang='lat'><strong>—</strong></span> <span class='ocrx_word' id='word_1_368' title='bbox 1295 2226 1337 2263; x_wconf 89' lang='lat' dir='ltr'><strong>In</strong></span> <span class='ocrx_word' id='word_1_369' title='bbox 1361 2239 1465 2276; x_wconf 86' lang='lat' dir='ltr'><strong>seqq.</strong></span> <span class='ocrx_word' id='word_1_370' title='bbox 1497 2224 1540 2264; x_wconf 83' lang='grc' dir='ltr'><strong>οἵ</strong></span> 
     </span>
     <span class='ocr_line' id='line_1_75' title="bbox 863 2283 1536 2331; baseline -0.004 -9"><span class='ocrx_word' id='word_1_371' title='bbox 863 2284 907 2331; x_wconf 71' lang='grc' dir='ltr'><strong>ἓξ</strong></span> <span class='ocrx_word' id='word_1_372' title='bbox 934 2287 1021 2320; x_wconf 86' lang='lat' dir='ltr'><strong>sunt</strong></span> <span class='ocrx_word' id='word_1_373' title='bbox 1050 2284 1110 2320; x_wconf 66' lang='lat' dir='ltr'><strong>illa·</strong></span> <span class='ocrx_word' id='word_1_374' title='bbox 1134 2296 1195 2319; x_wconf 73' lang='lat' dir='ltr'><strong>sex</strong></span> <span class='ocrx_word' id='word_1_375' title='bbox 1223 2283 1423 2331; x_wconf 84' lang='lat' dir='ltr'><strong>coniurati,</strong></span> <span class='ocrx_word' id='word_1_376' title='bbox 1454 2295 1536 2320; x_wconf 90' lang='lat' dir='ltr'><strong>cum</strong></span> 
     </span>
     <span class='ocr_line' id='line_1_76' title="bbox 867 2339 1536 2391; baseline -0.003 -13"><span class='ocrx_word' id='word_1_377' title='bbox 867 2341 1009 2378; x_wconf 84' lang='lat' dir='ltr'><strong>Otanes</strong></span> <span class='ocrx_word' id='word_1_378' title='bbox 1030 2341 1205 2391; x_wconf 85' lang='lat' dir='ltr'><strong>septimus</strong></span> <span class='ocrx_word' id='word_1_379' title='bbox 1226 2339 1378 2390; x_wconf 87' lang='lat' dir='ltr'><strong>imperio</strong></span> <span class='ocrx_word' id='word_1_380' title='bbox 1400 2352 1536 2377; x_wconf 88' lang='lat' dir='ltr'><strong>renun-</strong></span> 
     </span>
     <span class='ocr_line' id='line_1_77' title="bbox 867 2395 1533 2445; baseline 0 -11"><span class='ocrx_word' id='word_1_381' title='bbox 867 2398 1009 2435; x_wconf 67' lang='lat' dir='ltr'><strong>cias-set.</strong></span> <span class='ocrx_word' id='word_1_382' title='bbox 1068 2397 1131 2434; x_wconf 90' lang='lat' dir='ltr'><strong>Sic</strong></span> <span class='ocrx_word' id='word_1_383' title='bbox 1160 2396 1223 2445; x_wconf 87' lang='grc' dir='ltr'>ΙΙΙ,</span> <span class='ocrx_word' id='word_1_384' title='bbox 1253 2398 1305 2436; x_wconf 84' lang='lat'><strong>83</strong></span> <span class='ocrx_word' id='word_1_385' title='bbox 1339 2395 1381 2435; x_wconf 83' lang='grc' dir='ltr'><strong>οἱ</strong></span> <span class='ocrx_word' id='word_1_386' title='bbox 1410 2395 1448 2444; x_wconf 74' lang='grc' dir='ltr'><strong>ἕξ</strong></span> <span class='ocrx_word' id='word_1_387' title='bbox 1481 2419 1533 2425; x_wconf 83' lang='lat'><strong>—-</strong></span> 
     </span>
     <span class='ocr_line' id='line_1_78' title="bbox 866 2452 1535 2503; baseline -0.006 -10"><span class='ocrx_word' id='word_1_388' title='bbox 866 2452 930 2494; x_wconf 80' lang='grc' dir='ltr'><strong><em>ἐπὶ</em></strong></span> <span class='ocrx_word' id='word_1_389' title='bbox 953 2456 1034 2492; x_wconf 77' lang='grc' dir='ltr'><strong>τῶν</strong></span> <span class='ocrx_word' id='word_1_390' title='bbox 1056 2453 1194 2493; x_wconf 77' lang='grc' dir='ltr'><strong><em>ἵππων</em></strong></span> <span class='ocrx_word' id='word_1_391' title='bbox 1216 2458 1291 2491; x_wconf 87' lang='lat' dir='ltr'><strong>est:</strong></span> <span class='ocrx_word' id='word_1_392' title='bbox 1323 2455 1422 2503; x_wconf 75' lang='lat' dir='ltr'><strong>equis</strong></span> <span class='ocrx_word' id='word_1_393' title='bbox 1446 2454 1535 2490; x_wconf 76' lang='lat' dir='ltr'><strong>insi—</strong></span> 
     </span>
     <span class='ocr_line' id='line_1_79' title="bbox 866 2508 1535 2561; baseline -0.004 -13"><span class='ocrx_word' id='word_1_394' title='bbox 866 2512 999 2557; x_wconf 76' lang='lat' dir='ltr'><strong>dentes,</strong></span> <span class='ocrx_word' id='word_1_395' title='bbox 1033 2524 1061 2548; x_wconf 86' lang='lat' dir='ltr'><strong>s.</strong></span> <span class='ocrx_word' id='word_1_396' title='bbox 1088 2508 1382 2561; x_wconf 80' lang='grc' dir='ltr'><strong><em>ἐπιβεβηκότες,</em></strong></span> <span class='ocrx_word' id='word_1_397' title='bbox 1409 2514 1449 2548; x_wconf 90' lang='lat' dir='ltr'><strong>ut</strong></span> <span class='ocrx_word' id='word_1_398' title='bbox 1470 2509 1535 2557; x_wconf 86' lang='lat' dir='ltr'>III,</span> 
     </span>
     <span class='ocr_line' id='line_1_80' title="bbox 865 2567 1534 2609; baseline -0.001 -4"><span class='ocrx_word' id='word_1_399' title='bbox 865 2570 930 2609; x_wconf 90' lang='lat'><strong>84.</strong></span> <span class='ocrx_word' id='word_1_400' title='bbox 969 2568 1022 2609; x_wconf 88' lang='lat'><strong>85</strong></span> <span class='ocrx_word' id='word_1_401' title='bbox 1061 2568 1215 2606; x_wconf 82' lang='lat' dir='ltr'><strong>dixerat.</strong></span> <span class='ocrx_word' id='word_1_402' title='bbox 1274 2568 1383 2605; x_wconf 89' lang='lat' dir='ltr'><strong>Conf.</strong></span> <span class='ocrx_word' id='word_1_403' title='bbox 1422 2567 1534 2605; x_wconf 79' lang='lat' dir='ltr'><strong>etiam</strong></span> 
     </span>
     <span class='ocr_line' id='line_1_81' title="bbox 861 2622 1020 2673; baseline -0.013 -10"><span class='ocrx_word' id='word_1_404' title='bbox 861 2625 928 2673; x_wconf 87' lang='lat' dir='ltr'><strong>lX,</strong></span> <span class='ocrx_word' id='word_1_405' title='bbox 952 2622 1020 2665; x_wconf 78' lang='lat'><strong>44.</strong></span> 
     </span>
    </p>

    <p class='ocr_par' dir='ltr' id='par_1_14' title="bbox 864 2676 1530 2836">
     <span class='ocr_line' id='line_1_82' title="bbox 921 2676 1530 2731; baseline -0.01 -11"><span class='ocrx_word' id='word_1_406' title='bbox 921 2696 944 2720; x_wconf 81' lang='grc' dir='ltr'><em>κ</em></span> <span class='ocrx_word' id='word_1_407' title='bbox 958 2678 1046 2720; x_wconf 66' lang='lat' dir='ltr'><strong>ard</strong></span> <span class='ocrx_word' id='word_1_408' title='bbox 1066 2676 1362 2731; x_wconf 78' lang='grc' dir='ltr'><strong><em>συνεθήκαντο]</em></strong></span> <span class='ocrx_word' id='word_1_409' title='bbox 1386 2679 1444 2717; x_wconf 94' lang='lat' dir='ltr'><strong>De</strong></span> <span class='ocrx_word' id='word_1_410' title='bbox 1463 2691 1530 2715; x_wconf 57' lang='lat' dir='ltr'><strong>von</strong></span> 
     </span>
     <span class='ocr_line' id='line_1_83' title="bbox 864 2733 1530 2786; baseline -0.009 -10"><span class='ocrx_word' id='word_1_411' title='bbox 864 2752 906 2776; x_wconf 88' lang='lat' dir='ltr'><strong>ce</strong></span> <span class='ocrx_word' id='word_1_412' title='bbox 923 2733 1021 2777; x_wconf 76' lang='grc' dir='ltr'><strong><em>κατά</em></strong></span> <span class='ocrx_word' id='word_1_413' title='bbox 1040 2740 1135 2776; x_wconf 88' lang='lat' dir='ltr'><strong>conf.</strong></span> <span class='ocrx_word' id='word_1_414' title='bbox 1152 2740 1181 2786; x_wconf 92' lang='grc' dir='ltr'><strong>Ι,</strong></span> <span class='ocrx_word' id='word_1_415' title='bbox 1194 2740 1287 2780; x_wconf 79' lang='lat'><strong>208.</strong></span> <span class='ocrx_word' id='word_1_416' title='bbox 1304 2759 1358 2765; x_wconf 87' lang='lat'><strong>—-</strong></span> <span class='ocrx_word' id='word_1_417' title='bbox 1379 2735 1436 2773; x_wconf 85' lang='lat' dir='ltr'><strong>Ad</strong></span> <span class='ocrx_word' id='word_1_418' title='bbox 1450 2747 1530 2771; x_wconf 85' lang='lat' dir='ltr'><strong>ver-</strong></span> 
     </span>
     <span class='ocr_line' id='line_1_84' title="bbox 865 2790 1529 2836; baseline -0.002 -4"><span class='ocrx_word' id='word_1_419' title='bbox 865 2796 930 2832; x_wconf 87' lang='lat' dir='ltr'><strong>ba:</strong></span> <span class='ocrx_word' id='word_1_420' title='bbox 961 2792 1061 2835; x_wconf 78' lang='grc' dir='ltr'><strong>κατᾶ</strong></span> <span class='ocrx_word' id='word_1_421' title='bbox 1097 2797 1215 2836; x_wconf 84' lang='grc' dir='ltr'><strong><em>τοῦτο</em></strong></span> <span class='ocrx_word' id='word_1_422' title='bbox 1243 2816 1297 2822; x_wconf 89' lang='lat'><strong>-—</strong></span> <span class='ocrx_word' id='word_1_423' title='bbox 1331 2791 1399 2832; x_wconf 77' lang='grc' dir='ltr'><strong>ἵνα</strong></span> <span class='ocrx_word' id='word_1_424' title='bbox 1436 2790 1529 2828; x_wconf 85' lang='lat' dir='ltr'><strong>conf-</strong></span> 
     </span>
    </p>
   </div>
   <div class='ocr_carea' id='block_1_10' title="bbox 864 2851 1013 2901">
    <p class='ocr_par' dir='ltr' id='par_1_15' title="bbox 864 2851 1013 2901">
     <span class='ocr_line' id='line_1_85' title="bbox 864 2851 1013 2901; baseline 0.007 -13"><span class='ocrx_word' id='word_1_425' title='bbox 864 2851 929 2901; x_wconf 86' lang='lat'>111,</span> <span class='ocrx_word' id='word_1_426' title='bbox 947 2854 1013 2894; x_wconf 86' lang='lat'><strong>64.</strong></span> 
     </span>
    </p>
   </div>
   <div class='ocr_carea' id='block_1_11' title="bbox 1549 638 1603 660">
    <p class='ocr_par' dir='ltr' id='par_1_16' title="bbox 1549 638 1603 660">
     <span class='ocr_line' id='line_1_86' title="bbox 1549 638 1603 660; baseline 0.033 -1.8"><span class='ocrx_word' id='word_1_427' title='bbox 1549 638 1603 660; x_wconf 90' lang='grc' dir='ltr'><strong><em>ιιιιι</em></strong></span> 
     </span>
    </p>
   </div>
   <div class='ocr_carea' id='block_1_12' title="bbox 1538 701 1642 728">
    <p class='ocr_par' dir='ltr' id='par_1_17' title="bbox 1538 701 1642 728">
     <span class='ocr_line' id='line_1_87' title="bbox 1538 701 1642 728; baseline 0 -1"><span class='ocrx_word' id='word_1_428' title='bbox 1538 701 1642 728; x_wconf 77' lang='lat' dir='ltr'><strong>contin</strong></span> 
     </span>
    </p>
   </div>
   <div class='ocr_carea' id='block_1_13' title="bbox 1539 603 1813 696">
    <p class='ocr_par' dir='ltr' id='par_1_18' title="bbox 1559 603 1813 696">
     <span class='ocr_line' id='line_1_88' title="bbox 1668 603 1813 631; baseline 0.038 -5.524"><span class='ocrx_word' id='word_1_429' title='bbox 1668 603 1735 629; x_wconf 67' lang='lat' dir='ltr'><strong>mni</strong></span> <span class='ocrx_word' id='word_1_430' title='bbox 1750 604 1813 631; x_wconf 88' lang='lat' dir='ltr'><strong>hin-</strong></span> 
     </span>
     <span class='ocr_line' id='line_1_89' title="bbox 1617 609 1802 694; baseline 0.006 -34.076"><span class='ocrx_word' id='word_1_431' title='bbox 1617 609 1725 694; x_wconf 43' lang='lat' dir='ltr'><strong>“sargus</strong></span> <span class='ocrx_word' id='word_1_432' title='bbox 1754 646 1802 664; x_wconf 70' lang='lat' dir='ltr'><strong>rex</strong></span> 
     </span>
     <span class='ocr_line' id='line_1_90' title="bbox 1539 642 1744 696; baseline 0.011 -3.216"><span class='ocrx_word' id='word_1_433' title='bbox 1539 642 1569 693; x_wconf 47' lang='lat' dir='ltr'><strong>:lt</strong></span> <span class='ocrx_word' id='word_1_434' title='bbox 1587 672 1631 693; x_wconf 65' lang='lat' dir='ltr'><strong>sta</strong></span> <span class='ocrx_word' id='word_1_435' title='bbox 1636 669 1667 693; x_wconf 75' lang='lat' dir='ltr'><strong>tii</strong></span> <span class='ocrx_word' id='word_1_436' title='bbox 1717 678 1744 696; x_wconf 85' lang='lat'><strong>01</strong></span> 
     </span>
    </p>
   </div>
   <div class='ocr_carea' id='block_1_14' title="bbox 1645 677 1744 730">
    <p class='ocr_par' dir='ltr' id='par_1_19' title="bbox 1645 677 1744 730">
     <span class='ocr_line' id='line_1_91' title="bbox 1645 677 1744 730; baseline 0.03 -3"><span class='ocrx_word' id='word_1_437' title='bbox 1645 677 1744 730; x_wconf 52' lang='lat' dir='ltr'><strong>nulus.</strong></span> 
     </span>
    </p>
   </div>
  </div>
 </body>
</html>
