1863 3256
417 197 500 237 288
820 197 1285 236 HERODOTI

417 304 547 361 ἡλίου
577 303 828 348 ἀνατολέων
858 304 1102 362 ἀρξάμενον
1130 310 1213 362 γῆν
1242 306 1340 361 περὶ
1378 307 1526 349 πᾶσαν
1559 306 1689 360 ῥέειν,
1706 314 1747 348 15

392 376 536 433 δέ’ργῳ
575 375 620 419 δὲ
660 374 743 418 οὐκ
782 374 1079 421 ἀποδεικνῦσι.
1139 378 1341 421 ἐνθεῦτεν
1372 377 1449 420 τὸν
1474 375 1691 431 Ἡρακλέα

422 445 659 491 ἀπικέσθαι
697 446 738 496 ἐς
774 446 854 502 τήν
888 452 974 491 νῦν
1001 451 1207 503 Σκυθίην
1235 449 1383 506 χώρην
1411 447 1690 504 καλεομένην.

392 519 685 571 6καταλαβεῖν
735 516 819 571 γὰρ
868 517 1004 561 αὐτὸν
1051 518 1241 574 χειμῶνά
1288 536 1332 562 τε
1376 519 1449 563 καὶ
1499 517 1689 575 κρυμόν·

421 584 763 641 ἐπειρυσάμενον
794 587 839 630 δὲ
870 588 948 643 τὴν
973 593 1176 645 λεοντῆν,
1206 595 1503 634 κατυπνῶσαι·
1538 590 1616 640 τοὶς
1643 589 1689 633 δέ
1755 586 1829 633 284

421 660 465 702 οἷ
486 660 648 706 ἵππους
667 656 743 707 τὰς
774 656 858 700 ἀπὸ
882 662 961 701 τοῦ
984 659 1174 714 ἅρματος
1196 662 1436 718 νεμομένας
1466 660 1513 704 ἐν
1543 660 1685 718 τούτῳ
1698 667 1743 702 20

328 736 361 781 9
418 731 479 786 τῷ
507 727 673 784 χρόνῳ,
708 726 1010 785 ἀφανισθῆναι
1031 733 1130 787 θείῃ
1149 731 1272 789 τύχῃ.
1328 732 1406 784 ‘529
1437 731 1480 777 δ’
1512 732 1690 787 ἐγερθῆ-

88 800 365 870 ῗξέξξιξὶῦεῗ“κὲξῇζ
421 816 495 843 ναι
524 798 601 843 τὸν
625 797 861 853 ἹΙρακλέα,
898 802 1110 857 δίζησθαι.
1168 802 1311 846 πάντα
1342 805 1387 847 δὲ
1417 803 1469 847 τὰ
1500 808 1576 860 τῆς
1605 803 1686 860 χιό-

87 869 365 938 ffgmgssgffiffiffi
423 887 502 926 ρης
534 869 841 922 ἐπεξελθόντα,
884 871 1007 923 τέλος
1048 872 1281 917 ἀπικέσθαι
1318 876 1360 926 ές
1399 874 1480 931 τήν
1514 874 1690 932 Ὑλαίην

88 936 189 963 ¹⁰⁰⁰¹¹¹
227 940 258 963 ⁸⁶
291 937 364 970 ⁵⁰5·
394 940 694 998 Ξκαλεομένην
712 946 808 998 γῆν.
857 942 1052 987 ἐνθαῦτα
1074 943 1120 987 δὲ
1144 943 1281 988 αὐτὸν
1302 945 1446 999 εὑρεῖν
1470 945 1516 989 ἐν
1545 945 1688 1004 ἄντρῳ

1830 306 1834 372 l

87 969 168 997 tham
180 979 187 996 ε

363 1097 452 1147 τοςΙ,
493 1078 538 1129 ὃς
569 1075 646 1121 οὐκ
677 1076 908 1133 ἀποδέχεται
934 1080 1029 1131 τούς

364 1153 610 1192 γραφοντας,
627 1135 697 1177 τόν
722 1134 902 1179 ω’κεανόν
923 1139 1028 1191 ῥέειν

365 1194 478 1248 πέριξ
499 1197 572 1245 τῆς
588 1197 672 1247 γῆς.
708 1195 819 1234 Unde
833 1197 1027 1235 Herodoto

365 1252 601 1304 probabiliter
641 1252 781 1289 restitui
813 1266 922 1303 posse
950 1256 1029 1306 γῆν

365 1307 479 1360 πέριξ
513 1308 598 1358 (pro
620 1310 696 1360 γῆν
725 1309 839 1360 περὶ)
869 1315 1031 1348 autumat

364 1365 582 1415 Bernhardy
603 1365 650 1402 ad
669 1364 841 1404 Eustath.
861 1366 883 1404 l.
902 1366 925 1405 l.
940 1380 1028 1418 pag.

421 1478 660 1529 καταλαβεῖν
690 1474 764 1530 γάρ
796 1473 928 1529 αὐτὸν]
969 1478 1029 1517 De

365 1547 456 1572 voce
498 1534 735 1586 καταλαβεῖν
769 1537 865 1573 conf.
903 1540 1030 1573 notata

324 1598 327 1602 “
367 1591 416 1629 ad
437 1590 501 1638 Ill,
524 1591 578 1632 42
605 1595 641 1628 et
661 1592 709 1629 de
729 1591 912 1630 locutione
933 1592 1028 1645 θείῃ

368 1642 468 1700 ’τύχῃ
506 1651 599 1684 nott.
627 1648 677 1684 ad
708 1647 781 1693 Ill,
820 1648 898 1688 153
933 1653 969 1686 et
1001 1648 1030 1694 l,

373 1705 453 1745 126
477 1704 556 1751 (ubi
578 1716 645 1754 pro
670 1705 725 1750 V,
749 1706 798 1751 3,
830 1707 884 1746 92
917 1705 1029 1743 refin-

369 1759 530 1809 gendum
551 1760 597 1806 V,
622 1762 685 1802 92
715 1759 750 1811 §.
780 1762 839 1810 3).
897 1761 941 1798 In
973 1762 1030 1808 iis,

370 1828 466 1866 quae
493 1817 659 1867 proxime
686 1818 929 1868 antecedunt,
959 1815 1029 1857 τόν

367 1870 561 1924 Ἡρακλέα
598 1868 820 1922 ἀφικέσθαι
856 1873 904 1921 ές
940 1871 1030 1925 τὴν

370 1930 465 1968 νῦν
486 1930 675 1980 Σκυθίην
692 1926 827 1981 χώρην
843 1928 1031 1982 καλεομέ-

368 2000 468 2036 νην,
507 1986 648 2023 cautius
668 1987 846 2024 Nostrum
872 1987 1030 2025 locutum

369 2055 452 2080 esse
471 2047 595 2080 monet
618 2044 770 2081 Stanlei.
791 2044 838 2081 ad
860 2043 1029 2094 Aeschyl.

369 2098 553 2136 Prometh.
584 2102 631 2146 2,
662 2113 766 2147 cum,
808 2113 903 2150 quae
934 2114 1031 2138 nunc

370 2159 522 2192 vocetur
551 2156 723 2204 Scythia,
762 2156 948 2194 Herodoti
981 2170 1030 2194 sc.

372 2215 516 2258 aetate,
561 2213 724 2250 nondum
761 2213 813 2250 sic
850 2213 1033 2264 appellata

373 2272 491 2314 esset,
538 2281 612 2317 quo
643 2273 807 2320 tempore
837 2270 1033 2308 Herculem

373 2324 508 2361 adiisse
530 2325 730 2374 tingebant.
771 2325 904 2376 Neque
923 2326 1033 2378 talem

375 2380 579 2417 cautionem
632 2382 795 2419 adhibuit
836 2379 1034 2431 Aeschylus

376 2435 398 2472 l.
417 2435 440 2472 l.
457 2436 641 2484 Scythiam
659 2438 847 2488 appellans
865 2444 1034 2488 tempore

376 2490 605 2540 Promethei,
645 2506 754 2542 quem
777 2499 899 2532 aetate
923 2494 1035 2531 multo

377 2547 570 2586 Herculem
594 2550 832 2588 antecessisse
860 2552 955 2588 sama
979 2555 1036 2587 tu-

377 2603 479 2642 lerat.

602 2661 710 2711 Cap.
746 2661 807 2699 lX.

432 2716 635 2768 δίζησθαι]
663 2718 718 2754 lta
735 2718 812 2755 iure
830 2717 1035 2755 melioribus

382 2786 402 2812 e
426 2773 524 2811 libris
551 2787 645 2811 nunc
665 2775 865 2824 repositum
889 2787 955 2823 pro
979 2774 1037 2812 δι’·

382 2830 529 2877 ζεσθαι.
560 2831 642 2868 Vid.
662 2835 754 2868 nott.
773 2832 820 2868 ad
841 2831 867 2877 l,
887 2831 952 2872 65.
969 2829 1036 2878 94,

1085 1084 1165 1122 coll.
1186 1084 1257 1131 IV,
1292 1085 1371 1125 139
1407 1084 1490 1134 fin.,
1536 1086 1595 1123 ubi
1619 1085 1746 1124 melius

1086 1142 1177 1179 dare
1202 1141 1362 1189 neglexit
1387 1142 1574 1180 Matthiae.

1144 1196 1183 1244 ἐς
1205 1195 1279 1247 τὴν
1298 1195 1461 1248 ’Ὑλαίην
1481 1196 1742 1249 καλεομένην]

1086 1252 1227 1291 Terrae
1245 1252 1411 1304 Hylaea&
1428 1254 1565 1293 Noster
1585 1256 1748 1293 meminit

1085 1309 1149 1357 lV,
1167 1312 1229 1350 18.
1254 1313 1316 1350 19.
1338 1311 1405 1352 55.
1428 1314 1479 1352 76
1503 1313 1663 1361 itemque
1674 1311 1748 1348 Pli-

1085 1367 1165 1403 nius
1184 1366 1232 1402 H.
1253 1366 1301 1404 N.
1320 1367 1369 1404 IV
1384 1368 1479 1415 (26)
1492 1398 1502 1414 ,
1530 1373 1599 1409 12:
1630 1368 1747 1415 „inde

1084 1422 1267 1472 sylvestris
1295 1424 1398 1473 regio
1423 1424 1604 1474 Hylaeum
1634 1436 1745 1470 mare,

1085 1492 1157 1528 quo
1205 1478 1376 1527 alluitur,
1430 1481 1710 1530 cognominavit.
1721 1481 1746 1500 “

1084 1535 1166 1573 Nec
1178 1535 1259 1581 alia,
1281 1536 1424 1586 opinor,
1448 1538 1547 1586 regio
1566 1537 1747 1574 indicatur

1085 1592 1290 1642 Pomponio
1312 1592 1433 1631 Melae
1452 1593 1481 1630 ll
1497 1623 1508 1640 ,
1539 1596 1556 1633 1
1573 1623 1585 1640 ‚
1608 1592 1661 1634 45
1692 1592 1746 1630 his

1085 1649 1228 1685 verbis:
1262 1677 1286 1695 ‚,
1300 1671 1350 1676 —
1364 1649 1570 1700 Hypacaris
1592 1663 1657 1700 per
1667 1649 1748 1686 No-

1086 1705 1213 1742 madas
1229 1704 1417 1742 evolvitur.
1458 1706 1591 1755 Sylvae
1612 1705 1747 1744 deinde

1087 1765 1193 1807 sunt,
1226 1773 1318 1810 quas
1341 1762 1515 1799 maximas
1541 1762 1609 1800 hae
1629 1767 1747 1800 terrae

1086 1818 1252 1854 serunt.“
1279 1817 1397 1855 Anon.
1420 1818 1554 1869 Peripl.
1574 1817 1610 1869 ἓ.
1631 1821 1657 1860 3
1676 1817 1743 1868 (Τ.

1086 1874 1136 1910 Ill
1158 1887 1193 1924 p.
1216 1876 1297 1914 209
1317 1874 1432 1922 Gail.)
1461 1876 1636 1913 orientem
1665 1887 1745 1912 ver-

1087 1943 1148 1967 sus
1197 1930 1460 1979 Borysthenem
1513 1937 1746 1980 transgresso

1087 1985 1215 2023 obvios
1246 2000 1326 2025 esse
1358 1988 1533 2037 Scythas,
1574 1988 1636 2037 qui
1663 1986 1745 2035 Hy-

1087 2042 1204 2080 laeam
1234 2048 1397 2080 vocatam
1429 2044 1653 2089 inhabitent,
1693 2048 1747 2080 te-

1089 2103 1219 2136 statur.
1251 2099 1469 2149 Intelligitur
1485 2105 1607 2138 autem
1624 2101 1653 2137 is
1673 2104 1748 2137 ter-

1089 2168 1151 2192 rae
1173 2160 1309 2193 tractus
1323 2184 1332 2199 ‚
1375 2156 1437 2206 qui
1460 2156 1557 2194 haud
1581 2155 1706 2207 procul
1725 2167 1747 2192 a

1089 2211 1247 2249 Taurica
1301 2213 1534 2251 Chersoneso
1591 2213 1748 2261 cingitur

1090 2268 1321 2318 Borysthene
1339 2298 1349 2313 ‚
1418 2269 1536 2305 Ponto
1583 2269 1745 2313 Euxino,

1092 2325 1275 2363 Carcinite
1307 2321 1387 2362 sinu
1416 2330 1452 2363 et
1472 2325 1659 2374 Hypacyri
1679 2325 1747 2360 flu-

1091 2381 1149 2417 vio
1193 2381 1376 2430 sylvisque
1416 2381 1574 2430 (quibus
1612 2379 1749 2429 reliqua

1091 2437 1252 2485 Scythia,
1268 2438 1438 2474 arborum
1452 2437 1606 2474 maxime
1629 2437 1747 2486 inops,

1091 2498 1211 2538 caret,
1241 2494 1286 2529 cf.
1310 2493 1370 2538 lv,
1395 2494 1468 2540 61)
1497 2492 1636 2543 repleta
1658 2492 1749 2529 dici-

1092 2554 1173 2585 tur:
1221 2562 1264 2586 ex
1294 2561 1366 2597 quo
1405 2550 1485 2598 ipso
1519 2562 1651 2586 nomeu
1681 2549 1750 2586 du-

1093 2610 1188 2641 ctum
1227 2618 1332 2641 uerno
1370 2618 1442 2641 nou
1487 2606 1594 2643 videt.
1643 2605 1750 2642 Nunc

1092 2661 1181 2698 haec
1192 2674 1337 2710 quoqne
1358 2662 1457 2710 regio
1475 2662 1662 2699 arboribus
1680 2674 1749 2697 nu-

1092 2718 1201 2762 data3
1243 2730 1462 2767 quamquam
1503 2718 1657 2767 vestigia
1695 2717 1750 2754 di-

1093 2778 1221 2810 cuntur
1251 2787 1462 2824 superesse,
1510 2775 1639 2824 quibus
1665 2773 1750 2810 olim

1093 2842 1173 2867 eam
1219 2831 1330 2868 fuisse.
1382 2835 1514 2868 tectam
1563 2833 1750 2882 appareat.
