1946 3272
432 241 490 281 62
851 242 1326 282 HERODOTI

432 348 627 405 σκύμνον
666 350 841 402 λέοντος
880 351 1062 395 σκύλακι
1098 350 1251 403 κυνός·
1301 352 1512 407 θεωρέειν
1550 352 1596 396 δὲ
1631 353 1707 397 καὶ

404 420 515 477 Ξτὴν
548 426 739 476 γυναῖκα
776 420 951 477 ταύτην.
1008 422 1256 477 νικωμένου
1287 423 1332 466 δὲ
1366 427 1447 466 τοῦ
1478 422 1707 475 σκύλακος,

432 490 648 547 ἀδελφεόν
679 491 815 535 αὐτοῦ
859 491 993 535 ἄλλον
1032 492 1250 545 σκύλακα,
1293 492 1599 551 ἀπορρήξαντα
1627 494 1708 539 τὸν

434 562 619 619 δεσμὸν,
655 562 980 618 παραγενέσθαι
1009 564 1073 606 οἱ·
1114 562 1195 607 δύο
1227 564 1273 607 δὲ
1301 566 1564 620 γενομένους
1594 565 1764 609 οὕτω90

403 634 490 689 ὃδὴ
528 633 633 684 τούς
673 634 893 685 σκύλακας
932 633 1211 690 ἐπικρατῆσαι
1248 639 1330 678 τοῦ
1368 634 1577 690 σκύμνου.
1632 638 1709 681 καὶ

431 705 510 748 τόν
538 704 618 759 μὲν
649 704 891 761 Καμβύσεα
918 706 1101 762 ἥδεσθαι
1130 703 1376 759 θεώμενον·
1422 705 1502 762 τὴν
1532 708 1601 760 δὲ,
1631 723 1707 751 πα-

433 775 626 831 ρημένην
667 774 886 830 δακρύειν.
954 775 1192 833 Καμβύσεα
1232 777 1278 820 δὲ
1315 775 1516 832 μαθόντα
1559 781 1705 830 τοῦτο,

431 846 678 900 ἐπείρεσθαι
708 847 818 890 διότι
846 846 1051 900 δακρύοι·
1090 848 1170 903 τὴν
1200 847 1246 890 δὲ
1277 849 1431 899 εἰπεῖν,
1462 846 1521 898 ὦς
1550 848 1707 891 ἰδοῦσα

430 917 509 960 τόν
540 917 737 962 σκύλακα
765 922 826 976 τῷ
857 917 1054 975 ἀδελφεῷ
1092 919 1424 975 τιμωρήσαντα,
1467 918 1766 972 δακρύσειε,95

430 987 676 1044 μνησθεῖσά
704 1005 749 1032 τε
772 987 1010 1044 Σμέρδιος,
1049 989 1122 1032 καὶ
1141 994 1350 1044 μαθοῦσα
1379 988 1437 1040 ὡς
1465 991 1594 1047 κείνῳ
1625 989 1707 1034 οὐκ
1913 1040 1914 1043 ¹

402 1061 498 1116 4εἴη
542 1058 566 1102 ὁ
607 1059 879 1115 τιμωρήσων.
926 1059 1134 1116 ’Έλληνες
1172 1060 1252 1115 μὲν
1290 1059 1343 1116 δὴ
1386 1060 1459 1103 διὰ
1497 1066 1627 1104 τοῦτο
1657 1059 1706 1105 τὸ
1912 1067 1916 1086 '

431 1133 535 1183 ἔπος
567 1132 675 1188 φασὶ
709 1130 847 1189 αὐτὴν
878 1129 1122 1176 ἀπολέσθαι
1151 1132 1238 1175 ὑπὸ
1258 1131 1514 1189 Καμβύσεω.
1574 1131 1707 1188 Αἰγύ-
1769 1138 1849 1178 211
1913 1139 1946 1185 ὲ3

430 1220 549 1248 πτιοι
579 1204 647 1257 δὲ,
680 1203 736 1255 ὡς
754 1204 938 1260 τραπέζῃ
957 1204 1334 1260 περικατημένων,
1369 1206 1594 1260 λαβοῦσαν
1610 1205 1709 1258 θρί-

433 1278 546 1319 δακα
584 1275 667 1332 τήν
703 1279 893 1331 γυναῖκα
921 1278 1157 1329 περιτῖλαι,
1195 1275 1268 1318 καὶ
1299 1275 1602 1329 έπανείρεσθαι
1632 1274 1710 1319 τὸν

428 1347 593 1402 ἄνδρα,
622 1346 807 1401 κότερον
835 1345 1157 1403 περιτετιλμένη
1186 1344 1213 1403 ἡ
1237 1348 1396 1402 θρίδαξ
1420 1347 1447 1403 ἢ
1468 1349 1619 1390 δασεῖα
1639 1348 1732 1404 ε’ίη1

373 1528 444 1565 lam
466 1524 564 1580 γάρ,
601 1540 710 1577 quam
732 1529 817 1576 post
839 1522 911 1576 μὲν
929 1524 1039 1573 vulgo

374 1586 552 1630 inserunt,
582 1598 662 1621 cum
681 1584 796 1620 Gaisf.
818 1584 944 1629 omisi3
974 1583 1040 1619 ab-

375 1646 433 1680 est
463 1641 559 1679 enim
589 1641 650 1678 illa
678 1654 700 1677 a
728 1639 920 1686 Medice0‚
950 1638 1039 1676 Flo-

374 1699 540 1747 rentino,
590 1697 678 1734 aliis.
757 1696 960 1744 Schweigh.
1002 1698 1040 1732 et

375 1754 510 1792 Matth.
540 1756 776 1791 retinuerunt.
802 1774 859 1781 —-
887 1753 1040 1802 συμβαρ

374 1809 477 1849 λεέιν
509 1811 627 1849 valet:
671 1812 878 1847 committere
903 1809 952 1845 ad
969 1822 1040 1859 pu-

373 1867 582 1918 gnandum,
624 1871 666 1904 ut
681 1867 729 1913 V,
754 1869 787 1907 1.
838 1866 898 1902 Ad
936 1861 1040 1904 οὕτω

376 1921 426 1972 δή
453 1925 546 1961 conf.
566 1924 594 1970 Ι,
617 1923 682 1964 94.
706 1916 796 1964 196.
816 1923 863 1969 ll,
883 1920 936 1962 94
959 1926 1038 1967 etc„

375 1993 421 2018 ne
440 1980 554 2030 plura.

431 2032 596 2087 κότερον
661 2031 956 2084 περιτετιλμένη
1012 2031 1042 2084 ἦ

375 2092 522 2142 θρίδαξ
548 2108 583 2130 κ.
608 2107 639 2130 τ.
661 2091 709 2141 λ.]
742 2092 763 2128 ἰ.
784 2104 814 2128 e.
847 2094 967 2127 utrum
998 2104 1040 2126 ea

375 2149 540 2195 lactuca,
573 2150 632 2185 cuz·
647 2148 745 2198 solia
770 2149 842 2184 siut
862 2148 1040 2197 decerpta,

373 2219 425 2243 an
447 2219 507 2252 ea,
538 2219 627 2254 quae
658 2207 800 2253 integra
824 2206 890 2250 sit,
921 2204 1041 2240 melior

376 2262 461 2299 sit?
499 2261 578 2299 Nos
609 2261 724 2299 Gaisf.
755 2262 869 2298 secuti
902 2273 1038 2307 sumus,

375 2318 561 2356 meliorem
594 2331 614 2355 e
643 2318 744 2355 libris
772 2318 916 2367 scriptis
940 2317 1040 2353 ordi-

375 2388 460 2412 nem
481 2388 563 2411 cum
583 2374 788 2423 Schweigh.
809 2378 1038 2411 revocantem

376 2436 413 2469 et
439 2430 584 2477 εὀῦσα,
641 2432 740 2480 quod
783 2431 902 2467 adhuc
939 2433 1040 2467 tenet

375 2487 605 2536 Schweigh.‚
646 2487 874 2524 abiicieutem
904 2499 1038 2523 eorun-

376 2544 460 2582 dem
483 2545 595 2581 ferme
617 2542 790 2580 librorum
815 2544 861 2579 ob
882 2543 1038 2579 auctori-

376 2604 502 2638 tatem.
525 2600 664 2648 Vulgo:
695 2596 858 2650 κότερον
885 2613 1038 2647 περιτε·

375 2655 538 2707 τιλμένη
579 2652 608 2706 ἢ
648 2656 786 2694 δασεῖα
823 2653 852 2705 ἦ
890 2655 1037 2705 θρίδαξ

378 2712 500 2752 ἐοῦσα
520 2712 580 2763 εἴη
599 2713 794 2759 καλλίων,·
833 2724 928 2761 quae
949 2710 1036 2748 val-

377 2770 481 2807 cken.
505 2770 589 2807 olim
609 2770 659 2805 sic
676 2769 929 2806 constituenda
950 2781 1035 2805 cen-

379 2828 468 2863 suit:
505 2822 647 2877 κότερα
687 2823 976 2877 περιτετιλμένη
1010 2821 1037 2874 ἦ

377 2883 524 2935 θρίδαξ
560 2878 589 2935 ἢ
628 2882 766 2922 δασεῖα
815 2880 936 2921 ἐοῦσα
977 2880 1036 2930 εἴη

1098 1519 1298 1576 ἀμείνων,
1361 1524 1533 1562 adiiciens
1585 1519 1761 1574 οἷμείνων

1096 1583 1202 1620 reddi
1242 1582 1405 1632 potuisse
1435 1582 1618 1628 καλλίων,
1651 1586 1692 1619 ut
1723 1582 1761 1619 in

1097 1638 1278 1687 Hesych.‚
1314 1639 1400 1675 ubi:
1440 1635 1627 1688 ἄμεινον·
1664 1633 1760 1677 κάλ-

1097 1698 1194 1734 λιον.
1226 1695 1287 1732 Tu
1299 1696 1394 1732 conf.
1408 1708 1555 1744 quoque
1571 1707 1761 1733 censorem

1096 1754 1134 1789 in
1155 1752 1350 1801 Ephemer.
1377 1751 1541 1790 lenenss.
1570 1753 1678 1791 1817
1706 1764 1762 1788 nr.

1100 1810 1179 1849 163
1199 1821 1284 1858 pag.
1308 1810 1402 1848 363.
1430 1829 1487 1836 -
1516 1807 1574 1844 Ad
1590 1821 1666 1845 rem
1689 1808 1762 1845 iam

1098 1865 1273 1903 Valcken.
1313 1864 1437 1901 attulit
1466 1864 1673 1914 Epicharmi
1702 1865 1759 1901 di-

1097 1926 1195 1959 ctum
1226 1921 1325 1971 apud
1346 1921 1477 1958 Athen.
1509 1920 1540 1957 Il
1572 1934 1608 1971 p.
1632 1922 1685 1961 68
1703 1920 1761 1967 F.,

1097 1991 1141 2015 ex
1167 1990 1240 2027 quo
1267 1982 1413 2027 praeter
1441 1976 1554 2024 alios,
1586 1990 1678 2026 quos
1698 1990 1761 2015 ex-

1097 2035 1182 2071 citat
1201 2033 1364 2071 Lobeck.
1393 2033 1471 2070 loco
1498 2046 1581 2070 mox
1607 2033 1761 2071 laudan-

1097 2091 1159 2136 do,
1179 2091 1287 2127 etiam
1299 2090 1523 2138 Phrynichus
1539 2091 1761 2140 processisse

1097 2147 1255 2193 videtur,
1277 2147 1437 2183 scribens
1456 2146 1689 2184 Herodotum
1702 2147 1762 2184 Io.-

1097 2217 1182 2241 num
1202 2216 1245 2241 ex
1266 2203 1423 2240 dialecto
1454 2203 1589 2241 dixisse
1618 2203 1760 2253 θρίδα-

1097 2275 1170 2308 κα,
1209 2259 1351 2297 Atticos
1370 2273 1457 2297 vero
1477 2257 1612 2310 (ἡμεῖς
1633 2257 1676 2298 δὲ
1694 2261 1760 2306 ait,

1097 2315 1152 2363 ὥς
1171 2312 1360 2363 Ἀττικοί)
1386 2316 1650 2365 θριδακίνην,
1679 2315 1759 2353 coll.

1094 2373 1331 2410 Antiatticist.
1351 2373 1386 2409 in
1408 2373 1569 2410 Bekkeri
1591 2371 1758 2410 Anecdd.

1095 2443 1180 2481 pag.
1202 2431 1267 2469 99.
1299 2429 1357 2465 Ad
1377 2441 1484 2478 quem
1497 2429 1688 2478 Phrynichi
1705 2428 1760 2465 lo-

1096 2500 1173 2523 cum
1194 2485 1357 2523 Lobeck.
1377 2486 1424 2522 de
1443 2498 1533 2522 voce
1555 2485 1701 2534 θρίδαξ
1726 2497 1755 2521 s.

1096 2543 1239 2579 lactuca
1270 2541 1475 2588 (Lattich)
1513 2542 1666 2590 plurima
1696 2553 1758 2578 ve-

1094 2604 1212 2636 terum
1240 2598 1386 2647 collegit
1412 2598 1641 2643 testimonia,
1662 2595 1757 2646 ‘’qui-

1095 2655 1160 2692 bus
1182 2655 1348 2691 omnibus
1375 2655 1592 2704 primitivum
1612 2653 1757 2704 placue-

1094 2712 1141 2748 rit
1160 2711 1318 2762 θρῖδαξ.
1363 2710 1442 2747 Nos
1464 2711 1643 2748 edidimus
1662 2710 1756 2760 θρί-

1095 2768 1164 2815 δαξ
1184 2796 1194 2813 ,
1264 2767 1570 2817 quemadmodum
1629 2779 1756 2807 omnes

1095 2828 1273 2873 quantum
1298 2825 1428 2860 scimus
1457 2823 1535 2859 libri
1563 2828 1601 2861 et
1629 2823 1755 2874 scripti

1096 2886 1132 2918 et
1152 2881 1239 2919 editi
1259 2881 1291 2917 h.
1307 2880 1333 2918 l.
1355 2880 1535 2918 exhibent.
1569 2880 1650 2917 vid.
1663 2883 1753 2917 nott.
1790 2888 1793 2893 ·
