<?xml version="1.0" encoding="UTF-8"?>
<!DOCTYPE html PUBLIC "-//W3C//DTD XHTML 1.0 Transitional//EN"
    "http://www.w3.org/TR/xhtml1/DTD/xhtml1-transitional.dtd">
<html xmlns="http://www.w3.org/1999/xhtml" xml:lang="en" lang="en">
 <head>
  <title>
</title>
<meta http-equiv="Content-Type" content="text/html;charset=utf-8" />
  <meta name='ocr-system' content='tesseract 3.04.00' />
  <meta name='ocr-capabilities' content='ocr_page ocr_carea ocr_par ocr_line ocrx_word'/>
</head>
<body>
  <div class='ocr_page' id='page_1' title='image "./musaeher02hero/musaeher02hero_0368.png"; bbox 0 0 1863 3256; ppageno 0'>
   <div class='ocr_carea' id='block_1_1' title="bbox 95 277 373 470">
    <p class='ocr_par' dir='ltr' id='par_1_1' title="bbox 95 277 373 371">
     <span class='ocr_line' id='line_1_1' title="bbox 95 277 373 311; baseline -0.008 -7"><span class='ocrx_word' id='word_1_1' title='bbox 95 277 125 304; x_wconf 81' lang='lat' dir='ltr'>lu</span> <span class='ocrx_word' id='word_1_2' title='bbox 139 277 290 304; x_wconf 78' lang='lat' dir='ltr'>diversum</span> <span class='ocrx_word' id='word_1_3' title='bbox 304 284 373 311; x_wconf 76' lang='lat' dir='ltr'>pro-</span> 
     </span>
     <span class='ocr_line' id='line_1_2' title="bbox 95 310 373 370; baseline -0.008 -31.846"><span class='ocrx_word' id='word_1_4' title='bbox 95 319 221 338; x_wconf 72' lang='lat' dir='ltr'>courren</span> <span class='ocrx_word' id='word_1_5' title='bbox 249 310 287 337; x_wconf 82' lang='lat' dir='ltr'>ad</span> <span class='ocrx_word' id='word_1_6' title='bbox 312 317 373 370; x_wconf 66' lang='lat' dir='ltr'>mae-</span> 
     </span>
     <span class='ocr_line' id='line_1_3' title="bbox 97 352 263 377; baseline -0.014 -6"><span class='ocrx_word' id='word_1_7' title='bbox 97 352 148 371; x_wconf 84' lang='lat' dir='ltr'>re:</span> <span class='ocrx_word' id='word_1_8' title='bbox 185 352 263 377; x_wconf 74' lang='lat' dir='ltr'>rina,</span> 
     </span>
    </p>

    <p class='ocr_par' dir='ltr' id='par_1_2' title="bbox 96 364 371 470">
     <span class='ocr_line' id='line_1_4' title="bbox 98 364 371 404; baseline -0.004 0"><span class='ocrx_word' id='word_1_9' title='bbox 98 378 167 404; x_wconf 69' lang='lat' dir='ltr'>Asia</span> <span class='ocrx_word' id='word_1_10' title='bbox 181 364 264 403; x_wconf 88' lang='lat' dir='ltr'>Mino</span> <span class='ocrx_word' id='word_1_11' title='bbox 249 385 282 403; x_wconf 89' lang='lat' dir='ltr'>or</span> <span class='ocrx_word' id='word_1_12' title='bbox 322 377 371 403; x_wconf 84' lang='lat' dir='ltr'>ici</span> 
     </span>
     <span class='ocr_line' id='line_1_5' title="bbox 96 411 220 443; baseline -0.008 -6"><span class='ocrx_word' id='word_1_13' title='bbox 96 415 164 443; x_wconf 88' lang='lat' dir='ltr'>tur,</span> <span class='ocrx_word' id='word_1_14' title='bbox 190 411 220 436; x_wconf 89' lang='lat' dir='ltr'>in</span> 
     </span>
     <span class='ocr_line' id='line_1_6' title="bbox 96 431 240 470; baseline 0 0"><span class='ocrx_word' id='word_1_15' title='bbox 96 431 191 470; x_wconf 78' lang='lat' dir='ltr'>tiones</span> <span class='ocrx_word' id='word_1_16' title='bbox 218 443 240 470; x_wconf 75' lang='lat' dir='ltr'>X</span> 
     </span>
    </p>
   </div>
   <div class='ocr_carea' id='block_1_2' title="bbox 242 418 372 471">
    <p class='ocr_par' dir='ltr' id='par_1_3' title="bbox 242 418 372 471">
     <span class='ocr_line' id='line_1_7' title="bbox 242 418 372 471; baseline 0 -34"><span class='ocrx_word' id='word_1_17' title='bbox 242 419 306 471; x_wconf 44' lang='lat' dir='ltr'>Qua</span> <span class='ocrx_word' id='word_1_18' title='bbox 321 418 372 437; x_wconf 76' lang='lat' dir='ltr'>na-</span> 
     </span>
    </p>
   </div>
   <div class='ocr_carea' id='block_1_3' title="bbox 426 168 512 209">
    <p class='ocr_par' dir='ltr' id='par_1_4' title="bbox 426 168 512 209">
     <span class='ocr_line' id='line_1_8' title="bbox 426 168 512 209; baseline 0.012 -1"><span class='ocrx_word' id='word_1_19' title='bbox 426 168 512 209; x_wconf 69' lang='lat'>354</span> 
     </span>
    </p>
   </div>
   <div class='ocr_carea' id='block_1_4' title="bbox 857 166 1328 206">
    <p class='ocr_par' dir='ltr' id='par_1_5' title="bbox 857 166 1328 206">
     <span class='ocr_line' id='line_1_9' title="bbox 857 166 1328 206; baseline -0.006 0"><span class='ocrx_word' id='word_1_20' title='bbox 857 166 1328 206; x_wconf 84' lang='lat' dir='ltr'>HERODOTI</span> 
     </span>
    </p>
   </div>
   <div class='ocr_carea' id='block_1_5' title="bbox 433 272 1699 334">
    <p class='ocr_par' dir='ltr' id='par_1_6' title="bbox 433 272 1699 334">
     <span class='ocr_line' id='line_1_10' title="bbox 433 272 1699 334; baseline -0.002 -15"><span class='ocrx_word' id='word_1_21' title='bbox 433 273 685 332; x_wconf 77' lang='grc' dir='ltr'><strong><em>διφάσιαι’</em></strong></span> <span class='ocrx_word' id='word_1_22' title='bbox 658 277 739 321; x_wconf 84' lang='grc' dir='ltr'><strong><em>απ’</em></strong></span> <span class='ocrx_word' id='word_1_23' title='bbox 769 276 905 334; x_wconf 78' lang='grc' dir='ltr'><strong><em>αὐτῆς</em></strong></span> <span class='ocrx_word' id='word_1_24' title='bbox 931 278 1237 320; x_wconf 77' lang='grc' dir='ltr'><strong><em>κατατείνουσι</em></strong></span> <span class='ocrx_word' id='word_1_25' title='bbox 1266 275 1309 325; x_wconf 80' lang='grc' dir='ltr'>ἐς</span> <span class='ocrx_word' id='word_1_26' title='bbox 1336 272 1592 328; x_wconf 80' lang='grc' dir='ltr'><strong><em>θάλασσαν,</em></strong></span> <span class='ocrx_word' id='word_1_27' title='bbox 1623 276 1699 326; x_wconf 79' lang='grc' dir='ltr'><strong><em>τοὶς</em></strong></span> 
     </span>
    </p>
   </div>
   <div class='ocr_carea' id='block_1_6' title="bbox 356 346 840 405">
    <p class='ocr_par' dir='ltr' id='par_1_7' title="bbox 356 346 840 405">
     <span class='ocr_line' id='line_1_11' title="bbox 356 346 840 405; baseline 0.002 -15.108"><span class='ocrx_word' id='word_1_28' title='bbox 356 351 425 389; x_wconf 72' lang='lat'>⁰2</span> <span class='ocrx_word' id='word_1_29' title='bbox 437 346 518 404; x_wconf 75' lang='grc' dir='ltr'>ἐγώ</span> <span class='ocrx_word' id='word_1_30' title='bbox 550 347 840 405; x_wconf 80' lang='grc' dir='ltr'><em>ἀπηγήσομαι.</em></span> 
     </span>
    </p>
   </div>
   <div class='ocr_carea' id='block_1_7' title="bbox 899 345 1699 403">
    <p class='ocr_par' dir='ltr' id='par_1_8' title="bbox 899 345 1699 403">
     <span class='ocr_line' id='line_1_12' title="bbox 899 345 1699 403; baseline -0.003 -13"><span class='ocrx_word' id='word_1_31' title='bbox 899 349 1028 391; x_wconf 77' lang='grc' dir='ltr'><strong><em>ἔνθεν</em></strong></span> <span class='ocrx_word' id='word_1_32' title='bbox 1065 346 1144 402; x_wconf 78' lang='grc' dir='ltr'>μὲν</span> <span class='ocrx_word' id='word_1_33' title='bbox 1180 345 1207 402; x_wconf 85' lang='grc' dir='ltr'><strong><em>ἡ</em></strong></span> <span class='ocrx_word' id='word_1_34' title='bbox 1245 345 1352 403; x_wconf 74' lang='grc' dir='ltr'><strong><em>ἀκτή</em></strong></span> <span class='ocrx_word' id='word_1_35' title='bbox 1390 345 1417 402; x_wconf 90' lang='grc' dir='ltr'><strong><em>ἡ</em></strong></span> <span class='ocrx_word' id='word_1_36' title='bbox 1455 345 1599 401; x_wconf 80' lang='grc' dir='ltr'><strong><em>ἑτέρη,</em></strong></span> <span class='ocrx_word' id='word_1_37' title='bbox 1645 345 1699 389; x_wconf 85' lang='grc' dir='ltr'><strong><em>τὰ</em></strong></span> 
     </span>
    </p>
   </div>
   <div class='ocr_carea' id='block_1_8' title="bbox 429 414 1756 542">
    <p class='ocr_par' dir='ltr' id='par_1_9' title="bbox 429 414 1756 542">
     <span class='ocr_line' id='line_1_13' title="bbox 429 414 1699 475; baseline -0.003 -13"><span class='ocrx_word' id='word_1_38' title='bbox 429 419 539 473; x_wconf 84' lang='grc' dir='ltr'><strong><em>πρὸς</em></strong></span> <span class='ocrx_word' id='word_1_39' title='bbox 573 422 713 475; x_wconf 85' lang='grc' dir='ltr'><strong><em>βορῆν</em></strong></span> <span class='ocrx_word' id='word_1_40' title='bbox 743 417 829 462; x_wconf 80' lang='grc' dir='ltr'>ἀπὸ</span> <span class='ocrx_word' id='word_1_41' title='bbox 864 417 1029 468; x_wconf 82' lang='grc' dir='ltr'><strong><em>Φάσιος</em></strong></span> <span class='ocrx_word' id='word_1_42' title='bbox 1060 414 1301 474; x_wconf 78' lang='grc' dir='ltr'><strong><em>ἀρξαμένη,</em></strong></span> <span class='ocrx_word' id='word_1_43' title='bbox 1335 416 1627 472; x_wconf 81' lang='grc' dir='ltr'><strong><em>παρατέταται</em></strong></span> <span class='ocrx_word' id='word_1_44' title='bbox 1658 416 1699 466; x_wconf 79' lang='grc' dir='ltr'>ἐς</span> 
     </span>
     <span class='ocr_line' id='line_1_14' title="bbox 429 486 1756 542; baseline -0.006 -9"><span class='ocrx_word' id='word_1_45' title='bbox 429 488 660 533; x_wconf 78' lang='grc' dir='ltr'><strong><em>θάλασσαν</em></strong></span> <span class='ocrx_word' id='word_1_46' title='bbox 688 487 810 542; x_wconf 82' lang='grc' dir='ltr'><strong><em>παρά</em></strong></span> <span class='ocrx_word' id='word_1_47' title='bbox 838 504 884 531; x_wconf 86' lang='grc' dir='ltr'><strong><em>τε</em></strong></span> <span class='ocrx_word' id='word_1_48' title='bbox 912 487 991 531; x_wconf 87' lang='grc' dir='ltr'><strong><em>τὸν</em></strong></span> <span class='ocrx_word' id='word_1_49' title='bbox 1023 486 1201 530; x_wconf 85' lang='grc' dir='ltr'><strong><em>Πόντον</em></strong></span> <span class='ocrx_word' id='word_1_50' title='bbox 1229 488 1303 531; x_wconf 80' lang='grc' dir='ltr'><strong><em>καὶ</em></strong></span> <span class='ocrx_word' id='word_1_51' title='bbox 1341 487 1421 531; x_wconf 78' lang='grc' dir='ltr'><strong><em>τόν</em></strong></span> <span class='ocrx_word' id='word_1_52' title='bbox 1444 486 1756 542; x_wconf 52' lang='grc' dir='ltr'><strong><em>Ἑλλήσπον-ῆο</em></strong></span> 
     </span>
    </p>
   </div>
   <div class='ocr_carea' id='block_1_9' title="bbox 429 559 1263 614">
    <p class='ocr_par' dir='ltr' id='par_1_10' title="bbox 429 559 1263 614">
     <span class='ocr_line' id='line_1_15' title="bbox 429 559 1263 614; baseline -0.002 -10"><span class='ocrx_word' id='word_1_53' title='bbox 429 577 529 611; x_wconf 85' lang='grc' dir='ltr'><strong><em>τον,</em></strong></span> <span class='ocrx_word' id='word_1_54' title='bbox 559 559 682 614; x_wconf 81' lang='grc' dir='ltr'><strong><em>μέχρι</em></strong></span> <span class='ocrx_word' id='word_1_55' title='bbox 711 559 895 614; x_wconf 76' lang='grc' dir='ltr'><strong><em>Σιγείου</em></strong></span> <span class='ocrx_word' id='word_1_56' title='bbox 923 563 1004 603; x_wconf 88' lang='grc' dir='ltr'><strong><em>τοῦ</em></strong></span> <span class='ocrx_word' id='word_1_57' title='bbox 1040 563 1263 613; x_wconf 81' lang='grc' dir='ltr'><strong><em>Τρωϊκοῦ·</em></strong></span> 
     </span>
    </p>
   </div>
   <div class='ocr_carea' id='block_1_10' title="bbox 1313 555 1697 612">
    <p class='ocr_par' dir='ltr' id='par_1_11' title="bbox 1313 555 1697 612">
     <span class='ocr_line' id='line_1_16' title="bbox 1313 555 1697 612; baseline -0.005 -10"><span class='ocrx_word' id='word_1_58' title='bbox 1313 558 1366 602; x_wconf 79' lang='grc' dir='ltr'><strong><em>τοὶ</em></strong></span> <span class='ocrx_word' id='word_1_59' title='bbox 1399 559 1446 603; x_wconf 81' lang='grc' dir='ltr'>ὸὲ</span> <span class='ocrx_word' id='word_1_60' title='bbox 1485 558 1599 612; x_wconf 78' lang='grc' dir='ltr'><strong><em>πρὸς</em></strong></span> <span class='ocrx_word' id='word_1_61' title='bbox 1627 555 1697 601; x_wconf 68' lang='lat' dir='ltr'>‘vo&#39;-</span> 
     </span>
    </p>
   </div>
   <div class='ocr_carea' id='block_1_11' title="bbox 427 625 1698 686">
    <p class='ocr_par' dir='ltr' id='par_1_12' title="bbox 427 625 1698 686">
     <span class='ocr_line' id='line_1_17' title="bbox 427 625 1698 686; baseline -0.002 -12"><span class='ocrx_word' id='word_1_62' title='bbox 427 648 529 680; x_wconf 88' lang='grc' dir='ltr'><strong><em>του,</em></strong></span> <span class='ocrx_word' id='word_1_63' title='bbox 579 628 606 686; x_wconf 84' lang='grc' dir='ltr'><em>ἡ</em></span> <span class='ocrx_word' id='word_1_64' title='bbox 646 625 757 682; x_wconf 80' lang='grc' dir='ltr'><strong><em>αὐτή</em></strong></span> <span class='ocrx_word' id='word_1_65' title='bbox 807 626 918 684; x_wconf 81' lang='grc' dir='ltr'><strong><em>αὕτη</em></strong></span> <span class='ocrx_word' id='word_1_66' title='bbox 958 628 1065 686; x_wconf 77' lang='grc' dir='ltr'><strong><em>ἀκτὴ</em></strong></span> <span class='ocrx_word' id='word_1_67' title='bbox 1106 628 1192 673; x_wconf 79' lang='grc' dir='ltr'>ἀπὸ</span> <span class='ocrx_word' id='word_1_68' title='bbox 1233 633 1313 672; x_wconf 87' lang='grc' dir='ltr'><strong><em>τοῦ</em></strong></span> <span class='ocrx_word' id='word_1_69' title='bbox 1353 631 1698 685; x_wconf 85' lang='grc' dir='ltr'><strong><em>Μυριανδρικοῦ</em></strong></span> 
     </span>
    </p>
   </div>
   <div class='ocr_carea' id='block_1_12' title="bbox 405 723 646 727">
    <p class='ocr_par' dir='ltr' id='par_1_13' title="bbox 405 723 646 727">
     <span class='ocr_line' id='line_1_18' title="bbox 405 723 646 727; baseline 0 0"><span class='ocrx_word' id='word_1_70' title='bbox 405 723 646 727; x_wconf 95' lang='lat' dir='ltr'> </span> 
     </span>
    </p>
   </div>
   <div class='ocr_carea' id='block_1_13' title="bbox 320 759 1039 2847">
    <p class='ocr_par' dir='ltr' id='par_1_14' title="bbox 320 759 1039 2847">
     <span class='ocr_line' id='line_1_19' title="bbox 373 759 1036 815; baseline -0.003 -10"><span class='ocrx_word' id='word_1_71' title='bbox 373 759 440 805; x_wconf 68' lang='grc' dir='ltr'>ἀπ’</span> <span class='ocrx_word' id='word_1_72' title='bbox 450 759 589 815; x_wconf 72' lang='grc' dir='ltr'><strong><em>αὐτῆς,</em></strong></span> <span class='ocrx_word' id='word_1_73' title='bbox 598 777 666 813; x_wconf 88' lang='lat' dir='ltr'>pro</span> <span class='ocrx_word' id='word_1_74' title='bbox 678 766 941 815; x_wconf 84' lang='lat' dir='ltr'>iisWesseling.</span> <span class='ocrx_word' id='word_1_75' title='bbox 955 779 1036 804; x_wconf 92' lang='lat' dir='ltr'>cum</span> 
     </span>
     <span class='ocr_line' id='line_1_20' title="bbox 374 817 1036 861; baseline 0 -3"><span class='ocrx_word' id='word_1_76' title='bbox 374 821 523 859; x_wconf 87' lang='lat' dir='ltr'>Pauwio</span> <span class='ocrx_word' id='word_1_77' title='bbox 537 820 693 859; x_wconf 85' lang='lat' dir='ltr'>malebat</span> <span class='ocrx_word' id='word_1_78' title='bbox 709 817 774 861; x_wconf 67' lang='grc' dir='ltr'>ἄπ’</span> <span class='ocrx_word' id='word_1_79' title='bbox 793 818 946 861; x_wconf 66' lang='grc' dir='ltr'><strong><em>αὐτέων</em></strong></span> <span class='ocrx_word' id='word_1_80' title='bbox 961 822 1036 860; x_wconf 82' lang='lat' dir='ltr'>scil.</span> 
     </span>
     <span class='ocr_line' id='line_1_21' title="bbox 374 875 1037 923; baseline -0.002 -7"><span class='ocrx_word' id='word_1_81' title='bbox 374 875 612 916; x_wconf 78' lang='grc' dir='ltr'><strong><em>θαλασσὲων</em></strong></span> <span class='ocrx_word' id='word_1_82' title='bbox 656 880 733 916; x_wconf 88' lang='lat' dir='ltr'>sive</span> <span class='ocrx_word' id='word_1_83' title='bbox 773 877 948 923; x_wconf 72' lang='grc' dir='ltr'><strong><em>ἐθνέων,</em></strong></span> <span class='ocrx_word' id='word_1_84' title='bbox 989 879 1037 916; x_wconf 88' lang='lat' dir='ltr'>de</span> 
     </span>
     <span class='ocr_line' id='line_1_22' title="bbox 371 933 1036 984; baseline 0.002 -14"><span class='ocrx_word' id='word_1_85' title='bbox 371 934 503 984; x_wconf 85' lang='lat' dir='ltr'>quibus</span> <span class='ocrx_word' id='word_1_86' title='bbox 545 933 619 971; x_wconf 90' lang='lat' dir='ltr'>scil.</span> <span class='ocrx_word' id='word_1_87' title='bbox 668 939 778 972; x_wconf 83' lang='lat' dir='ltr'>antea</span> <span class='ocrx_word' id='word_1_88' title='bbox 820 936 1036 973; x_wconf 82' lang='lat' dir='ltr'>Herodotus</span> 
     </span>
     <span class='ocr_line' id='line_1_23' title="bbox 371 991 1035 1036; baseline 0 -9"><span class='ocrx_word' id='word_1_89' title='bbox 371 991 512 1027; x_wconf 89' lang='lat' dir='ltr'>locutus</span> <span class='ocrx_word' id='word_1_90' title='bbox 551 995 640 1027; x_wconf 85' lang='lat' dir='ltr'>erat.</span> <span class='ocrx_word' id='word_1_91' title='bbox 697 992 804 1029; x_wconf 87' lang='lat' dir='ltr'>Reiz.</span> <span class='ocrx_word' id='word_1_92' title='bbox 857 992 1035 1036; x_wconf 76' lang='lat' dir='ltr'>(praefat.</span> 
     </span>
     <span class='ocr_line' id='line_1_24' title="bbox 373 1042 1036 1097; baseline 0.005 -14"><span class='ocrx_word' id='word_1_93' title='bbox 373 1059 459 1097; x_wconf 89' lang='lat' dir='ltr'>pag.</span> <span class='ocrx_word' id='word_1_94' title='bbox 471 1045 596 1094; x_wconf 91' lang='lat' dir='ltr'>XVll)</span> <span class='ocrx_word' id='word_1_95' title='bbox 610 1048 793 1097; x_wconf 78' lang='lat' dir='ltr'><strong>rescripsit</strong></span> <span class='ocrx_word' id='word_1_96' title='bbox 805 1042 873 1086; x_wconf 73' lang='grc' dir='ltr'><strong><em>ἄττ’</em></strong></span> <span class='ocrx_word' id='word_1_97' title='bbox 883 1042 1036 1096; x_wconf 81' lang='grc' dir='ltr'><strong><em>οἷντίης,</em></strong></span> 
     </span>
     <span class='ocr_line' id='line_1_25' title="bbox 373 1103 1036 1150; baseline 0 -10"><span class='ocrx_word' id='word_1_98' title='bbox 373 1116 454 1140; x_wconf 88' lang='lat' dir='ltr'>cum</span> <span class='ocrx_word' id='word_1_99' title='bbox 485 1104 533 1140; x_wconf 90' lang='lat' dir='ltr'>de</span> <span class='ocrx_word' id='word_1_100' title='bbox 553 1103 663 1141; x_wconf 86' lang='lat' dir='ltr'>Asiae</span> <span class='ocrx_word' id='word_1_101' title='bbox 694 1105 789 1142; x_wconf 86' lang='lat' dir='ltr'>inter</span> <span class='ocrx_word' id='word_1_102' title='bbox 815 1105 888 1141; x_wconf 91' lang='lat' dir='ltr'>duo</span> <span class='ocrx_word' id='word_1_103' title='bbox 908 1105 1036 1150; x_wconf 90' lang='lat' dir='ltr'>maria,</span> 
     </span>
     <span class='ocr_line' id='line_1_26' title="bbox 374 1160 1036 1211; baseline 0 -14"><span class='ocrx_word' id='word_1_104' title='bbox 374 1160 565 1197; x_wconf 87' lang='lat' dir='ltr'>Ponticum</span> <span class='ocrx_word' id='word_1_105' title='bbox 587 1166 624 1196; x_wconf 88' lang='lat' dir='ltr'>et</span> <span class='ocrx_word' id='word_1_106' title='bbox 654 1160 857 1208; x_wconf 87' lang='lat' dir='ltr'>internum,</span> <span class='ocrx_word' id='word_1_107' title='bbox 886 1174 1036 1211; x_wconf 90' lang='lat' dir='ltr'>procur-</span> 
     </span>
     <span class='ocr_line' id='line_1_27' title="bbox 372 1215 1035 1255; baseline -0.002 -1"><span class='ocrx_word' id='word_1_108' title='bbox 372 1216 484 1254; x_wconf 88' lang='lat' dir='ltr'>rentis</span> <span class='ocrx_word' id='word_1_109' title='bbox 493 1215 671 1253; x_wconf 71' lang='lat' dir='ltr'>littoribus</span> <span class='ocrx_word' id='word_1_110' title='bbox 685 1217 835 1254; x_wconf 79' lang='lat' dir='ltr'>diversis</span> <span class='ocrx_word' id='word_1_111' title='bbox 845 1230 963 1255; x_wconf 89' lang='lat' dir='ltr'>sermo</span> <span class='ocrx_word' id='word_1_112' title='bbox 975 1217 1035 1254; x_wconf 87' lang='lat' dir='ltr'>sit.</span> 
     </span>
     <span class='ocr_line' id='line_1_28' title="bbox 373 1273 1034 1322; baseline 0.002 -12"><span class='ocrx_word' id='word_1_113' title='bbox 373 1273 556 1322; x_wconf 78' lang='lat' dir='ltr'><strong>Equidem</strong></span> <span class='ocrx_word' id='word_1_114' title='bbox 576 1274 611 1309; x_wconf 91' lang='lat' dir='ltr'>in</span> <span class='ocrx_word' id='word_1_115' title='bbox 629 1273 779 1322; x_wconf 82' lang='lat' dir='ltr'>vulgata</span> <span class='ocrx_word' id='word_1_116' title='bbox 800 1274 954 1312; x_wconf 89' lang='lat' dir='ltr'>lectione</span> <span class='ocrx_word' id='word_1_117' title='bbox 974 1286 1034 1311; x_wconf 90' lang='lat' dir='ltr'>ac-</span> 
     </span>
     <span class='ocr_line' id='line_1_29' title="bbox 372 1330 1035 1381; baseline 0 -15"><span class='ocrx_word' id='word_1_118' title='bbox 372 1330 543 1379; x_wconf 80' lang='lat' dir='ltr'>quiesco,</span> <span class='ocrx_word' id='word_1_119' title='bbox 601 1342 710 1378; x_wconf 89' lang='lat' dir='ltr'>quam</span> <span class='ocrx_word' id='word_1_120' title='bbox 769 1331 819 1367; x_wconf 88' lang='lat' dir='ltr'>sic</span> <span class='ocrx_word' id='word_1_121' title='bbox 869 1330 1035 1381; x_wconf 77' lang='lat' dir='ltr'>exposuit</span> 
     </span>
     <span class='ocr_line' id='line_1_30' title="bbox 372 1382 1035 1435; baseline 0 -13"><span class='ocrx_word' id='word_1_122' title='bbox 372 1386 599 1435; x_wconf 87' lang='lat' dir='ltr'>Schweigh.:</span> <span class='ocrx_word' id='word_1_123' title='bbox 617 1382 860 1432; x_wconf 76' lang='grc' dir='ltr'><strong><em>,,Ἐνθεῦτεν</em></strong></span> <span class='ocrx_word' id='word_1_124' title='bbox 873 1385 929 1432; x_wconf 79' lang='grc' dir='ltr'>δὲ,</span> <span class='ocrx_word' id='word_1_125' title='bbox 944 1385 1035 1423; x_wconf 79' lang='lat' dir='ltr'>Inde</span> 
     </span>
     <span class='ocr_line' id='line_1_31' title="bbox 373 1442 1034 1490; baseline 0.003 -12"><span class='ocrx_word' id='word_1_126' title='bbox 373 1455 475 1488; x_wconf 85' lang='lat' dir='ltr'>vero,</span> <span class='ocrx_word' id='word_1_127' title='bbox 514 1443 565 1479; x_wconf 89' lang='lat' dir='ltr'>ait</span> <span class='ocrx_word' id='word_1_128' title='bbox 600 1442 839 1490; x_wconf 87' lang='lat' dir='ltr'>Herodotus,</span> <span class='ocrx_word' id='word_1_129' title='bbox 888 1444 926 1480; x_wconf 88' lang='lat' dir='ltr'>id</span> <span class='ocrx_word' id='word_1_130' title='bbox 966 1447 1034 1489; x_wconf 87' lang='lat' dir='ltr'>est,</span> 
     </span>
     <span class='ocr_line' id='line_1_32' title="bbox 376 1498 1038 1549; baseline 0 -14"><span class='ocrx_word' id='word_1_131' title='bbox 376 1499 422 1535; x_wconf 88' lang='lat' dir='ltr'>ab</span> <span class='ocrx_word' id='word_1_132' title='bbox 440 1498 502 1535; x_wconf 78' lang='lat' dir='ltr'>illo</span> <span class='ocrx_word' id='word_1_133' title='bbox 519 1498 603 1535; x_wconf 77' lang='lat' dir='ltr'>inde</span> <span class='ocrx_word' id='word_1_134' title='bbox 618 1502 792 1536; x_wconf 81' lang='lat' dir='ltr'>terrarum</span> <span class='ocrx_word' id='word_1_135' title='bbox 811 1503 948 1545; x_wconf 83' lang='lat' dir='ltr'>tractu,</span> <span class='ocrx_word' id='word_1_136' title='bbox 975 1501 1038 1549; x_wconf 81' lang='lat' dir='ltr'>qui</span> 
     </span>
     <span class='ocr_line' id='line_1_33' title="bbox 372 1555 1037 1605; baseline 0.002 -14"><span class='ocrx_word' id='word_1_137' title='bbox 372 1568 437 1605; x_wconf 84' lang='lat' dir='ltr'>per</span> <span class='ocrx_word' id='word_1_138' title='bbox 465 1555 615 1591; x_wconf 77' lang='lat' dir='ltr'>mediam</span> <span class='ocrx_word' id='word_1_139' title='bbox 632 1556 755 1592; x_wconf 80' lang='lat' dir='ltr'><em>Asiam</em></span> <span class='ocrx_word' id='word_1_140' title='bbox 779 1569 801 1592; x_wconf 89' lang='lat' dir='ltr'>a</span> <span class='ocrx_word' id='word_1_141' title='bbox 826 1557 970 1593; x_wconf 73' lang='lat' dir='ltr'>meridie</span> <span class='ocrx_word' id='word_1_142' title='bbox 987 1556 1037 1592; x_wconf 85' lang='lat' dir='ltr'>ad</span> 
     </span>
     <span class='ocr_line' id='line_1_34' title="bbox 339 1613 1038 1663; baseline 0.003 -16"><span class='ocrx_word' id='word_1_143' title='bbox 339 1660 341 1663; x_wconf 90' lang='lat'>.</span> <span class='ocrx_word' id='word_1_144' title='bbox 376 1613 646 1662; x_wconf 77' lang='lat' dir='ltr'><em>septentrionem</em></span> <span class='ocrx_word' id='word_1_145' title='bbox 669 1614 893 1661; x_wconf 73' lang='lat' dir='ltr'><em>porrigitur,</em></span> <span class='ocrx_word' id='word_1_146' title='bbox 939 1624 1038 1661; x_wconf 88' lang='lat' dir='ltr'>quae</span> 
     </span>
     <span class='ocr_line' id='line_1_35' title="bbox 373 1668 1038 1707; baseline 0.002 -2"><span class='ocrx_word' id='word_1_147' title='bbox 373 1673 430 1705; x_wconf 90' lang='lat' dir='ltr'>est</span> <span class='ocrx_word' id='word_1_148' title='bbox 457 1668 646 1705; x_wconf 89' lang='lat' dir='ltr'>continens</span> <span class='ocrx_word' id='word_1_149' title='bbox 664 1668 774 1706; x_wconf 87' lang='lat' dir='ltr'>Asiae</span> <span class='ocrx_word' id='word_1_150' title='bbox 798 1673 896 1707; x_wconf 85' lang='lat' dir='ltr'>terra</span> <span class='ocrx_word' id='word_1_151' title='bbox 916 1682 958 1706; x_wconf 88' lang='lat' dir='ltr'>ac</span> <span class='ocrx_word' id='word_1_152' title='bbox 975 1681 1038 1706; x_wconf 89' lang='lat' dir='ltr'>ve-</span> 
     </span>
     <span class='ocr_line' id='line_1_36' title="bbox 375 1723 1036 1775; baseline 0.002 -14"><span class='ocrx_word' id='word_1_153' title='bbox 375 1723 442 1761; x_wconf 91' lang='lat' dir='ltr'>luti</span> <span class='ocrx_word' id='word_1_154' title='bbox 461 1723 721 1762; x_wconf 83' lang='lat' dir='ltr'>meditullium:</span> <span class='ocrx_word' id='word_1_155' title='bbox 751 1726 848 1773; x_wconf 81' lang='lat' dir='ltr'>inde,</span> <span class='ocrx_word' id='word_1_156' title='bbox 876 1726 1036 1775; x_wconf 89' lang='lat' dir='ltr'>inquam,</span> 
     </span>
     <span class='ocr_line' id='line_1_37' title="bbox 374 1780 1037 1828; baseline 0 -10"><span class='ocrx_word' id='word_1_157' title='bbox 374 1793 495 1818; x_wconf 84' lang='lat' dir='ltr'>versus</span> <span class='ocrx_word' id='word_1_158' title='bbox 552 1780 785 1828; x_wconf 78' lang='lat' dir='ltr'>occidentem,</span> <span class='ocrx_word' id='word_1_159' title='bbox 843 1785 1037 1819; x_wconf 76' lang='lat' dir='ltr'>excurrunt</span> 
     </span>
     <span class='ocr_line' id='line_1_38' title="bbox 375 1831 1039 1887; baseline -0.003 -10"><span class='ocrx_word' id='word_1_160' title='bbox 375 1832 443 1877; x_wconf 59' lang='lat'>02⁷3</span> <span class='ocrx_word' id='word_1_161' title='bbox 477 1831 622 1887; x_wconf 70' lang='grc' dir='ltr'><strong><em>αὐτῆς,</em></strong></span> <span class='ocrx_word' id='word_1_162' title='bbox 662 1838 707 1874; x_wconf 83' lang='lat' dir='ltr'>ab</span> <span class='ocrx_word' id='word_1_163' title='bbox 735 1838 802 1875; x_wconf 79' lang='lat' dir='ltr'>hac</span> <span class='ocrx_word' id='word_1_164' title='bbox 830 1840 1039 1876; x_wconf 77' lang='lat' dir='ltr'><strong>continente</strong></span> 
     </span>
     <span class='ocr_line' id='line_1_39' title="bbox 375 1888 1038 1943; baseline 0.002 -13"><span class='ocrx_word' id='word_1_165' title='bbox 375 1895 477 1941; x_wconf 75' lang='lat' dir='ltr'>Asia,</span> <span class='ocrx_word' id='word_1_166' title='bbox 497 1888 614 1933; x_wconf 80' lang='grc' dir='ltr'><strong><em>οἷκταὶ</em></strong></span> <span class='ocrx_word' id='word_1_167' title='bbox 633 1890 833 1943; x_wconf 76' lang='grc' dir='ltr'><strong><em>διφάσιαι,</em></strong></span> <span class='ocrx_word' id='word_1_168' title='bbox 850 1895 941 1932; x_wconf 82' lang='lat' dir='ltr'>duae</span> <span class='ocrx_word' id='word_1_169' title='bbox 958 1908 1038 1932; x_wconf 84' lang='lat' dir='ltr'>orae</span> 
     </span>
     <span class='ocr_line' id='line_1_40' title="bbox 374 1952 1038 2001; baseline 0.002 -14"><span class='ocrx_word' id='word_1_170' title='bbox 374 1953 412 1988; x_wconf 84' lang='lat' dir='ltr'>in</span> <span class='ocrx_word' id='word_1_171' title='bbox 440 1963 537 1987; x_wconf 89' lang='lat' dir='ltr'>mare</span> <span class='ocrx_word' id='word_1_172' title='bbox 565 1954 772 2001; x_wconf 82' lang='lat' dir='ltr'><em>porrectae,</em></span> <span class='ocrx_word' id='word_1_173' title='bbox 801 1952 896 1990; x_wconf 89' lang='lat' dir='ltr'>duae</span> <span class='ocrx_word' id='word_1_174' title='bbox 916 1952 1038 2001; x_wconf 87' lang='lat' dir='ltr'>regio-</span> 
     </span>
     <span class='ocr_line' id='line_1_41' title="bbox 374 2008 1039 2058; baseline 0.002 -14"><span class='ocrx_word' id='word_1_175' title='bbox 374 2019 440 2046; x_wconf 88' lang='lat' dir='ltr'>nes</span> <span class='ocrx_word' id='word_1_176' title='bbox 468 2008 521 2044; x_wconf 87' lang='lat' dir='ltr'>ita</span> <span class='ocrx_word' id='word_1_177' title='bbox 549 2008 586 2044; x_wconf 89' lang='lat' dir='ltr'>in</span> <span class='ocrx_word' id='word_1_178' title='bbox 616 2020 716 2045; x_wconf 89' lang='lat' dir='ltr'>mare</span> <span class='ocrx_word' id='word_1_179' title='bbox 744 2014 955 2058; x_wconf 83' lang='lat' dir='ltr'><em>porrectae,</em></span> <span class='ocrx_word' id='word_1_180' title='bbox 995 2012 1039 2045; x_wconf 92' lang='lat' dir='ltr'>ut</span> 
     </span>
     <span class='ocr_line' id='line_1_42' title="bbox 374 2064 1039 2115; baseline 0 -14"><span class='ocrx_word' id='word_1_181' title='bbox 374 2077 498 2102; x_wconf 85' lang='lat' dir='ltr'>earum</span> <span class='ocrx_word' id='word_1_182' title='bbox 518 2064 633 2101; x_wconf 87' lang='lat' dir='ltr'>maior</span> <span class='ocrx_word' id='word_1_183' title='bbox 651 2077 738 2115; x_wconf 88' lang='lat' dir='ltr'>pars</span> <span class='ocrx_word' id='word_1_184' title='bbox 753 2065 842 2102; x_wconf 86' lang='lat' dir='ltr'>mari</span> <span class='ocrx_word' id='word_1_185' title='bbox 859 2064 1039 2112; x_wconf 86' lang='lat' dir='ltr'>adluatur,</span> 
     </span>
     <span class='ocr_line' id='line_1_43' title="bbox 375 2120 1039 2171; baseline -0.002 -13"><span class='ocrx_word' id='word_1_186' title='bbox 375 2121 545 2169; x_wconf 77' lang='lat' dir='ltr'>adeoque</span> <span class='ocrx_word' id='word_1_187' title='bbox 559 2120 654 2158; x_wconf 86' lang='lat' dir='ltr'>duae</span> <span class='ocrx_word' id='word_1_188' title='bbox 666 2120 776 2158; x_wconf 87' lang='lat' dir='ltr'>veluti</span> <span class='ocrx_word' id='word_1_189' title='bbox 789 2121 1039 2171; x_wconf 83' lang='lat' dir='ltr'>paeninsulae.</span> 
     </span>
     <span class='ocr_line' id='line_1_44' title="bbox 374 2176 1038 2224; baseline 0.003 -11"><span class='ocrx_word' id='word_1_190' title='bbox 374 2177 517 2214; x_wconf 84' lang='lat' dir='ltr'>Harum</span> <span class='ocrx_word' id='word_1_191' title='bbox 547 2190 619 2214; x_wconf 88' lang='lat' dir='ltr'>una</span> <span class='ocrx_word' id='word_1_192' title='bbox 652 2182 708 2214; x_wconf 85' lang='lat' dir='ltr'>est</span> <span class='ocrx_word' id='word_1_193' title='bbox 728 2176 815 2214; x_wconf 88' lang='lat' dir='ltr'>Asia</span> <span class='ocrx_word' id='word_1_194' title='bbox 834 2178 970 2224; x_wconf 88' lang='lat' dir='ltr'>minor,</span> <span class='ocrx_word' id='word_1_195' title='bbox 1000 2178 1038 2215; x_wconf 89' lang='lat' dir='ltr'>in</span> 
     </span>
     <span class='ocr_line' id='line_1_45' title="bbox 375 2230 1037 2284; baseline 0.006 -15"><span class='ocrx_word' id='word_1_196' title='bbox 375 2233 513 2270; x_wconf 86' lang='lat' dir='ltr'>boreali</span> <span class='ocrx_word' id='word_1_197' title='bbox 543 2238 648 2283; x_wconf 88' lang='lat' dir='ltr'>parte</span> <span class='ocrx_word' id='word_1_198' title='bbox 669 2246 691 2270; x_wconf 88' lang='lat' dir='ltr'>a</span> <span class='ocrx_word' id='word_1_199' title='bbox 712 2234 822 2271; x_wconf 87' lang='lat' dir='ltr'>Phasi</span> <span class='ocrx_word' id='word_1_200' title='bbox 853 2232 907 2284; x_wconf 77' lang='grc' dir='ltr'>[ἦ</span> <span class='ocrx_word' id='word_1_201' title='bbox 936 2230 1037 2284; x_wconf 76' lang='grc' dir='ltr'><strong><em>οἶκτη</em></strong></span> 
     </span>
     <span class='ocr_line' id='line_1_46' title="bbox 374 2286 1037 2355; baseline 0.005 -29"><span class='ocrx_word' id='word_1_202' title='bbox 374 2286 403 2332; x_wconf 67' lang='grc' dir='ltr'>’ἡ</span> <span class='ocrx_word' id='word_1_203' title='bbox 437 2287 546 2339; x_wconf 76' lang='grc' dir='ltr'><strong><em>ἑτέρη</em></strong></span> <span class='ocrx_word' id='word_1_204' title='bbox 582 2305 628 2328; x_wconf 89' lang='grc' dir='ltr'>τα</span> <span class='ocrx_word' id='word_1_205' title='bbox 664 2305 763 2340; x_wconf 87' lang='grc' dir='ltr'><strong><em>προς</em></strong></span> <span class='ocrx_word' id='word_1_206' title='bbox 793 2291 923 2355; x_wconf 82' lang='grc' dir='ltr'><strong><em>βορῆν</em></strong></span> <span class='ocrx_word' id='word_1_207' title='bbox 956 2286 1037 2330; x_wconf 82' lang='grc' dir='ltr'><strong><em>οἷπο</em></strong></span> 
     </span>
     <span class='ocr_line' id='line_1_47' title="bbox 378 2340 1038 2397; baseline 0.003 -15"><span class='ocrx_word' id='word_1_208' title='bbox 378 2340 530 2390; x_wconf 86' lang='grc' dir='ltr'><strong><em>Φασιος</em></strong></span> <span class='ocrx_word' id='word_1_209' title='bbox 550 2340 781 2397; x_wconf 76' lang='grc' dir='ltr'><strong><em>ἄρξαμένη]</em></strong></span> <span class='ocrx_word' id='word_1_210' title='bbox 824 2348 860 2384; x_wconf 89' lang='lat' dir='ltr'>in</span> <span class='ocrx_word' id='word_1_211' title='bbox 889 2347 1038 2384; x_wconf 85' lang='lat' dir='ltr'>australi</span> 
     </span>
     <span class='ocr_line' id='line_1_48' title="bbox 376 2397 1034 2454; baseline 0.005 -15"><span class='ocrx_word' id='word_1_212' title='bbox 376 2397 450 2451; x_wconf 84' lang='grc' dir='ltr'><strong><em>[τοι</em></strong></span> <span class='ocrx_word' id='word_1_213' title='bbox 491 2398 533 2440; x_wconf 83' lang='grc' dir='ltr'>δὲ</span> <span class='ocrx_word' id='word_1_214' title='bbox 569 2399 670 2452; x_wconf 77' lang='grc' dir='ltr'><strong><em>πρός</em></strong></span> <span class='ocrx_word' id='word_1_215' title='bbox 696 2399 838 2450; x_wconf 85' lang='grc' dir='ltr'><strong><em>νότου,</em></strong></span> <span class='ocrx_word' id='word_1_216' title='bbox 877 2401 906 2452; x_wconf 76' lang='grc' dir='ltr'><em>ἦ</em></span> <span class='ocrx_word' id='word_1_217' title='bbox 921 2398 1034 2454; x_wconf 70' lang='grc' dir='ltr'><strong><em>αὐτὴ</em></strong></span> 
     </span>
     <span class='ocr_line' id='line_1_49' title="bbox 375 2452 1035 2508; baseline 0.002 -13"><span class='ocrx_word' id='word_1_218' title='bbox 375 2453 476 2507; x_wconf 73' lang='grc' dir='ltr'><strong><em>αὕτη</em></strong></span> <span class='ocrx_word' id='word_1_219' title='bbox 507 2452 607 2508; x_wconf 84' lang='grc' dir='ltr'><strong><em>α’κτη</em></strong></span> <span class='ocrx_word' id='word_1_220' title='bbox 634 2473 668 2496; x_wconf 86' lang='grc' dir='ltr'>κ.</span> <span class='ocrx_word' id='word_1_221' title='bbox 694 2474 724 2496; x_wconf 89' lang='grc' dir='ltr'>τ.</span> <span class='ocrx_word' id='word_1_222' title='bbox 746 2461 778 2498; x_wconf 81' lang='grc' dir='ltr'>λ.</span> <span class='ocrx_word' id='word_1_223' title='bbox 790 2457 804 2508; x_wconf 91' lang='grc'>]</span> <span class='ocrx_word' id='word_1_224' title='bbox 837 2459 1035 2497; x_wconf 80' lang='lat' dir='ltr'>aPhoeni-</span> 
     </span>
     <span class='ocr_line' id='line_1_50' title="bbox 374 2513 1035 2553; baseline 0.002 -2"><span class='ocrx_word' id='word_1_225' title='bbox 374 2513 431 2551; x_wconf 84' lang='lat' dir='ltr'>cia</span> <span class='ocrx_word' id='word_1_226' title='bbox 460 2514 496 2550; x_wconf 91' lang='lat' dir='ltr'>in</span> <span class='ocrx_word' id='word_1_227' title='bbox 522 2526 621 2552; x_wconf 86' lang='lat' dir='ltr'>mare</span> <span class='ocrx_word' id='word_1_228' title='bbox 646 2516 952 2552; x_wconf 88' lang='lat' dir='ltr'>mediterraneum</span> <span class='ocrx_word' id='word_1_229' title='bbox 973 2528 1035 2553; x_wconf 85' lang='lat' dir='ltr'>ex-</span> 
     </span>
     <span class='ocr_line' id='line_1_51' title="bbox 373 2569 1033 2609; baseline 0.002 -2"><span class='ocrx_word' id='word_1_230' title='bbox 373 2583 534 2608; x_wconf 86' lang='lat' dir='ltr'>currens.</span> <span class='ocrx_word' id='word_1_231' title='bbox 593 2569 717 2608; x_wconf 77' lang='lat' dir='ltr'>Altem</span> <span class='ocrx_word' id='word_1_232' title='bbox 756 2584 820 2608; x_wconf 86' lang='lat' dir='ltr'>ora</span> <span class='ocrx_word' id='word_1_233' title='bbox 852 2584 895 2608; x_wconf 89' lang='lat' dir='ltr'>ac</span> <span class='ocrx_word' id='word_1_234' title='bbox 924 2572 1033 2609; x_wconf 86' lang='lat' dir='ltr'>veluti</span> 
     </span>
     <span class='ocr_line' id='line_1_52' title="bbox 373 2625 1037 2677; baseline 0.002 -14"><span class='ocrx_word' id='word_1_235' title='bbox 373 2625 587 2676; x_wconf 82' lang='lat' dir='ltr'>paeninsula</span> <span class='ocrx_word' id='word_1_236' title='bbox 606 2627 728 2677; x_wconf 80' lang='lat' dir='ltr'>incipit</span> <span class='ocrx_word' id='word_1_237' title='bbox 747 2639 769 2664; x_wconf 85' lang='lat' dir='ltr'>a</span> <span class='ocrx_word' id='word_1_238' title='bbox 790 2627 942 2665; x_wconf 89' lang='lat' dir='ltr'>Perside</span> <span class='ocrx_word' id='word_1_239' title='bbox 960 2640 1037 2664; x_wconf 88' lang='lat' dir='ltr'>ma-</span> 
     </span>
     <span class='ocr_line' id='line_1_53' title="bbox 320 2683 1035 2733; baseline 0.001 -14"><span class='ocrx_word' id='word_1_240' title='bbox 320 2721 323 2726; x_wconf 34' lang='lat' dir='ltr'><strong><em>s</em></strong></span> <span class='ocrx_word' id='word_1_241' title='bbox 372 2683 500 2732; x_wconf 88' lang='lat' dir='ltr'>iorque</span> <span class='ocrx_word' id='word_1_242' title='bbox 530 2683 607 2720; x_wconf 83' lang='lat' dir='ltr'>eius</span> <span class='ocrx_word' id='word_1_243' title='bbox 637 2696 722 2733; x_wconf 84' lang='lat' dir='ltr'>pars</span> <span class='ocrx_word' id='word_1_244' title='bbox 754 2685 788 2720; x_wconf 92' lang='lat' dir='ltr'>in</span> <span class='ocrx_word' id='word_1_245' title='bbox 818 2685 977 2721; x_wconf 78' lang='lat' dir='ltr'>australe</span> <span class='ocrx_word' id='word_1_246' title='bbox 1005 2697 1035 2720; x_wconf 85' lang='lat' dir='ltr'>s.</span> 
     </span>
     <span class='ocr_line' id='line_1_54' title="bbox 371 2739 1036 2788; baseline 0 -13"><span class='ocrx_word' id='word_1_247' title='bbox 371 2739 611 2788; x_wconf 90' lang='lat' dir='ltr'>Erythraeum</span> <span class='ocrx_word' id='word_1_248' title='bbox 638 2752 737 2777; x_wconf 88' lang='lat' dir='ltr'>mare</span> <span class='ocrx_word' id='word_1_249' title='bbox 760 2741 938 2784; x_wconf 88' lang='lat' dir='ltr'>excurrit,</span> <span class='ocrx_word' id='word_1_250' title='bbox 972 2753 1036 2778; x_wconf 90' lang='lat' dir='ltr'>eo-</span> 
     </span>
     <span class='ocr_line' id='line_1_55' title="bbox 371 2794 1034 2847; baseline 0.005 -16"><span class='ocrx_word' id='word_1_251' title='bbox 371 2808 444 2844; x_wconf 87' lang='lat' dir='ltr'>que</span> <span class='ocrx_word' id='word_1_252' title='bbox 470 2794 736 2843; x_wconf 79' lang='lat' dir='ltr'>circumluitur,</span> <span class='ocrx_word' id='word_1_253' title='bbox 772 2797 889 2833; x_wconf 91' lang='lat' dir='ltr'>minor</span> <span class='ocrx_word' id='word_1_254' title='bbox 918 2809 1034 2847; x_wconf 87' lang='lat' dir='ltr'>quae-</span> 
     </span>
    </p>
   </div>
   <div class='ocr_carea' id='block_1_14' title="bbox 1090 767 1758 2849">
    <p class='ocr_par' dir='ltr' id='par_1_15' title="bbox 1093 767 1756 1212">
     <span class='ocr_line' id='line_1_56' title="bbox 1094 767 1755 818; baseline 0 -15"><span class='ocrx_word' id='word_1_255' title='bbox 1094 767 1177 804; x_wconf 83' lang='lat' dir='ltr'>dam</span> <span class='ocrx_word' id='word_1_256' title='bbox 1206 780 1290 818; x_wconf 89' lang='lat' dir='ltr'>pars</span> <span class='ocrx_word' id='word_1_257' title='bbox 1318 769 1623 806; x_wconf 87' lang='lat' dir='ltr'>mediterraneum</span> <span class='ocrx_word' id='word_1_258' title='bbox 1656 779 1755 804; x_wconf 88' lang='lat' dir='ltr'>mare</span> 
     </span>
     <span class='ocr_line' id='line_1_57' title="bbox 1094 823 1755 872; baseline -0.002 -13"><span class='ocrx_word' id='word_1_259' title='bbox 1094 824 1283 872; x_wconf 82' lang='lat' dir='ltr'>attingit.“</span> <span class='ocrx_word' id='word_1_260' title='bbox 1322 824 1402 862; x_wconf 89' lang='lat' dir='ltr'>Nec</span> <span class='ocrx_word' id='word_1_261' title='bbox 1421 825 1525 862; x_wconf 86' lang='lat' dir='ltr'>aliter</span> <span class='ocrx_word' id='word_1_262' title='bbox 1544 826 1620 862; x_wconf 86' lang='lat' dir='ltr'>sere</span> <span class='ocrx_word' id='word_1_263' title='bbox 1642 823 1755 861; x_wconf 81' lang='lat' dir='ltr'>Dahi—</span> 
     </span>
     <span class='ocr_line' id='line_1_58' title="bbox 1094 880 1756 930; baseline 0 -14"><span class='ocrx_word' id='word_1_264' title='bbox 1094 892 1215 916; x_wconf 86' lang='lat' dir='ltr'>mann.</span> <span class='ocrx_word' id='word_1_265' title='bbox 1246 880 1281 916; x_wconf 87' lang='lat' dir='ltr'>in</span> <span class='ocrx_word' id='word_1_266' title='bbox 1299 880 1438 917; x_wconf 86' lang='lat' dir='ltr'>Herod.</span> <span class='ocrx_word' id='word_1_267' title='bbox 1469 894 1555 930; x_wconf 86' lang='lat' dir='ltr'>pag.</span> <span class='ocrx_word' id='word_1_268' title='bbox 1578 883 1632 921; x_wconf 77' lang='grc'>84</span> <span class='ocrx_word' id='word_1_269' title='bbox 1650 881 1756 917; x_wconf 87' lang='lat' dir='ltr'>item-</span> 
     </span>
     <span class='ocr_line' id='line_1_59' title="bbox 1094 935 1755 986; baseline -0.002 -14"><span class='ocrx_word' id='word_1_270' title='bbox 1094 948 1165 984; x_wconf 89' lang='lat' dir='ltr'>que</span> <span class='ocrx_word' id='word_1_271' title='bbox 1205 935 1318 972; x_wconf 83' lang='lat' dir='ltr'>ltalus</span> <span class='ocrx_word' id='word_1_272' title='bbox 1347 936 1529 974; x_wconf 78' lang='lat' dir='ltr'>Herodoti</span> <span class='ocrx_word' id='word_1_273' title='bbox 1561 937 1755 986; x_wconf 81' lang='lat' dir='ltr'>interpres,</span> 
     </span>
     <span class='ocr_line' id='line_1_60' title="bbox 1093 992 1754 1041; baseline -0.002 -13"><span class='ocrx_word' id='word_1_274' title='bbox 1093 992 1149 1028; x_wconf 90' lang='lat' dir='ltr'>cui</span> <span class='ocrx_word' id='word_1_275' title='bbox 1189 996 1226 1028; x_wconf 91' lang='lat' dir='ltr'>et</span> <span class='ocrx_word' id='word_1_276' title='bbox 1258 992 1325 1041; x_wconf 87' lang='lat' dir='ltr'>ipsi</span> <span class='ocrx_word' id='word_1_277' title='bbox 1353 992 1390 1028; x_wconf 89' lang='lat' dir='ltr'>in</span> <span class='ocrx_word' id='word_1_278' title='bbox 1422 992 1606 1030; x_wconf 87' lang='lat' dir='ltr'>Herodoti</span> <span class='ocrx_word' id='word_1_279' title='bbox 1634 992 1754 1029; x_wconf 85' lang='lat' dir='ltr'>verbis</span> 
     </span>
     <span class='ocr_line' id='line_1_61' title="bbox 1093 1047 1753 1087; baseline 0 -3"><span class='ocrx_word' id='word_1_280' title='bbox 1093 1047 1179 1084; x_wconf 88' lang='lat' dir='ltr'>nihil</span> <span class='ocrx_word' id='word_1_281' title='bbox 1211 1049 1426 1085; x_wconf 83' lang='lat' dir='ltr'>mutandum</span> <span class='ocrx_word' id='word_1_282' title='bbox 1455 1049 1609 1087; x_wconf 86' lang='lat' dir='ltr'>videtur.</span> <span class='ocrx_word' id='word_1_283' title='bbox 1657 1047 1753 1084; x_wconf 90' lang='lat' dir='ltr'>Add.</span> 
     </span>
     <span class='ocr_line' id='line_1_62' title="bbox 1093 1103 1753 1142; baseline -0.003 0"><span class='ocrx_word' id='word_1_284' title='bbox 1093 1103 1270 1142; x_wconf 86' lang='lat' dir='ltr'>Niebuhr.</span> <span class='ocrx_word' id='word_1_285' title='bbox 1281 1104 1492 1142; x_wconf 86' lang='lat' dir='ltr'>Vermischt.</span> <span class='ocrx_word' id='word_1_286' title='bbox 1503 1105 1600 1142; x_wconf 90' lang='lat' dir='ltr'>Hist.</span> <span class='ocrx_word' id='word_1_287' title='bbox 1609 1103 1753 1141; x_wconf 83' lang='lat' dir='ltr'>Schrift.</span> 
     </span>
     <span class='ocr_line' id='line_1_63' title="bbox 1094 1160 1286 1212; baseline 0.028 -15"><span class='ocrx_word' id='word_1_288' title='bbox 1094 1161 1168 1212; x_wconf 89' lang='lat' dir='ltr'>lp.</span> <span class='ocrx_word' id='word_1_289' title='bbox 1195 1160 1286 1202; x_wconf 83' lang='lat'>152·</span> 
     </span>
    </p>

    <p class='ocr_par' dir='ltr' id='par_1_16' title="bbox 1090 1211 1757 2284">
     <span class='ocr_line' id='line_1_64' title="bbox 1150 1211 1755 1264; baseline -0.003 -9"><span class='ocrx_word' id='word_1_290' title='bbox 1150 1215 1410 1264; x_wconf 77' lang='grc' dir='ltr'><strong><em>παρατέταται</em></strong></span> <span class='ocrx_word' id='word_1_291' title='bbox 1457 1215 1497 1263; x_wconf 75' lang='grc' dir='ltr'>ἐς</span> <span class='ocrx_word' id='word_1_292' title='bbox 1544 1211 1755 1255; x_wconf 78' lang='grc' dir='ltr'><strong><em>θαλασσαν</em></strong></span> 
     </span>
     <span class='ocr_line' id='line_1_65' title="bbox 1092 1270 1756 1323; baseline 0 -13"><span class='ocrx_word' id='word_1_293' title='bbox 1092 1270 1202 1323; x_wconf 72' lang='grc' dir='ltr'><strong><em>παρά</em></strong></span> <span class='ocrx_word' id='word_1_294' title='bbox 1215 1288 1253 1312; x_wconf 86' lang='grc' dir='ltr'><strong><em>τε</em></strong></span> <span class='ocrx_word' id='word_1_295' title='bbox 1265 1270 1330 1312; x_wconf 81' lang='grc' dir='ltr'><strong><em>τὸν</em></strong></span> <span class='ocrx_word' id='word_1_296' title='bbox 1343 1270 1499 1312; x_wconf 80' lang='grc' dir='ltr'><strong><em>Πόντον</em></strong></span> <span class='ocrx_word' id='word_1_297' title='bbox 1512 1289 1578 1313; x_wconf 77' lang='grc' dir='ltr'><strong><em>και</em></strong></span> <span class='ocrx_word' id='word_1_298' title='bbox 1590 1288 1659 1313; x_wconf 89' lang='grc' dir='ltr'><strong><em>τον</em></strong></span> <span class='ocrx_word' id='word_1_299' title='bbox 1673 1271 1756 1310; x_wconf 78' lang='grc' dir='ltr'>Ἑλ,-</span> 
     </span>
     <span class='ocr_line' id='line_1_66' title="bbox 1090 1326 1757 1381; baseline -0.002 -13"><span class='ocrx_word' id='word_1_300' title='bbox 1090 1326 1341 1379; x_wconf 74' lang='grc' dir='ltr'><strong><em>λήσποντον,</em></strong></span> <span class='ocrx_word' id='word_1_301' title='bbox 1372 1328 1482 1381; x_wconf 77' lang='grc' dir='ltr'><strong><em>μέχρι</em></strong></span> <span class='ocrx_word' id='word_1_302' title='bbox 1501 1330 1661 1381; x_wconf 83' lang='grc' dir='ltr'><strong><em>Σιγείου</em></strong></span> <span class='ocrx_word' id='word_1_303' title='bbox 1682 1330 1757 1367; x_wconf 84' lang='grc' dir='ltr'><strong><em>τοῦ</em></strong></span> 
     </span>
     <span class='ocr_line' id='line_1_67' title="bbox 1098 1385 1754 1438; baseline -0.006 -13"><span class='ocrx_word' id='word_1_304' title='bbox 1098 1385 1294 1438; x_wconf 84' lang='grc' dir='ltr'><strong><em>Τρωϊκοῦ]</em></strong></span> <span class='ocrx_word' id='word_1_305' title='bbox 1318 1388 1339 1424; x_wconf 92' lang='lat' dir='ltr'>i.</span> <span class='ocrx_word' id='word_1_306' title='bbox 1360 1400 1393 1424; x_wconf 90' lang='lat' dir='ltr'>e.</span> <span class='ocrx_word' id='word_1_307' title='bbox 1413 1389 1570 1423; x_wconf 72' lang='lat' dir='ltr'>excurrit</span> <span class='ocrx_word' id='word_1_308' title='bbox 1589 1388 1625 1423; x_wconf 79' lang='lat' dir='ltr'>in</span> <span class='ocrx_word' id='word_1_309' title='bbox 1646 1399 1754 1432; x_wconf 79' lang='lat' dir='ltr'>mure,</span> 
     </span>
     <span class='ocr_line' id='line_1_68' title="bbox 1092 1443 1755 1493; baseline -0.003 -13"><span class='ocrx_word' id='word_1_310' title='bbox 1092 1457 1121 1480; x_wconf 88' lang='lat' dir='ltr'>s.</span> <span class='ocrx_word' id='word_1_311' title='bbox 1138 1445 1342 1493; x_wconf 71' lang='lat' dir='ltr'>porrigitur</span> <span class='ocrx_word' id='word_1_312' title='bbox 1361 1443 1550 1480; x_wconf 80' lang='lat' dir='ltr'>secundum</span> <span class='ocrx_word' id='word_1_313' title='bbox 1560 1473 1572 1490; x_wconf 92' lang='lat'>,</span> <span class='ocrx_word' id='word_1_314' title='bbox 1603 1456 1630 1480; x_wconf 76' lang='lat' dir='ltr'>s,</span> <span class='ocrx_word' id='word_1_315' title='bbox 1649 1445 1755 1480; x_wconf 73' lang='lat' dir='ltr'>iuxta</span> 
     </span>
     <span class='ocr_line' id='line_1_69' title="bbox 1094 1498 1756 1550; baseline 0 -15"><span class='ocrx_word' id='word_1_316' title='bbox 1094 1498 1247 1536; x_wconf 81' lang='lat' dir='ltr'>Pontum</span> <span class='ocrx_word' id='word_1_317' title='bbox 1276 1499 1608 1550; x_wconf 77' lang='lat' dir='ltr'>Hellespontumque</span> <span class='ocrx_word' id='word_1_318' title='bbox 1646 1511 1756 1548; x_wconf 82' lang='lat' dir='ltr'>usque</span> 
     </span>
     <span class='ocr_line' id='line_1_70' title="bbox 1093 1555 1755 1606; baseline -0.002 -14"><span class='ocrx_word' id='word_1_319' title='bbox 1093 1556 1143 1592; x_wconf 86' lang='lat' dir='ltr'>ad</span> <span class='ocrx_word' id='word_1_320' title='bbox 1164 1555 1312 1605; x_wconf 74' lang='lat' dir='ltr'>Sigeum</span> <span class='ocrx_word' id='word_1_321' title='bbox 1333 1556 1508 1594; x_wconf 77' lang='lat' dir='ltr'>Troicum.</span> <span class='ocrx_word' id='word_1_322' title='bbox 1547 1556 1755 1606; x_wconf 79' lang='lat' dir='ltr'>Hellespon-</span> 
     </span>
     <span class='ocr_line' id='line_1_71' title="bbox 1093 1612 1752 1662; baseline 0 -14"><span class='ocrx_word' id='word_1_323' title='bbox 1093 1616 1168 1648; x_wconf 86' lang='lat' dir='ltr'>tum</span> <span class='ocrx_word' id='word_1_324' title='bbox 1187 1613 1243 1650; x_wconf 91' lang='lat' dir='ltr'>hic</span> <span class='ocrx_word' id='word_1_325' title='bbox 1262 1612 1377 1650; x_wconf 87' lang='lat' dir='ltr'>latiori</span> <span class='ocrx_word' id='word_1_326' title='bbox 1397 1625 1506 1650; x_wconf 85' lang='lat' dir='ltr'>sensu</span> <span class='ocrx_word' id='word_1_327' title='bbox 1523 1613 1594 1650; x_wconf 87' lang='lat' dir='ltr'>dici</span> <span class='ocrx_word' id='word_1_328' title='bbox 1614 1618 1752 1662; x_wconf 90' lang='lat' dir='ltr'>putem.</span> 
     </span>
     <span class='ocr_line' id='line_1_72' title="bbox 1094 1667 1755 1717; baseline 0 -11"><span class='ocrx_word' id='word_1_329' title='bbox 1094 1669 1201 1706; x_wconf 84' lang='lat' dir='ltr'>conf.</span> <span class='ocrx_word' id='word_1_330' title='bbox 1220 1674 1311 1706; x_wconf 87' lang='lat' dir='ltr'>nott.</span> <span class='ocrx_word' id='word_1_331' title='bbox 1332 1670 1381 1706; x_wconf 84' lang='lat' dir='ltr'>ad</span> <span class='ocrx_word' id='word_1_332' title='bbox 1402 1669 1453 1706; x_wconf 94' lang='lat' dir='ltr'>IV</span> <span class='ocrx_word' id='word_1_333' title='bbox 1467 1698 1478 1717; x_wconf 95' lang='lat'>,</span> <span class='ocrx_word' id='word_1_334' title='bbox 1510 1669 1575 1710; x_wconf 85' lang='lat'>85.</span> <span class='ocrx_word' id='word_1_335' title='bbox 1612 1669 1671 1706; x_wconf 89' lang='lat' dir='ltr'>De</span> <span class='ocrx_word' id='word_1_336' title='bbox 1694 1667 1755 1705; x_wconf 74' lang='lat' dir='ltr'>Si-</span> 
     </span>
     <span class='ocr_line' id='line_1_73' title="bbox 1094 1725 1753 1776; baseline 0 -14"><span class='ocrx_word' id='word_1_337' title='bbox 1094 1738 1160 1774; x_wconf 85' lang='lat' dir='ltr'>geo</span> <span class='ocrx_word' id='word_1_338' title='bbox 1206 1726 1456 1776; x_wconf 89' lang='lat' dir='ltr'>promontorio</span> <span class='ocrx_word' id='word_1_339' title='bbox 1496 1726 1590 1762; x_wconf 89' lang='lat' dir='ltr'>conf.</span> <span class='ocrx_word' id='word_1_340' title='bbox 1630 1725 1753 1762; x_wconf 87' lang='lat' dir='ltr'>Strab.</span> 
     </span>
     <span class='ocr_line' id='line_1_74' title="bbox 1094 1781 1756 1832; baseline 0 -14"><span class='ocrx_word' id='word_1_341' title='bbox 1094 1781 1183 1819; x_wconf 89' lang='lat' dir='ltr'>Xlll</span> <span class='ocrx_word' id='word_1_342' title='bbox 1210 1796 1248 1832; x_wconf 90' lang='lat' dir='ltr'>p.</span> <span class='ocrx_word' id='word_1_343' title='bbox 1279 1783 1361 1823; x_wconf 84' lang='lat'>595</span> <span class='ocrx_word' id='word_1_344' title='bbox 1394 1795 1424 1820; x_wconf 75' lang='lat' dir='ltr'>s·</span> <span class='ocrx_word' id='word_1_345' title='bbox 1450 1784 1532 1823; x_wconf 86' lang='lat'>890</span> <span class='ocrx_word' id='word_1_346' title='bbox 1552 1782 1621 1830; x_wconf 92' lang='lat' dir='ltr'>B.‚</span> <span class='ocrx_word' id='word_1_347' title='bbox 1651 1781 1756 1828; x_wconf 86' lang='lat' dir='ltr'>alios,</span> 
     </span>
     <span class='ocr_line' id='line_1_75' title="bbox 1094 1838 1755 1888; baseline -0.002 -13"><span class='ocrx_word' id='word_1_348' title='bbox 1094 1851 1187 1888; x_wconf 88' lang='lat' dir='ltr'>quos</span> <span class='ocrx_word' id='word_1_349' title='bbox 1206 1852 1286 1875; x_wconf 81' lang='lat' dir='ltr'>curn</span> <span class='ocrx_word' id='word_1_350' title='bbox 1298 1838 1491 1876; x_wconf 89' lang='lat' dir='ltr'>Herodoto</span> <span class='ocrx_word' id='word_1_351' title='bbox 1502 1839 1653 1887; x_wconf 85' lang='lat' dir='ltr'>Sigeum</span> <span class='ocrx_word' id='word_1_352' title='bbox 1670 1851 1755 1888; x_wconf 89' lang='lat' dir='ltr'>pro-</span> 
     </span>
     <span class='ocr_line' id='line_1_76' title="bbox 1094 1894 1756 1945; baseline -0.002 -13"><span class='ocrx_word' id='word_1_353' title='bbox 1094 1895 1313 1932; x_wconf 88' lang='lat' dir='ltr'>montorium</span> <span class='ocrx_word' id='word_1_354' title='bbox 1345 1896 1384 1932; x_wconf 91' lang='lat' dir='ltr'>in</span> <span class='ocrx_word' id='word_1_355' title='bbox 1411 1894 1644 1945; x_wconf 88' lang='lat' dir='ltr'>Hellesponti</span> <span class='ocrx_word' id='word_1_356' title='bbox 1677 1907 1756 1932; x_wconf 87' lang='lat' dir='ltr'>ma-</span> 
     </span>
     <span class='ocr_line' id='line_1_77' title="bbox 1093 1950 1755 2000; baseline -0.002 -12"><span class='ocrx_word' id='word_1_357' title='bbox 1093 1952 1216 2000; x_wconf 84' lang='lat' dir='ltr'>risque</span> <span class='ocrx_word' id='word_1_358' title='bbox 1233 1951 1372 2000; x_wconf 86' lang='lat' dir='ltr'>Aegaei</span> <span class='ocrx_word' id='word_1_359' title='bbox 1399 1951 1533 1988; x_wconf 83' lang='lat' dir='ltr'>finibus</span> <span class='ocrx_word' id='word_1_360' title='bbox 1555 1950 1755 1988; x_wconf 84' lang='lat' dir='ltr'>collocante</span> 
     </span>
     <span class='ocr_line' id='line_1_78' title="bbox 1092 2006 1754 2057; baseline -0.005 -12"><span class='ocrx_word' id='word_1_361' title='bbox 1092 2009 1298 2046; x_wconf 86' lang='lat' dir='ltr'>consentire</span> <span class='ocrx_word' id='word_1_362' title='bbox 1331 2013 1457 2046; x_wconf 90' lang='lat' dir='ltr'>monet</span> <span class='ocrx_word' id='word_1_363' title='bbox 1481 2007 1646 2057; x_wconf 89' lang='lat' dir='ltr'>Breiger.</span> <span class='ocrx_word' id='word_1_364' title='bbox 1677 2007 1700 2044; x_wconf 95' lang='lat' dir='ltr'>l.</span> <span class='ocrx_word' id='word_1_365' title='bbox 1731 2006 1754 2043; x_wconf 92' lang='lat' dir='ltr'>l.</span> 
     </span>
     <span class='ocr_line' id='line_1_79' title="bbox 1093 2064 1757 2115; baseline -0.002 -14"><span class='ocrx_word' id='word_1_366' title='bbox 1093 2077 1180 2115; x_wconf 85' lang='lat' dir='ltr'>pag.</span> <span class='ocrx_word' id='word_1_367' title='bbox 1208 2067 1273 2104; x_wconf 77' lang='lat'>21.</span> <span class='ocrx_word' id='word_1_368' title='bbox 1316 2064 1426 2102; x_wconf 90' lang='lat' dir='ltr'>Nunc</span> <span class='ocrx_word' id='word_1_369' title='bbox 1453 2065 1575 2101; x_wconf 61' lang='lat' dir='ltr'>vocari</span> <span class='ocrx_word' id='word_1_370' title='bbox 1604 2064 1757 2101; x_wconf 87' lang='lat' dir='ltr'>tradunt</span> 
     </span>
     <span class='ocr_line' id='line_1_80' title="bbox 1095 2119 1755 2159; baseline -0.002 -2"><span class='ocrx_word' id='word_1_371' title='bbox 1095 2120 1284 2158; x_wconf 78' lang='lat' dir='ltr'>Iem&#39;cher..</span> <span class='ocrx_word' id='word_1_372' title='bbox 1328 2134 1357 2158; x_wconf 92' lang='lat' dir='ltr'>s.</span> <span class='ocrx_word' id='word_1_373' title='bbox 1400 2120 1612 2159; x_wconf 53' lang='lat' dir='ltr'>lenia-chelis.</span> <span class='ocrx_word' id='word_1_374' title='bbox 1670 2119 1755 2157; x_wconf 85' lang='lat' dir='ltr'>Vid.</span> 
     </span>
     <span class='ocr_line' id='line_1_81' title="bbox 1095 2177 1755 2223; baseline -0.005 -7.963"><span class='ocrx_word' id='word_1_375' title='bbox 1095 2177 1132 2215; x_wconf 83' lang='grc' dir='ltr'><strong>Γ</strong></span> <span class='ocrx_word' id='word_1_376' title='bbox 1134 2177 1314 2215; x_wconf 66' lang='lat' dir='ltr'>zschucke</span> <span class='ocrx_word' id='word_1_377' title='bbox 1341 2178 1389 2214; x_wconf 91' lang='lat' dir='ltr'>ad</span> <span class='ocrx_word' id='word_1_378' title='bbox 1408 2177 1494 2216; x_wconf 91' lang='lat' dir='ltr'>Mel.</span> <span class='ocrx_word' id='word_1_379' title='bbox 1515 2177 1554 2223; x_wconf 93' lang='lat' dir='ltr'>I,</span> <span class='ocrx_word' id='word_1_380' title='bbox 1587 2177 1639 2218; x_wconf 89' lang='lat'>18</span> <span class='ocrx_word' id='word_1_381' title='bbox 1661 2181 1755 2213; x_wconf 88' lang='lat' dir='ltr'>nott.</span> 
     </span>
     <span class='ocr_line' id='line_1_82' title="bbox 1095 2232 1754 2302; baseline -0.006 -30"><span class='ocrx_word' id='word_1_382' title='bbox 1095 2247 1228 2302; x_wconf 82' lang='lat' dir='ltr'>exegg.</span> <span class='ocrx_word' id='word_1_383' title='bbox 1258 2247 1343 2284; x_wconf 84' lang='lat' dir='ltr'>pag.</span> <span class='ocrx_word' id='word_1_384' title='bbox 1370 2233 1453 2275; x_wconf 84' lang='grc'>534</span> <span class='ocrx_word' id='word_1_385' title='bbox 1478 2233 1558 2271; x_wconf 92' lang='lat' dir='ltr'>Vol.</span> <span class='ocrx_word' id='word_1_386' title='bbox 1580 2233 1631 2269; x_wconf 85' lang='grc'>111</span> <span class='ocrx_word' id='word_1_387' title='bbox 1662 2233 1703 2269; x_wconf 92' lang='grc' dir='ltr'>Ρ.</span> <span class='ocrx_word' id='word_1_388' title='bbox 1726 2232 1754 2269; x_wconf 84' lang='lat'>1.</span> 
     </span>
    </p>

    <p class='ocr_par' dir='ltr' id='par_1_17' title="bbox 1090 2284 1758 2849">
     <span class='ocr_line' id='line_1_83' title="bbox 1151 2284 1756 2341; baseline -0.005 -12"><span class='ocrx_word' id='word_1_389' title='bbox 1151 2306 1176 2340; x_wconf 88' lang='grc' dir='ltr'>η</span> <span class='ocrx_word' id='word_1_390' title='bbox 1210 2286 1310 2341; x_wconf 72' lang='grc' dir='ltr'><strong><em>αὕτη</em></strong></span> <span class='ocrx_word' id='word_1_391' title='bbox 1344 2286 1444 2340; x_wconf 78' lang='grc' dir='ltr'><strong><em>αὕτη</em></strong></span> <span class='ocrx_word' id='word_1_392' title='bbox 1466 2305 1567 2340; x_wconf 79' lang='grc' dir='ltr'><strong><em>ακτη</em></strong></span> <span class='ocrx_word' id='word_1_393' title='bbox 1589 2284 1666 2328; x_wconf 84' lang='grc' dir='ltr'><strong><em>α’πὸ</em></strong></span> <span class='ocrx_word' id='word_1_394' title='bbox 1683 2290 1756 2326; x_wconf 83' lang='grc' dir='ltr'><strong><em>τοῦ</em></strong></span> 
     </span>
     <span class='ocr_line' id='line_1_84' title="bbox 1095 2342 1752 2412; baseline -0.002 -28"><span class='ocrx_word' id='word_1_395' title='bbox 1095 2348 1408 2398; x_wconf 76' lang='grc' dir='ltr'><strong><em>Μυριανδρικοῦ</em></strong></span> <span class='ocrx_word' id='word_1_396' title='bbox 1426 2342 1602 2412; x_wconf 77' lang='grc' dir='ltr'><strong><em>κολπου]</em></strong></span> <span class='ocrx_word' id='word_1_397' title='bbox 1632 2345 1752 2383; x_wconf 86' lang='lat' dir='ltr'>Unam</span> 
     </span>
     <span class='ocr_line' id='line_1_85' title="bbox 1093 2397 1753 2452; baseline -0.002 -13"><span class='ocrx_word' id='word_1_398' title='bbox 1093 2404 1320 2452; x_wconf 89' lang='lat' dir='ltr'>eandemque</span> <span class='ocrx_word' id='word_1_399' title='bbox 1345 2403 1499 2452; x_wconf 81' lang='lat' dir='ltr'>intelligi</span> <span class='ocrx_word' id='word_1_400' title='bbox 1518 2397 1655 2452; x_wconf 80' lang='grc' dir='ltr'><strong><em>οἶκτην,</em></strong></span> <span class='ocrx_word' id='word_1_401' title='bbox 1674 2402 1753 2438; x_wconf 89' lang='lat' dir='ltr'>uni-</span> 
     </span>
     <span class='ocr_line' id='line_1_86' title="bbox 1091 2459 1752 2509; baseline -0.002 -14"><span class='ocrx_word' id='word_1_402' title='bbox 1091 2472 1232 2496; x_wconf 91' lang='lat' dir='ltr'>versam</span> <span class='ocrx_word' id='word_1_403' title='bbox 1261 2461 1399 2509; x_wconf 87' lang='lat' dir='ltr'>quippe</span> <span class='ocrx_word' id='word_1_404' title='bbox 1419 2459 1540 2496; x_wconf 87' lang='lat' dir='ltr'>Asiam</span> <span class='ocrx_word' id='word_1_405' title='bbox 1561 2460 1752 2504; x_wconf 89' lang='lat' dir='ltr'>minorem,</span> 
     </span>
     <span class='ocr_line' id='line_1_87' title="bbox 1091 2515 1753 2563; baseline 0 -11"><span class='ocrx_word' id='word_1_406' title='bbox 1091 2515 1185 2552; x_wconf 88' lang='lat' dir='ltr'>bene</span> <span class='ocrx_word' id='word_1_407' title='bbox 1206 2520 1328 2552; x_wconf 87' lang='lat' dir='ltr'>monet</span> <span class='ocrx_word' id='word_1_408' title='bbox 1351 2515 1576 2563; x_wconf 80' lang='lat' dir='ltr'>Schweigh.,</span> <span class='ocrx_word' id='word_1_409' title='bbox 1609 2520 1645 2552; x_wconf 86' lang='lat' dir='ltr'>et</span> <span class='ocrx_word' id='word_1_410' title='bbox 1663 2527 1753 2552; x_wconf 85' lang='lat' dir='ltr'>sane</span> 
     </span>
     <span class='ocr_line' id='line_1_88' title="bbox 1090 2567 1753 2622; baseline 0.002 -15"><span class='ocrx_word' id='word_1_411' title='bbox 1090 2572 1272 2608; x_wconf 85' lang='lat' dir='ltr'>invenitur</span> <span class='ocrx_word' id='word_1_412' title='bbox 1298 2572 1457 2609; x_wconf 87' lang='lat' dir='ltr'>crebrius</span> <span class='ocrx_word' id='word_1_413' title='bbox 1484 2567 1583 2622; x_wconf 75' lang='grc' dir='ltr'><strong><em>οἶκτή</em></strong></span> <span class='ocrx_word' id='word_1_414' title='bbox 1600 2573 1753 2622; x_wconf 78' lang='lat' dir='ltr'>paenin-</span> 
     </span>
     <span class='ocr_line' id='line_1_89' title="bbox 1094 2627 1752 2676; baseline 0.003 -13"><span class='ocrx_word' id='word_1_415' title='bbox 1094 2627 1192 2674; x_wconf 78' lang='lat' dir='ltr'>sula,</span> <span class='ocrx_word' id='word_1_416' title='bbox 1224 2634 1450 2665; x_wconf 88' lang='lat' dir='ltr'>monstrante</span> <span class='ocrx_word' id='word_1_417' title='bbox 1473 2628 1569 2666; x_wconf 86' lang='lat' dir='ltr'>Gaii.</span> <span class='ocrx_word' id='word_1_418' title='bbox 1595 2629 1644 2666; x_wconf 84' lang='lat' dir='ltr'>ad</span> <span class='ocrx_word' id='word_1_419' title='bbox 1661 2629 1752 2676; x_wconf 90' lang='lat' dir='ltr'>Scy-</span> 
     </span>
     <span class='ocr_line' id='line_1_90' title="bbox 1093 2684 1754 2736; baseline 0.006 -16"><span class='ocrx_word' id='word_1_420' title='bbox 1093 2684 1158 2721; x_wconf 81' lang='lat' dir='ltr'>lac.</span> <span class='ocrx_word' id='word_1_421' title='bbox 1190 2685 1223 2720; x_wconf 94' lang='lat' dir='ltr'>in</span> <span class='ocrx_word' id='word_1_422' title='bbox 1245 2685 1383 2733; x_wconf 84' lang='lat' dir='ltr'>Geogr.</span> <span class='ocrx_word' id='word_1_423' title='bbox 1417 2685 1502 2721; x_wconf 88' lang='lat' dir='ltr'>min.</span> <span class='ocrx_word' id='word_1_424' title='bbox 1526 2685 1644 2736; x_wconf 85' lang='lat' dir='ltr'>lpag.</span> <span class='ocrx_word' id='word_1_425' title='bbox 1672 2686 1754 2726; x_wconf 79' lang='lat'>528</span> 
     </span>
     <span class='ocr_line' id='line_1_91' title="bbox 1093 2740 1756 2789; baseline 0 -13"><span class='ocrx_word' id='word_1_426' title='bbox 1093 2753 1170 2789; x_wconf 88' lang='lat' dir='ltr'>seq.</span> <span class='ocrx_word' id='word_1_427' title='bbox 1239 2741 1350 2784; x_wconf 90' lang='lat' dir='ltr'>Quod</span> <span class='ocrx_word' id='word_1_428' title='bbox 1404 2747 1528 2778; x_wconf 87' lang='lat' dir='ltr'>tamen</span> <span class='ocrx_word' id='word_1_429' title='bbox 1578 2740 1756 2779; x_wconf 85' lang='lat' dir='ltr'>Niebuhr.</span> 
     </span>
     <span class='ocr_line' id='line_1_92' title="bbox 1091 2796 1758 2849; baseline 0 -16"><span class='ocrx_word' id='word_1_430' title='bbox 1091 2796 1328 2844; x_wconf 81' lang='lat' dir='ltr'>(Vermischt.</span> <span class='ocrx_word' id='word_1_431' title='bbox 1362 2797 1508 2836; x_wconf 79' lang='lat' dir='ltr'>Schrist.</span> <span class='ocrx_word' id='word_1_432' title='bbox 1543 2797 1557 2835; x_wconf 90' lang='lat'>1</span> <span class='ocrx_word' id='word_1_433' title='bbox 1585 2810 1622 2849; x_wconf 89' lang='lat' dir='ltr'>p.</span> <span class='ocrx_word' id='word_1_434' title='bbox 1651 2797 1758 2844; x_wconf 79' lang='lat'><strong>222)</strong></span> 
     </span>
    </p>
   </div>
  </div>
 </body>
</html>
