1863 3256
434 165 519 204 862

854 169 1324 208 HERODOTl

434 273 673 318 διεκπλὲειν
704 276 784 327 ἕως
813 277 856 328 ἐς
884 277 965 333 τὴν
993 281 1178 334 βορηΐην
1205 276 1458 330 θάλασσαν,
1488 280 1562 322 καὶ
1587 279 1701 324 οὕτω

406 344 481 394 5ἐς
513 347 740 401 Αἴγυπτον
771 347 1065 390 ἀπικνέεσθαι.
1111 348 1404 404 Ὁρμηθέντες
1433 343 1495 392 ὦν
1525 353 1568 393 οἱ
1599 354 1700 393 Φοί-

432 431 549 467 νικες
579 417 625 459 ἐκ
657 421 731 472 τῆς
755 416 972 473 Ἐρυθρῆς
1000 419 1247 475 θαλάσσης,
1279 420 1432 462 ἔπλεον
1451 420 1530 475 τήν
1550 423 1702 477 νοτίην

404 486 675 530 δθάλασσαν.
718 486 830 538 ὅκως
850 488 896 531 δὲ
915 491 1081 544 γίνοιτο
1103 490 1414 547 φθινόπωρον,
1447 494 1757 548 προσίσχον-85

430 574 497 609 τες
528 558 583 600 ἂν
613 559 869 611 σπείρεσκον
899 560 977 616 τήν
1014 566 1120 619 γῆν,
1164 565 1237 606 ἵνα
1277 560 1480 605 ἑκάστοτε
1517 567 1593 619 τῆς
1624 568 1700 606 Ac-

373 713 555 749 neminem
588 712 691 760 sugit.
751 712 860 749 Conf.
883 713 1035 752 Rennel.

375 781 462 818 pag.
493 770 573 807 693
601 780 705 817 seqq.
744 768 858 805 Koes.
885 770 922 805 in
950 770 1037 806 scri-

376 825 503 874 ptione
529 824 720 873 peculiari,
764 837 872 872 quam
900 826 936 862 in
964 826 1036 862 Ex-

375 893 479 917 cursu
508 881 556 916 ad
581 880 616 917 h.
642 880 663 917 l.
698 880 906 930 citavimus,
949 894 1034 932 pag.

379 939 430 977 16
451 949 555 986 seqq.
576 936 654 974 coll.
672 950 757 987 pag.
780 939 805 978 8
826 950 902 987 seq.

431 991 504 1039 ἕως
524 992 562 1038 ἐς
588 990 660 1042 τήν
686 993 859 1045 βορηΐην
882 990 1036 1032 θάλασ-

372 1048 468 1100 σαν]
530 1048 836 1087 Mediterraneum
883 1051 1035 1101 intelligi

371 1119 491 1152 mare,
521 1107 593 1143 iam
611 1119 736 1163 supra
744 1107 960 1145 monuimus.

425 1161 689 1214 Ορμηθένι-ες
703 1164 761 1202 ὠν
783 1163 824 1203 οἷ
848 1165 1034 1210 Φοίνικες

370 1218 413 1258 ἐκ
454 1222 527 1270 τῆς
561 1215 762 1290 Ἐρυθρης
808 1216 1032 1271 θαλασσης,

370 1275 512 1315 ἔπλεον
539 1292 612 1326 την
645 1277 783 1327 νοτίην
803 1272 1029 1327 θαλασσαν]

369 1330 446 1383 τήν
484 1329 687 1384 Ἐρυθρην
731 1328 944 1373 θαλασσαν
984 1335 1031 1371 de

369 1392 451 1426 sinu
471 1390 623 1426 Arabico
653 1389 947 1439 intelligendum,
974 1391 1032 1427 vix

369 1459 518 1484 monere
540 1460 643 1497 opus.
690 1443 775 1496 Τὴν
794 1448 931 1497 νοτίην
954 1444 1030 1485 θοὶ-

368 1506 519 1542 λασσαν
548 1504 585 1539 id
604 1507 712 1540 vocat
738 1516 838 1541 mare
858 1503 1031 1541 Herodo-

367 1564 446 1606 tus,
494 1560 595 1608 quod
630 1571 653 1596 a
692 1561 843 1597 meridie
872 1559 1029 1596 Africam

339 1661 342 1665 ἲ
368 1617 616 1653 circumfluere
639 1616 763 1666 incipit
796 1617 842 1653 ab
872 1630 916 1654 eo
945 1617 1030 1653 inde

368 1672 460 1718 loco,
484 1673 545 1708 ubi
567 1673 714 1712 rubrum
736 1685 848 1719 mare,
867 1673 913 1709 ab
929 1672 1032 1709 India

367 1734 580 1776 extensum,
618 1729 762 1766 Africae
787 1742 887 1765 oram
910 1729 1031 1766 orien-

367 1785 480 1823 talem
513 1785 624 1822 alluit.
671 1786 730 1822 Cf.
758 1785 912 1823 Rennel.
942 1798 1027 1836 pag.

365 1842 460 1884 462.
491 1841 624 1891 Neque
645 1842 831 1892 propriam
845 1842 934 1878 mari
955 1843 1029 1879 cui-

365 1899 450 1936 dam
477 1899 571 1935 hanc
599 1898 714 1935 videri
743 1899 1026 1948 appellationem

364 1968 474 2006 supra
495 1955 565 1992 iam
584 1956 789 1992 monuimus
811 1956 858 1992 ad
879 1955 941 2001 lV,
961 1957 1025 2002 13,

364 2013 431 2049 sed
456 2024 662 2061 cognomen
692 2012 813 2061 potius
834 2011 976 2048 videtur
1003 2024 1025 2048 a

363 2069 436 2105 situ
458 2068 606 2105 australi
627 2069 804 2119 petitum3
835 2069 886 2105 ita
901 2072 940 2105 ut
957 2068 1024 2105 hoc

363 2138 512 2174 quoque
552 2124 632 2162 loco
676 2125 874 2163 australem
915 2125 1023 2161 maris

362 2182 460 2218 rubri
490 2186 630 2232 partem
665 2183 786 2218 vocari
823 2185 1024 2218 statuamus

362 2250 459 2274 mare
476 2238 648 2285 australe,
678 2251 753 2275 non
772 2238 876 2276 aliter
892 2239 968 2275 fere
981 2250 1024 2275 ac

363 2294 392 2329 si
430 2294 646 2332 Herodotus
683 2295 835 2332 dixisset
885 2293 1024 2333 ἔπλεον

363 2347 464 2401 πρὸς
488 2347 619 2389 νότον.
666 2351 751 2388 Vid.
770 2351 936 2399 Breiger.
955 2352 978 2388 l.
1001 2351 1022 2387 l.

362 2419 451 2456 pag.
473 2409 533 2446 10.
587 2407 670 2450 Quo
697 2408 813 2443 minus
833 2408 1022 2444 audiamus

361 2463 629 2509 Gossclinium,
660 2463 847 2500 Oceanum
865 2476 947 2501 eum
967 2464 1024 2500 hic

360 2520 511 2556 indicari
530 2519 769 2556 arbitrantem
783 2548 795 2565 ‚
838 2521 901 2568 qui
922 2533 1022 2556 oram

360 2575 504 2614 Africae
534 2575 748 2613 orientalem
779 2589 821 2613 ac
851 2577 1023 2613 meridio-

359 2632 480 2670 nalem
514 2632 648 2677 alluat3
697 2633 795 2669 unde
830 2632 1022 2669 Herodoto

361 2689 563 2727 innotuisse
592 2701 692 2726 mare
721 2687 942 2726 Atlanticum
966 2693 1023 2725 at-

362 2758 434 2795 que
464 2746 610 2783 rubrum
647 2745 714 2782 sibi
745 2746 903 2782 iunctum
925 2744 1021 2782 Afri-

362 2815 514 2852 camque
555 2802 610 2839 his
650 2802 810 2840 maribus
853 2802 1018 2840 cinctam.

1094 714 1151 751 Cf.
1186 715 1338 753 Dureau
1379 716 1426 754 de
1469 715 1505 752 la
1538 715 1648 754 Malle
1677 716 1696 752 l.
1730 715 1752 753 l.

1092 784 1176 829 pag.
1209 774 1274 812 69.

1150 823 1256 873 όκως
1289 824 1331 865 δὲ
1360 827 1510 878 γίνοιτο
1545 823 1754 875 φθινόπω-

1094 882 1182 933 ρον]
1214 883 1351 920 insistit
1368 885 1403 920 in
1423 886 1589 920 autumni
1602 885 1754 922 notione

1093 938 1334 985 Gosselinius,
1349 940 1486 989 quippe
1498 940 1596 976 unde
1608 953 1752 977 omnem

1091 996 1338 1033 narrationem
1352 997 1399 1032 de
1408 996 1649 1033 Phoenicibus
1661 996 1755 1032 Afri-

1091 1064 1169 1089 cam
1209 1053 1456 1089 circumvectis
1494 1052 1624 1089 falsam
1670 1065 1753 1090 esse

1090 1109 1366 1145 commonstrari
1403 1112 1536 1157 queat3
1580 1121 1661 1145 cum
1700 1121 1752 1145 se-

1086 1165 1256 1215 ptembris
1289 1167 1418 1202 mensis
1451 1165 1632 1202 indicetur
1659 1166 1753 1202 tem-

1088 1234 1169 1271 pus.
1228 1222 1368 1259 Contra
1399 1234 1508 1271 quem
1542 1226 1641 1259 recte
1673 1234 1753 1258 mo-

1089 1283 1203 1325 nent,
1243 1278 1404 1314 autumni
1436 1277 1649 1314 vocabulum
1676 1290 1751 1314 non

1088 1334 1137 1370 ad
1185 1339 1322 1371 certum
1376 1334 1513 1372 debere
1570 1334 1751 1383 adstringi

1087 1403 1250 1427 mensem
1272 1395 1490 1440 tempusque
1519 1391 1650 1437 fixum,
1681 1391 1748 1428 sed

1088 1448 1137 1483 ad
1165 1446 1253 1483 illud
1282 1448 1430 1483 omnino
1462 1453 1627 1497 tempus,
1675 1460 1749 1496 quo

1088 1516 1154 1540 sua
1182 1504 1338 1552 quisque
1377 1503 1414 1539 in
1452 1509 1549 1540 terra
1585 1508 1749 1540 maturos

1087 1559 1267 1609 percipiat
1300 1561 1447 1596 fructus.
1509 1560 1622 1603 Quod
1651 1559 1749 1596 aliud

1089 1616 1240 1652 Graecis
1269 1615 1609 1664 Phoenicibusque,
1650 1615 1749 1653 aliud

1087 1671 1301 1722 Aegyptiis,
1332 1672 1430 1708 aliud
1452 1685 1538 1709 orae
1554 1672 1749 1709 Africanae

1087 1728 1212 1766 incolis
1238 1741 1338 1775 esse,
1369 1733 1499 1778 sponte
1520 1728 1746 1777 intelligitur.

1086 1785 1194 1822 Plura
1212 1785 1326 1823 Koes.
1352 1785 1373 1824 l.
1398 1785 1420 1822 l.
1442 1797 1528 1835 pag.
1552 1788 1615 1827 19.
1636 1788 1701 1827 20.

1142 1841 1422 1892 προσίσχοντες
1436 1839 1486 1880 ἂν
1499 1840 1746 1892 σπείρεσκον]

1085 1898 1179 1935 Cum
1206 1898 1412 1948 Schweigh.
1447 1903 1484 1936 et
1511 1898 1629 1935 Gaisf.
1660 1898 1746 1935 dedi

1083 1955 1363 2006 προσίσχοντες
1393 1968 1460 2005 pro
1490 1950 1745 2006 προσχόντες,

1082 2011 1245 2060 itemque
1277 2025 1360 2048 mox
1388 2011 1564 2063 γινοίατο
1593 2024 1661 2061 pro
1684 2025 1744 2063 γε-

1082 2068 1231 2106 νοίατο.
1273 2068 1314 2104 ln
1337 2068 1484 2117 vulgata
1502 2068 1660 2106 lectione
1681 2080 1745 2105 ac-

1082 2125 1217 2174 quievit
1241 2124 1431 2162 Matthiae.
1481 2124 1588 2162 Valet
1604 2124 1743 2175 προσί-

1084 2193 1189 2231 σχειν
1209 2181 1396 2232 appellere,
1427 2186 1465 2218 ut
1486 2182 1549 2228 IV,
1568 2182 1633 2221 76.
1652 2178 1742 2220 157.

1082 2238 1152 2285 Vl,
1184 2239 1250 2278 99.
1294 2240 1384 2279 119.
1445 2237 1503 2274 Ad
1539 2237 1654 2274 verba
1691 2232 1744 2274 ἂν

1083 2296 1318 2346 σπείρεσκον
1344 2293 1438 2331 conf.
1469 2293 1541 2339 ΠΙ,
1572 2295 1651 2333 119
1673 2293 1744 2329 ibi-

1081 2363 1153 2400 que
1175 2356 1269 2388 nott.
1293 2351 1354 2396 lv,
1384 2351 1449 2390 78.
1499 2349 1590 2386 Mox
1614 2349 1741 2398 scripsi

1082 2404 1235 2457 ἄμητον
1249 2406 1335 2457 (pro
1353 2401 1541 2456 ἅμητόν);
1563 2406 1634 2442 vid.
1647 2410 1741 2444 nott.

1080 2464 1184 2510 adll,
1202 2463 1266 2510 14,
1283 2463 1344 2499 ubi
1359 2476 1426 2512 pro
1446 2461 1508 2508 lV,
1533 2466 1552 2503 1
1567 2464 1591 2501 8
1614 2461 1741 2511 legen-

1080 2520 1164 2556 dum
1181 2520 1243 2566 lV,
1261 2518 1286 2558 4
1299 2521 1336 2558 2.
1365 2519 1476 2563 Quod
1489 2519 1536 2555 ad
1546 2531 1741 2568 argumen-

1079 2581 1156 2613 tum
1195 2576 1347 2622 attinet,
1390 2575 1480 2612 falso
1510 2575 1601 2613 haec
1643 2575 1740 2612 tradi

1079 2633 1268 2670 contendit
1287 2632 1470 2669 Gosselin.
1500 2631 1522 2668 l.
1549 2631 1571 2669 l.
1600 2645 1635 2682 p.
1656 2631 1738 2671 349

1079 2702 1155 2738 seq.
1169 2718 1181 2735 ,
1223 2701 1303 2726 cum
1331 2702 1352 2725 a
1372 2689 1613 2726 Phoenicibus
1638 2688 1739 2725 loco-

1078 2758 1154 2782 rum
1176 2745 1316 2782 illorum
1337 2746 1524 2795 ipsiusque
1549 2744 1615 2781 soli
1633 2745 1736 2794 igna-

1077 2802 1124 2839 ris
1145 2802 1291 2840 minime
1309 2802 1389 2839 talis
1409 2815 1516 2851 seges
1535 2801 1737 2851 messisque
