1863 3256
52 968 118 1016 65
178 961 443 1018 νενόμισται.

486 139 1048 181 MELPOMENE.
1107 141 1168 180 IV.

1377 150 1461 188 407

189 250 480 307 χειρόμακτρα
527 251 624 307 ἔχῃ,
680 249 794 306 α’νὴρ
843 247 1020 303 ἄριστος
1073 243 1203 300 οὗτος
1250 250 1515 306 κέκριται.10

189 323 342 365 πολλοὶ
383 323 428 365 δὲ
465 320 612 364 αὐτῶν
642 321 688 364 ἐκ
718 326 803 364 τῶν
835 319 1150 375 ἀποδερμάτων
1179 321 1252 364 καὶ
1281 325 1460 377 χλαίνας

186 395 445 437 ἐπείνυσθαι
475 396 671 442 ποιεῦσι,
714 391 1040 448 συρράπτοντες
1067 391 1260 448 κατάπερ
1291 397 1458 450 βαίτας.

160 464 344 508 suom-ol
376 463 422 505 δὲ
453 461 628 517 ἀνδρῶν
658 463 828 519 ἐχθρῶν
846 464 923 515 τοὶς
945 465 1082 517 δεξιὰς
1110 464 1262 521 χέρας,
1293 469 1463 519 νεκρῶν

187 535 374 584 ἐόντων,
408 531 716 586 α’ποδείραντες
737 533 909 577 αὐτοῖσι
931 535 1076 588 ὄνυξι,
1104 535 1354 590 καλύπτρας
1373 540 1462 579 τῶν

158 613 180 646 6
193 604 447 660 φαρετρέων
489 608 728 646 ποιεῦνται.

186 677 302 731 παχὺ
333 675 407 717 καὶ
437 674 661 729 λαμπρὸν,
707 669 763 730 ἦν
793 675 881 730 ἄρα
911 676 1066 732 σχεδόν
1097 678 1323 734 δερμάτων
1351 678 1460 721 ποίν-

155 756 177 790 7
188 764 277 791 των
317 745 627 801 λαμπρότατον
664 744 902 803 λευκότητι.

963 749 1118 793 πολλοὶ
1148 751 1194 793 δὲ
1223 750 1297 793 καὶ
1327 749 1460 801 ὅλους

184 819 349 874 ἄνδρας
390 818 688 871 ἐκδείραντες,
741 818 814 861 καὶ
853 821 1143 872 διατείναντες
1178 821 1248 865 ἐπὶ
1287 820 1454 874 ξύλων,

182 890 252 935 ἐπ’
293 892 437 933 ἵππων
472 889 773 944 περιφέρουσι.

503 959 654 1012 Λύτάς
685 961 825 1011 δὲτὰς
854 962 1071 1018 κεφαλας,

151 1031 291 1077 educi
322 1037 411 1076 τῶν
442 1033 664 1088 ἐχθίστων,
694 1037 868 1075 ποιεῦσι
897 1033 1010 1076 τάδε.

832 894 968 934 ταῦτα
1005 909 1085 947 μεν
1126 892 1179 949 δὴ
1221 892 1337 936 οὕτω
1373 904 1453 948 σφι

1071 1033 1318 1086 ἀποπρίσας
1346 1035 1440 1078 ε’κα-
1451 1041 1520 1089 20r

179 1117 279 1156 στος
307 1109 395 1148 πᾶν
424 1106 472 1148 τὸ
502 1105 651 1160 ἔνερθε
688 1108 777 1147 τῶν
816 1103 1021 1160 ὀφρύων,
1061 1103 1333 1161 ἐκκαθαίρει·
1375 1106 1448 1150 καὶ

119 1260 156 1293 et
181 1268 276 1304 quae
304 1255 352 1290 ad
377 1253 584 1302 Thucydid.
615 1253 686 1301 VI,
727 1252 780 1295 41

117 1311 239 1350 attulit
257 1311 398 1348 Duker.
445 1310 534 1347 Mox
561 1311 688 1360 scripsi
712 1306 782 1349 αύ-

116 1370 200 1408 τῶν
222 1380 289 1418 pro
315 1363 479 1405 αὐτέων.
504 1387 561 1395 —
587 1365 648 1403 Ad
667 1367 781 1406 ἐπεί-

117 1429 269 1465 νυσθαι
286 1425 379 1461 conf.
391 1424 602 1461 Buttmann.
616 1424 780 1461 Gramm.

116 1483 249 1520 Graec.
267 1481 349 1518 mai.
368 1481 382 1517 l
403 1494 438 1532 p.
453 1479 536 1522 547
556 1481 691 1518 Matth.
711 1482 778 1519 Gr.

115 1539 182 1576 Gr.
201 1551 287 1589 pag.
307 1536 402 1578 456.

169 1592 345 1645 κατάπερ
384 1591 597 1646 βαίτας]
642 1593 776 1631 Pasto-

113 1665 193 1690 rum
222 1651 389 1700 intelligit
409 1650 593 1699 stimulas,
622 1651 777 1687 crassio-

112 1721 171 1746 res
200 1721 243 1746 ac
272 1708 436 1753 viliores,
467 1721 487 1744 e
512 1707 664 1757 pellibus
686 1720 774 1744 con-

111 1766 239 1803 sectas.
297 1765 355 1801 Cf.
394 1764 579 1802 'lheocrit.
608 1763 773 1811 111‚25

111 1822 234 1889 ibique
255 1821 412 1858 Scholia.

169 1893 224 1929 ἠν
244 1874 343 1928 α’ρα]
376 1876 579 1925 Schweigh.
606 1889 627 1915 e
647 1877 771 1914 conie-

109 1938 209 1972 ctura
244 1935 409 1983 reposuit
441 1948 495 1984 ην
534 1930 612 1985 ἄρα
638 1933 712 1970 scii
740 1933 766 1987 ᾑ

108 1992 255 2030 λευκοῦ
275 1986 525 2041 ἄνθρωπον,
559 1991 661 2054 quod
681 2003 770 2028 sane

108 2049 233 2085 durius
259 2049 413 2085 xidetur.
452 2047 532 2084 Nee
551 2047 669 2095 magis
690 2046 769 2084 loco

107 2105 315 2142 medebitur
362 2104 509 2152 Stegeri
558 2104 769 2141 emendatio

106 2161 253 2208 (Praef.
283 2173 369 2211 pag.
392 2158 477 2211 XV)
507 2173 574 2211 pro
603 2153 656 2211 ἧν
690 2156 769 2210 ἄρα

106 2218 298 2255 scribentis
329 2216 390 2266 εἴη
420 2213 484 2255 ἅν.
529 2217 769 2267 Quapropter

106 2274 265 2311 omnium
282 2279 504 2311 vetustorum
522 2273 693 2310 llbrorum
715 2273 768 2311 le-

107 2331 265 2368 ctionem
292 2343 372 2368 cum
394 2330 573 2369 Matthiae
596 2330 767 2379 equidem

107 2388 274 2434 restitui,
327 2388 376 2424 ad
427 2400 537 2436 quam
592 2387 767 2424 tuendam

105 2455 253 2492 quoque
280 2443 418 2481 faciunt
446 2456 512 2490 ea,
544 2456 639 2493 quae
670 2444 766 2480 exci-

106 2499 195 2535 tavit
210 2500 252 2536 C.
269 2499 310 2536 F.
332 2500 532 2538 Hermann.
554 2501 601 2537 ad
613 2499 769 2538 Luciam

104 2554 165 2592 De
185 2554 308 2592 histor.
335 2570 471 2596 conscr.
498 2569 584 2605 pag.
608 2559 670 2597 16.
699 2560 764 2597 17.

106 2613 202 2651 362.
235 2611 341 2648 Cous.
363 2613 455 2650 l'lut.
474 2613 567 2650 Fab.
586 2614 683 2650 Max.
701 2616 763 2654 17.

105 2666 249 2704 Camill.
279 2668 316 2706 8.
368 2667 437 2705 Est
464 2674 586 2707 autem
612 2682 764 2708 sensus:

102 2724 287 2771 „humana
311 2724 438 2773 pellis,
469 2738 557 2774 quae
584 2729 618 2762 et
647 2728 763 2776 spissa

102 2784 153 2817 cst
195 2783 227 2818 et
271 2780 451 2827 candida,
488 2783 642 2819 omnibus
679 2783 762 2820 inde

836 1254 991 1304 pella'bus
1033 1256 1282 1306 propemodum
1337 1259 1501 1304 praestat

839 1312 1002 1348 candore.
1016 1313 1042 1331 ‘⁶
1070 1313 1129 1349 Ad
1151 1317 1408 1361 argumentum
1429 1312 1499 1349 loci

837 1369 995 1415 faciunt,
1026 1380 1120 1417 quae
1145 1370 1193 1406 de
1212 1368 1365 1406 Gelonis
1387 1369 1500 1406 refert

835 1424 935 1462 Mela
957 1425 1003 1471 ll,
1035 1428 1054 1465 1
1081 1424 1118 1477 ἓ.
1142 1427 1234 1475 130,
1256 1425 1306 1464 ad
1326 1424 1389 1474 IV,
1420 1426 1499 1476 109

834 1482 1037 1520 afferenda.

1044 1570 1150 1623 Cap.
1176 1571 1293 1612 LXV.

889 1644 1029 1697 Αύτοῖς
1063 1647 1106 1688 δὲ
1138 1647 1210 1697 τοῖς
1236 1646 1414 1700 κεφαλάς
1438 1671 1495 1681 -·

831 1710 990 1747 ποιεῦσι
1011 1702 1119 1757 τάδε]
1140 1708 1161 1744 i.
1175 1720 1206 1744 e.
1220 1709 1307 1757 ipsis
1318 1708 1494 1758 capitibus

830 1786 886 1792 -—-
896 1765 982 1801 haec
990 1763 1150 1814 faciunt.
1164 1763 1244 1802 Nec
1256 1765 1325 1801 alia
1339 1764 1491 1815 duplicis

829 1822 1026 1858 accusativi
1065 1821 1158 1858 ratio
1191 1821 1264 1867 lv,
1305 1823 1385 1861 166
1412 1820 1492 1858 coll.

828 1878 919 1925 VII,
952 1879 1120 1919 156.—
1159 1876 1218 1914 Ad
1247 1878 1358 1915 verba
1385 1890 1491 1927 seqq.

829 1929 1055 1982 α’ποπρίσας
1075 1932 1236 1980 ἕκαστος
1251 1949 1285 1972 κ.
1302 1949 1333 1972 τ.
1349 1936 1382 1972 λ.
1402 1933 1493 1971 haec

827 1991 1022 2041 adscripsit
1059 1990 1306 2039 Wesseling.:
1354 1990 1493 2037 „Serra

825 2053 1022 2097 postquam
1052 2047 1284 2084 absciderant
1312 2047 1412 2096 quod
1432 2046 1490 2083 in-

824 2105 881 2141 ira
907 2103 1118 2154 supercilia,
1149 2104 1403 2154 expui-gabant
1428 2115 1490 2140 ca-

825 2160 912 2211 pitis
953 2160 1110 2198 calvam:
1150 2159 1383 2210 ἐκκαθαίρει
1412 2172 1488 2197 non

825 2221 968 2267 spectat
997 2217 1184 2267 proxima,
1219 2218 1286 2254 sed
1309 2214 1488 2264 κεφαλάς

824 2279 889 2310 aut
930 2268 1123 2324 κεφαλήν.
1169 2274 1369 2310 Barbaram
1398 2285 1488 2310 con-

824 2330 1054 2367 suetudinem
1084 2329 1152 2379 (ad
1178 2330 1361 2375 Hunnos,
1384 2328 1487 2366 Lon-

823 2387 1031 2436 gobardos‚
1084 2386 1246 2435 Avares,
1303 2385 1486 2434 Bulgaros

823 2441 1048 2493 tramissam)
1104 2443 1217 2480 habet
1253 2443 1387 2480 Strabo
1422 2441 1485 2478 lib.

822 2499 889 2536 VII
917 2514 953 2550 p.
981 2498 1064 2541 460
1094 2512 1122 2536 5.
1148 2502 1253 2545 300,
1284 2504 1394 2547 atque
1412 2497 1484 2543 alii,

822 2556 869 2594 de
902 2557 1032 2606 quibus
1059 2568 1140 2606 cap.
1157 2558 1210 2596 26
1223 2558 1248 2577 “
1284 2554 1360 2603 [ubi
1389 2554 1484 2590 cons.

821 2612 941 2663 nott.].
967 2634 1015 2640 —
1045 2612 1105 2650 De
1129 2626 1196 2649 usu
1224 2610 1480 2663 particularum

822 2666 893 2718 μὶν
912 2674 950 2707 et
969 2667 1010 2708 δὲ
1028 2669 1064 2706 ἱιι
1083 2669 1245 2719 proxime
1265 2680 1367 2715 seqq.
1382 2666 1478 2702 conf.

822 2726 978 2763 Werfer.
1007 2724 1103 2762 Actt.
1139 2724 1237 2776 phin.
1264 2723 1432 2759 Monacc.
1462 2720 1478 2757 I

820 2795 907 2834 pag.
926 2784 979 2823 96
1001 2785 1040 2820 et
1059 2781 1198 2819 Herod.
1219 2778 1279 2824 W,
1298 2779 1362 2820 68.
1386 2778 1476 2819 165.

1103 962 1159 1006 οὔ
1184 981 1225 1006 τι
1254 963 1448 1016 πάντων,
1503 995 1568 1022 „bu
1571 1003 1584 1021 s
1616 994 1657 1020 i„

795 605 932 660 δέρμα
981 607 1027 649 δὲ
1071 605 1336 662 α’νθρώπου,
1386 607 1516 651 καὶ15

1504 960 1619 989 Pocula
1645 967 1679 987 ex
1692 960 1785 1000 ‘capi-

1629 993 1742 1021 nunicis
1747 994 1785 1020 >i-

1506 1037 1553 1055 mo
1551 1036 1639 1088 1ι,ιιιιι
1673 1032 1783 1055 eten-

1561 1071 1589 1095 ι,
1624 1061 1674 1100 qui
1704 1060 1783 1094 apud

1504 1071 1590 1129 reg¹e1
1582 1103 1609 1121 ιιι
1635 1095 1688 1123 lite
1705 1095 1780 1122 ceci-

1504 1129 1623 1158 derunt.
