1946 3272
434 233 517 273 12}

864 229 1330 272 HERODOTI

434 344 623 385 ναικῶν·
659 342 750 386 ἐπεί
772 358 815 385 τε
837 340 921 397 γαρ
942 339 1117 396 τάχιστα
1148 334 1275 390 οὗτος
1298 337 1553 392 ὥνθρωπος,
1582 337 1701 390 ὅστις

435 412 533 457 κοτέ
564 413 673 464 ἐστι,
703 413 917 467 παρέλαβε
937 410 1017 466 τὴν
1039 412 1286 466 βασιληίην,
1318 408 1527 463 διέσπειρε
1555 408 1700 463 ἡμέας,

309 480 377 525 69
435 481 573 540 ἄλλην
603 482 710 540 ἄλλῃ
740 482 920 534 τάξας.“
973 479 1200 523 Ἀκούοντι
1225 481 1422 523 δὲταῦτα
1444 483 1504 537 τῷ
1530 477 1702 534 Ὀτάνῃ,

438 558 606 610 μᾶλλον
636 555 918 607 κατεφαίνετο
948 550 996 593 τὸ
1027 554 1213 606 πρῆγμα.
1259 553 1408 607 τρίτην
1435 551 1479 594 δὲ
1506 548 1760 604 ἀγγελίην90

410 624 644 681 Ξέσπέμπει
669 620 765 677 παρ’
798 620 958 676 αὐτήν,
990 620 1204 677 λέγουσαν
1234 626 1391 665 ταῦτα·
1451 617 1537 674 „³521
1566 618 1703 674 θύγα-

436 712 534 749 τερ,
571 697 638 737 δεῖ
665 704 734 743 σε,
778 696 1010 747 γεγονυῖαν
1039 687 1106 741 εὗ,
1155 693 1366 735 κίνδυνον
1405 690 1704 746 ἀναλαβέσθαι

437 766 516 810 τὸν
545 764 599 807 ἂν
620 761 643 806 ὁ
673 763 813 818 πατὴρ
835 760 1076 805 ὑποδύνειν
1092 761 1260 820 κελεύῃ.
1307 764 1342 806 εἰ
1361 762 1443 818 γὰρ
1466 762 1519 818 δὴ
1535 760 1594 818 μή
1618 761 1706 804 ἐστι
1763 758 1848 798 232

435 835 459 880 ὁ
500 833 655 890 Κύρου
693 832 902 888 Σμέρδις,
955 831 1062 875 ἀλλὰ
1099 832 1177 876 τὸν
1213 833 1461 877 καταδοκέω
1498 833 1607 888 ἐγώ,
1648 833 1759 877 οὔ95

437 923 506 950 τοι
544 921 638 960 μιν,
694 904 763 946 σοί
801 919 846 946 τε
884 902 1243 959 συγκοιμώμενον
1287 904 1360 947 καὶ
1403 904 1452 946 τὸ
1497 903 1705 958 Περσέων

435 976 594 1030 κράτος
633 975 786 1030 ἔχοντα
798 1007 810 1027 ,

869 976 937 1017 δεῖ
979 974 1185 1028 χαίροντα
1228 972 1537 1025 ἀπαλλάσσειν,
1597 972 1702 1016 ἀλλοὶ

405 1049 594 1091 δδοῦναι
634 1047 772 1101 δίκην.
832 1047 916 1087 νῦν
958 1039 1020 1086 ὦν
1059 1045 1248 1100 ποίησον
1290 1043 1409 1086 τάδε·
1467 1042 1596 1087 ἐπεάν
1635 1051 1711 1086 σοι

434 1116 644 1174 συνεύδῃ,
675 1117 748 1160 καὶ
778 1114 926 1172 μάθῃς
957 1112 1092 1158 αὐτὸν
1124 1113 1489 1170 κατυπνωμένον,
1525 1113 1703 1171 ἄφασον

407 1187 580 1232 4αὐτοῦ
617 1187 670 1231 τοὶ
708 1181 808 1230 ὦτα.

377 1396 676 1434 consuetudinem
697 1398 879 1445 spectant,
903 1395 949 1432 de
966 1406 1038 1444 qua

377 1452 439 1491 Tu
469 1453 561 1489 conf.
591 1452 735 1488 Esther.
763 1451 809 1497 ΙΙ,
840 1453 901 1491 12.
961 1451 1037 1488 lta-

380 1522 453 1558 que
481 1513 578 1545 recte
600 1507 747 1545 Dorvill.
769 1509 818 1544 ad
841 1507 978 1544 Charit.
1000 1521 1035 1558 p.

369 1566 476 1611 ⁴498,
507 1565 567 1601 ubi
586 1564 619 1600 h.
639 1564 660 1601 Ι.
679 1564 807 1613 tangit,
841 1563 867 1600 l.
892 1564 1038 1600 Grono-

378 1622 474 1658 vium
494 1621 581 1657 dicit
600 1618 704 1657 nimis
728 1624 857 1668 argute
875 1620 967 1657 hanc
985 1619 1038 1656 lo-

378 1679 559 1715 cutionem
592 1677 817 1713 committere
856 1689 935 1713 cum
965 1676 1038 1713 La-

377 1735 473 1771 tina:
494 1737 588 1769 stare
609 1735 647 1770 in
661 1733 839 1782 lupanari.
870 1732 1041 1781 Namque

378 1803 452 1827 non
492 1790 741 1827 meretricibus
768 1788 956 1839 peculiaris
983 1802 1042 1826 se-

381 1846 492 1884 dendi
530 1859 609 1883 mos
645 1846 745 1896 apud
784 1845 938 1891 Persas,
975 1846 1041 1882 sed

381 1903 548 1939 omnibus
593 1901 781 1948 foeminis,
845 1902 1041 1951 praecipue

379 1958 499 1995 lanam
521 1959 778 2003 tractantibus,
808 1957 845 1993 id
867 1958 967 2006 quod
985 1956 1041 1994 vel

379 2014 622 2063 Sardanapali
674 2013 839 2062 exemplo
895 2013 1041 2063 probari

377 2071 475 2107 idem
526 2075 650 2107 monet
688 2069 840 2106 Dorvill.
888 2070 1039 2105 laudans

379 2126 490 2164 Diod.
517 2126 563 2172 ll,
591 2128 643 2165 23
674 2131 711 2163 et
742 2124 874 2162 Athen.
906 2125 989 2171 Xll,
1014 2127 1039 2164 7

379 2196 415 2233 p.
439 2182 531 2222 529.
564 2181 639 2232 [Tu
660 2183 732 2218 vid.
751 2183 852 2219 Ctes.
873 2183 1041 2230 fragmm.

378 2252 464 2289 pag.
493 2237 586 2279 427.
614 2240 694 2279 431
729 2237 819 2287 seq]
859 2238 933 2284 „Et
953 2250 1039 2275 vero

379 2296 602 2331 Graecarum
623 2296 732 2331 otiam
751 2295 964 2331 feminarum
977 2307 1042 2330 au-

378 2351 529 2399 tiquitus
560 2351 652 2386 hunc
686 2364 822 2387 morem
851 2352 960 2387 fuisse
984 2363 1042 2386 ar-

383 2408 462 2456 guit
512 2406 610 2443 locus
647 2407 838 2455 Odysseae
880 2409 923 2444 Z.
960 2405 1040 2446 305

383 2463 491 2512 sqq.“
524 2462 593 2499 Cr.

439 2512 555 2564 οὗτος
587 2515 832 2568 ὥνθρωπος]
876 2514 1042 2568 ὤνθρω-

382 2590 458 2621 πος
478 2588 556 2611 cum
570 2575 772 2622 Schweigh.
796 2581 833 2611 et
852 2575 969 2610 Gaisf.
987 2587 1043 2610 re-

383 2632 509 2681 scripsi
530 2644 596 2680 pro
625 2630 721 2679 vulg.
744 2627 973 2682 ἅνθρωπος,
1006 2631 1043 2666 id

385 2688 485 2737 quod
509 2687 638 2724 Matth.
663 2687 824 2723 retinuit.
883 2685 953 2722 Alii
982 2699 1042 2722 ex-

385 2744 512 2782 hibent
543 2739 782 2791 ὤνθρωπος.
850 2742 910 2780 Tu
946 2742 1041 2778 conf.

386 2801 537 2849 (lisputt.
550 2812 688 2837 censor.
703 2799 841 2838 lenens.
863 2801 968 2840 1817
987 2811 1039 2834 nr.

387 2859 466 2897 162
484 2868 570 2908 pag.
589 2855 681 2896 356.

876 1186 950 1231 καὶ
986 1185 1043 1242 ἢν
1085 1186 1165 1242 μὲν
1205 1188 1415 1244 φαίνηται
1452 1185 1561 1242 ἔχων
1599 1179 1702 1238 ὦτα,

1282 1393 1391 1444 Cap.
1422 1391 1558 1430 inx.

1151 1471 1196 1512 εἶ
1226 1468 1299 1524 γαρ
1331 1468 1381 1522 δή
1413 1465 1469 1522 μή
1500 1470 1600 1520 ἔστι]
1651 1469 1758 1507 Unus

1094 1529 1278 1566 Sancrosti
1306 1528 1396 1565 liber
1431 1527 1484 1575 εἰς
1522 1527 1649 1576 reliqui
1687 1521 1756 1576 ἢν,

1094 1586 1194 1634 quod
1215 1585 1272 1621 hic
1290 1585 1375 1622 ferri
1400 1584 1538 1632 nequit.
1569 1584 1651 1620 Vid.
1665 1585 1758 1619 nott.

1093 1642 1141 1678 ad
1167 1641 1232 1687 ΙΙΙ,
1266 1641 1317 1681 15
1350 1644 1386 1678 et
1414 1640 1569 1677 lverser.
1595 1640 1631 1675 in
1662 1638 1758 1675 Actt.

1097 1697 1232 1748 philoll.
1251 1696 1414 1733 Monacc.
1430 1697 1445 1732 Ι
1463 1709 1545 1746 pag.
1564 1697 1647 1736 262
1670 1699 1759 1740 not„

1098 1755 1160 1802 qui
1186 1754 1282 1791 idem
1309 1749 1428 1791 οὕτο
1442 1766 1455 1790 ι
1480 1752 1514 1789 h.
1536 1751 1558 1788 l.
1580 1755 1759 1788 mutatum

1098 1810 1172 1846 vult
1190 1811 1226 1846 in
1249 1806 1334 1848 οὔτ
1347 1824 1379 1856 ι,
1412 1821 1492 1845 cum
1517 1805 1628 1846 οὗτοι
1647 1807 1760 1855 signi-

1098 1866 1185 1904 ficet
1214 1878 1322 1915 neque
1351 1868 1467 1901 tamen
1492 1865 1651 1913 indeque
1677 1863 1759 1899 huic

1098 1921 1177 1958 loco
1189 1923 1305 1958 minus
1318 1921 1518 1958 conveniat.
1539 1941 1594 1946 —-
1606 1920 1643 1955 ln
1654 1932 1758 1968 seqq.

1098 1978 1285 2014 formulam
1305 1974 1347 2015 τό
1367 1971 1512 2028 κράτος
1532 1974 1632 2025 ἔχειν
1646 1963 1759 2022 (atm-

1098 2047 1188 2070 mam
1208 2047 1341 2080 rerum,
1373 2046 1399 2069 s.
1422 2035 1602 2082 imperium
1626 2032 1757 2079 tenere)

1098 2092 1237 2140 aliquot
1259 2089 1432 2139 exemplis
1455 2089 1606 2126 illustrat
1627 2088 1757 2125 Siebe-

1098 2147 1140 2183 lis
1166 2147 1213 2183 ad
1234 2147 1391 2183 Pausan.
1410 2145 1508 2192 Vlll,
1530 2148 1554 2185 ὅ
1585 2143 1622 2195 ὃ.
1648 2147 1683 2183 1.
1703 2164 1760 2171 —

1098 2203 1157 2240 Ad
1178 2203 1363 2255 χαίροντα
1384 2202 1478 2239 conf.
1498 2201 1564 2248 Ill,
1581 2203 1647 2242 29.

1156 2312 1338 2365 ἄφασον]
1372 2314 1426 2351 lta
1448 2326 1574 2350 omues
1602 2312 1704 2357 libri;
1736 2323 1759 2348 a

1099 2373 1209 2409 verbo
1232 2367 1414 2421 οἷφάσσω.
1445 2371 1500 2406 'su
1519 2369 1611 2406 cons.
1626 2367 1758 2406 Matth.

1102 2430 1166 2465 Gr.
1198 2429 1262 2464 Gr.
1293 2426 1328 2478 ᾗ.
1355 2428 1444 2467 178.
1473 2428 1509 2466 6.
1542 2423 1758 2472 wesseling.

1101 2498 1258 2533 eumque
1285 2488 1427 2521 secutus
1456 2482 1571 2518 Gaisf.
1599 2479 1761 2517 exhibuit

1102 2538 1351 2588 ὅφασσον.
1413 2538 1545 2574 Suidas
1580 2536 1593 2573 l
1620 2549 1655 2585 p.
1678 2537 1753 2576 391

1101 2592 1318 2644 ἀφάσσων·
1359 2595 1575 2643 ψηλαφῶν.
1608 2613 1662 2619 —
1701 2590 1760 2628 Ad

1099 2652 1312 2703 particulam
1329 2650 1370 2689 δέ
1389 2651 1577 2700 repetitam
1591 2649 1626 2685 in
1647 2647 1759 2685 altero

1099 2709 1272 2744 orationis
1311 2707 1473 2744 membro
1513 2703 1579 2754 (σύ
1621 2702 1674 2742 δὲ
1705 2705 1760 2756 τῷ

1100 2760 1212 2815 μάγῳ
1253 2762 1428 2813 Σμέρδι)
1468 2763 1560 2798 eous.
1600 2761 1757 2800 W'erfer.

1098 2820 1119 2857 Ι.
1140 2820 1160 2857 Ι.
1184 2821 1197 2857 l
1215 2832 1302 2871 pag.
1322 2821 1387 2862 93.
1405 2821 1499 2860 273.
