1863 3256
459 134 1155 180 MELPOMENE.1V.

166 269 256 296 ,των
285 251 408 308 ἡμεῖς
436 252 580 307 ἴδμεν,
630 248 726 298 ἰ’σος
765 245 848 288 αἰεὶ
888 242 1022 295 αὐτός
1060 242 1212 299 ἑωυτῷ
1245 244 1331 299 ῥέει
1369 247 1443 288 καὶ

1362 140 1446 180 377

1519 249 1567 276 Pr
1544 258 1634 276 ιιιιιιιιι
1677 251 1764 310 Ister,

1501 290 1643 310 ῐΠὸΧΙΙΙΙυὸ
1652 293 1697 310 0111

1711 272 1783 312 ilum

139 325 330 380 Ξθὲρεος
372 323 444 367 καὶ
484 323 708 378 χειμῶνος.
767 319 943 371 πρῶτος
983 315 1029 359 δὲ
1067 315 1116 358 τὸ
1147 313 1227 358 ἀπ’
1257 313 1470 371 ἑσπέρηςι
1504 316 1617 375 annm„
1620 326 1655 344 ·Π·
1678 326 1702 344 0
1703 294 1780 352 ’·ἰιΠῖ

167 397 256 435 τῶν
294 393 340 437 ἐν
378 397 432 450 τῇ
463 393 671 447 Σκυθικῇ
702 388 835 444 ῥέων,
886 387 998 432 κατὰ
1036 384 1208 430 τοιόνδε
1248 385 1448 442 μέγιστος

167 463 342 520 γέγονε,
384 466 593 520 ποταμῶν
629 461 702 506 καὶ
742 460 890 504 ἄλλων
920 459 962 511 ἐς
994 456 1132 503 αὐτὸν
1162 457 1442 502 ἐκδιδόντων

112 635 174 684 lis,
213 635 255 672 fit
288 633 402 683 Ister,
445 635 679 685 acceptisque
713 634 777 672 ali-

112 696 204 741 quot
239 692 429 738 amnibus,
466 693 597 740 ingens
638 692 710 729 iam
741 697 778 730 et

112 761 260 794 eorum,
301 749 364 797 qui
404 750 440 786 in
480 753 643 785 nostrum
679 762 778 787 mare

112 804 308 852 decidunt,
345 810 486 843 tantum
523 804 610 842 Nilo
645 807 778 853 minor,

110 861 265 900 totidem
286 867 375 911 quot
396 863 453 900 ille
474 863 597 910 ostiis,
627 864 692 900 sed
714 865 778 900 tri-

112 919 177 955 bus
198 920 381 966 tenuibus,
413 920 561 969 reliquis
585 921 778 969 navigabi-

110 975 227 1022 libus,
258 975 418 1013 effluit.“
477 980 528 1013 Ac
552 980 649 1016 teste
675 979 779 1014 Stra-

111 1033 209 1070 bone
238 1033 306 1070 VH
335 1047 374 1084 p.
396 1035 479 1076 305
511 1047 548 1084 p.
572 1033 667 1074 467.
695 1037 778 1077 468

111 1091 336 1140 superiorem
357 1092 516 1128 fluminis
537 1095 677 1141 partem
700 1091 778 1130 Da-

111 1147 258 1184 nubium
296 1147 443 1194 dixere,
484 1148 694 1186 inferiorem
730 1150 778 1187 ad

110 1204 270 1241 Pontum
281 1216 409 1254 usque,
423 1205 570 1242 Istrum.
595 1205 704 1242 Hanc
715 1220 777 1244 ve-

109 1273 151 1298 ro
170 1273 279 1297 unam
292 1261 576 1312 appellationem
588 1262 689 1298 novit
699 1263 776 1300 He-

109 1318 264 1355 rodotus
276 1322 388 1367 atque
398 1318 545 1356 omnino
561 1318 695 1356 Graeci
709 1332 776 1357 an-

108 1375 298 1424 tiquiores.
325 1375 448 1426 lpsum
462 1375 627 1412 Danubii
640 1389 776 1415 nomen

109 1435 411 1483 repetuutavoce
427 1431 522 1479 Tan,
541 1432 627 1469 Dan
638 1446 667 1470 s.
681 1433 776 1481 Bon,

111 1501 207 1539 quae
241 1502 371 1539 aquam
404 1503 432 1527 s.
453 1491 610 1540 fluvium
639 1490 777 1529 indicet

110 1545 306 1595 multisque
334 1548 526 1584 fluviorum
554 1547 592 1583 in
619 1549 777 1585 nomini-

112 1603 180 1640 bus
202 1602 420 1651 (Danaster‚
434 1603 622 1653 Danaper,
635 1604 775 1643 Danais

113 1673 144 1697 s.
174 1659 338 1707 Tanais,
367 1659 670 1711 Boryst-denes)
710 1662 777 1699 ad-

112 1716 182 1753 huc
198 1722 419 1768 compareat.
453 1717 514 1755 Tu
530 1719 625 1758 conf,
643 1719 776 1768 Bayer.

113 1772 338 1811 Commentt.
367 1774 482 1812 Acad.
512 1774 702 1825 Petropol.
724 1774 777 1812 IX

112 1843 150 1881 p.
169 1830 263 1871 375.
303 1830 362 1869 De
380 1831 533 1869 Br-›sses
566 1828 701 1883 (Acad.
738 1833 775 1869 d.

111 1887 280 1938 Inscript.
322 1888 369 1926 T.
412 1887 556 1924 XXXV
606 1902 643 1939 p.
681 1888 774 1930 518.

113 1942 228 1996 533).
269 1944 404 1983 Ritter.
435 1944 594 1982 Vorhall.
628 1959 665 1996 p.
695 1946 778 1986 304

112 2000 192 2041 coll.
235 2001 418 2040 Wilhelm.
449 2002 627 2039 German.
655 2016 690 2053 p.
712 2002 778 2043 54.

113 2057 181 2099 58.
216 2058 327 2096 Plura
348 2060 396 2097 de
419 2063 577 2109 utroque
594 2059 694 2096 fluvii
713 2073 781 2096 no-

112 2115 213 2153 mine
251 2115 287 2152 T
290 2116 471 2155 zschucke
517 2117 565 2153 ad
599 2116 779 2166 Pompon.

112 2171 200 2210 Mel.
227 2172 283 2219 ΙΙ,
317 2175 336 2212 1
360 2171 398 2225 ἓ.
417 2175 442 2213 8
462 2186 547 2223 pag.
568 2172 633 2214 44.
656 2173 721 2215 45.

170 2231 363 2280 ποταμῶν
384 2228 451 2269 καὶ
473 2227 603 2269 ἄλλων
622 2246 659 2270 κ.
676 2245 707 2269 τ.
730 2230 776 2280 L]

114 2285 320 2337 Schweigh.
340 2291 426 2324 ante
437 2287 528 2325 haec
538 2288 650 2325 verba
663 2288 778 2325 maio-

114 2355 190 2380 rem
211 2344 299 2394 poni
318 2343 395 2383 vult
408 2344 692 2390 distinctionem,
712 2345 781 2381 mi-

115 2412 241 2438 norem
264 2406 349 2453 post
382 2396 624 2441 ἐκδιδόντων
666 2401 777 2450 (sive,

118 2457 218 2505 quod
237 2458 310 2495 duo
331 2458 413 2496 libri
435 2459 697 2509 suppeditant,
722 2457 780 2505 ἐς-

119 2508 350 2563 διδόντων),
391 2519 429 2554 et
453 2517 629 2553 maiorem
655 2528 779 2552 rursus

117 2574 203 2621 post
225 2573 444 2619 ποιεῦντες,
475 2577 514 2610 ut
531 2572 623 2611 haec
643 2573 691 2609 sit
710 2572 780 2609 loci

120 2628 322 2665 sententia:
364 2629 458 2675 „Ob
488 2629 552 2666 hoc
586 2629 780 2667 Danubius

117 2686 294 2721 maximus
312 2688 383 2722 est:
414 2683 580 2736 (scilicet)
599 2690 632 2724 et
653 2686 723 2723 aliz·
741 2688 779 2723 ιή

120 2753 196 2778 eum
221 2742 383 2791 influunt
413 2754 531 2779 amnes
554 2746 587 2780 et
619 2744 681 2793 qui
702 2755 778 2780 eum

119 2798 229 2850 (prae
251 2798 421 2847 caeteris)
440 2803 587 2849 augent,
619 2800 658 2837 lu·
671 2803 777 2838 sunt.-

834 633 932 680 sive,
963 636 996 670 et
1015 632 1072 679 ln‘,
1105 634 1167 683 qui
1182 645 1259 670 eum
1289 636 1395 683 (prae
1413 644 1498 669 cae-

833 687 939 742 teris)
960 693 1118 738 augent:
1146 703 1239 739 quos
1257 702 1389 740 nempe
1407 701 1499 726 con-

833 747 934 784 tinuo
970 747 1106 784 deinde
1141 748 1346 785 recenset.“
1388 746 1500 790 Quod

835 817 908 840 non
939 805 1055 853 magis
1088 803 1234 854 placet,
1273 817 1383 853 quam
1414 803 1500 840 Ste-

835 860 912 910 geri
934 860 1114 911 (praefat.
1136 874 1171 911 p.
1196 859 1301 912 XIV)
1326 860 1501 898 emenda-

834 918 886 954 tio
924 930 946 954 a
976 930 1127 955 censore
1153 916 1339 967 Lipsiensi
1371 917 1503 954 merito

835 976 971 1012 reiecta
983 975 1263 1025 (Ephemeridd.
1276 973 1365 1011 Litt.
1376 973 1499 1023 Lipss.

839 1033 946 1072 1829
991 1044 1044 1068 nr.
1091 1034 1169 1072 136
1210 1044 1296 1081 pag.
1339 1028 1502 1081 1087):

836 1090 1029 1137 ποταμῶν
1067 1084 1119 1138 δή
1148 1084 1279 1126 ἄλλων
1314 1086 1353 1133 ε’ς·
1383 1082 1503 1126 αὐτὸν

835 1140 1075 1184 ἐκδιδόντων
1096 1145 1227 1194 fluviis
1255 1144 1387 1181 scilicet
1417 1144 1503 1181 aliis

835 1203 874 1238 z'n
905 1214 982 1238 eum
1009 1202 1256 1251 influentibus.
1317 1201 1386 1237 Est
1418 1214 1503 1238 vero

833 1259 893 1296 hie
910 1258 979 1295 loci
1001 1270 1146 1295 sensus:
1179 1259 1322 1295 Primus
1344 1258 1437 1294 Ister
1457 1258 1503 1294 ab

833 1316 1023 1353 occidente
1063 1314 1238 1353 delabens
1278 1315 1375 1352 inter
1400 1314 1500 1364 Scy-

833 1372 933 1410 thiae
970 1384 1121 1418 amneS,
1169 1372 1240 1409 hoc
1279 1372 1355 1409 sere
1387 1371 1501 1408 modo

833 1430 1009 1467 maximus
1046 1430 1108 1474 fit,
1157 1428 1236 1466 aliis
1276 1441 1426 1478 quoque
1462 1428 1500 1465 in

833 1488 951 1537 ipsum
977 1486 1198 1525 irruentibus
1227 1486 1359 1523 fluviis.
1405 1485 1503 1522 Sunt

833 1556 920 1582 vero
968 1543 1027 1590 hi,
1082 1543 1145 1592 qui
1189 1544 1312 1593 ipsum
1347 1546 1501 1592 augent,

833 1601 990 1650 primum
1029 1601 1215 1650 quinque,
1263 1600 1324 1649 qui
1363 1603 1500 1637 terram

835 1657 1042 1707 Scythicam
1080 1658 1289 1707 perfluunt,
1336 1669 1380 1694 ex
1420 1657 1502 1706 ipsa

833 1714 902 1751 hac
913 1720 1009 1751 terra
1021 1714 1094 1751 scil.
1106 1714 1375 1764 provenientes
1401 1713 1502 1760 Sive,

834 1775 873 1808 ut
901 1771 1104 1822 Lipsiensis
1143 1771 1202 1808 ille
1239 1783 1370 1808 censor
1401 1774 1501 1808 recte

834 1829 883 1865 ad
921 1828 1072 1866 verbum
1112 1828 1377 1877 interpretatus
1419 1830 1499 1864 est:

834 1884 930 1932 „Die
953 1885 1086 1922 Donau
1116 1885 1208 1922 wz'rd
1239 1884 1312 1935 auf
1324 1883 1502 1935 solgende

842 1941 953 1979 Weise
981 1955 1107 1991 gross,
1147 1942 1264 1979 indem
1287 1954 1387 1978 zwar
1413 1941 1506 1978 auch

837 2000 968 2037 andere
987 1999 1116 2037 Fliisse
1144 2001 1181 2036 ιή
1211 1999 1358 2036 ἀῖεεείὂε
1369 1997 1506 2048 fallen,

838 2057 894 2094 die
923 2057 1027 2105 aber,
1066 2057 1194 2094 welche
1227 2058 1277 2093 sie
1302 2069 1403 2105 gross
1430 2068 1508 2092 ma-

839 2114 936 2162 chen,
965 2114 1048 2151 sind
1060 2113 1238 2165 folgende
1250 2115 1278 2133 “
1304 2114 1328 2151 i.
1347 2127 1380 2151 e.
1409 2112 1507 2160 „Die

837 2171 970 2208 Donau
998 2171 1109 2216 wird,
1141 2170 1301 2219 obgleich
1321 2170 1414 2207 auch
1436 2183 1505 2206 an-

837 2229 916 2266 dere
952 2228 1081 2266 Fcasse
1117 2230 1156 2265 in
1196 2227 1342 2265 ‹lieselbe
1367 2226 1504 2277 fallen,

836 2286 1011 2323 zuniichst
1044 2285 1155 2323 durch
1173 2284 1344 2335 folgende
1362 2284 1502 2333 gross.“

836 2364 892 2371 —
923 2343 962 2380 ln
994 2355 1097 2392 seqq.
1131 2355 1212 2380 cum
1234 2341 1440 2391 Schweigh.
1463 2344 1502 2379 et

836 2400 954 2437 Gaisf.
991 2400 1139 2451 scripsi,
1185 2399 1297 2436 libros
1335 2405 1499 2436 secutus:

837 2455 953 2496 πέντε
984 2454 1057 2508 μὲν
1077 2455 1119 2496 οἷ
1137 2454 1293 2508 ῥέοντες
1307 2485 1318 2503 ,
1348 2456 1411 2493 ubi
1432 2467 1500 2505 pro

837 2511 911 2564 μὲν
941 2513 983 2553 οἵ
1006 2514 1126 2552 Koen.
1155 2514 1204 2551 ad
1235 2513 1392 2562 Gregor.
1415 2513 1500 2549 Cor.

837 2569 874 2623 ἓ.
894 2570 947 2613 59
968 2572 1016 2609 de
1036 2570 1122 2609 dial.
1143 2571 1221 2607 Ion.
1237 2583 1325 2621 pag.
1337 2569 1420 2610 468
1441 2580 1499 2605 re-

834 2628 940 2666 scribi
962 2628 1065 2665 iussit
1087 2622 1265 2679 μεγαλοι,
1285 2626 1385 2676 quod
1405 2624 1498 2661 Lar-

834 2686 964 2732 chero,
1001 2685 1192 2731 Porsono,
1242 2683 1321 2720 aliis
1365 2680 1500 2732 placuit

836 2737 936 2794 (coll.
958 2742 1008 2779 IV
1019 2770 1031 2790 ,
1061 2740 1132 2790 49)
1164 2740 1339 2790 quodque
1358 2736 1499 2787 recepit

833 2798 1024 2838 Matthiae.
1057 2796 1320 2837 Valckenarius
1335 2794 1499 2832 coniece-

1539 358 1619 376 rum:

1605 383 1622 409 ss
1656 351 1685 377 in
1713 360 1740 378 ει
1743 360 1780 378 nn

1504 385 1727 445 (dilameriili'ciua
1751 390 1782 413 et
