1863 3256
0 551 97 599 155

435 221 1121 266 MELPOMENE.1V.

142 341 241 381 πλεε
253 352 262 363 ·

1325 229 1410 270 517

325 336 384 387 ὥς
417 335 462 379 δὲ
493 334 658 390 ἐγένετο
692 333 739 377 ἐν
768 336 829 390 τῷ
858 330 1055 387 πελάγεϊ,
1095 329 1409 388 ἀποσιεύμενος

141 408 222 463 τὴν
249 407 482 461 ἐξόρκωσιν
509 409 590 449 τοῦ
615 403 857 460 Ἐτεάρχου,
891 404 1121 459 σχοινίοισι
1151 401 1290 458 αὐτὴν
1321 407 1408 448 δια-

144 478 279 534 δήσας
306 482 463 534 κατῆκε
494 477 536 529 ἐς
565 477 614 520 τὸ
643 476 854 531 πέλαγος,
886 472 1143 524 ἀνασπάσας
1168 474 1213 517 δὲ
1230 474 1407 519 ἀπίκετο

147 549 189 600 ἐς
226 549 304 604 τὴν
337 548 495 604 Θήρην.
551 546 781 591 Ἐυθεῦτεν
822 547 868 590 δὲ
903 547 983 601 τήν
1015 547 1243 602 Φρονίμην
1272 563 1407 601 παρα-

140 619 292 674 λαβών
318 619 652 675 Πολύμνηστος,
683 618 769 661 ἐών
799 622 886 660 τῶν
915 619 1120 672 Θηραίων
1152 615 1262 673 α’νὴρ
1292 619 1405 664 δόκι-

141 706 223 745 μος
260 689 592 733 ἐπαλλακεύετο·
641 689 806 744 χρόνου
838 688 883 731 δὲ
911 687 1155 742 περιϊόντος
1185 688 1391 745 ἐξεγένετό
1406 699 1449 733 75
1463 684 1496 740 ’,ζ

142 762 185 803 οἱ
214 759 316 811 πάϊς
344 759 616 817 ἰσχνόφωνος
646 760 718 805 καὶ
747 757 954 815 τραυλὸς,
989 762 1049 815 τῷ
1078 758 1250 815 οὕνομα
1281 760 1406 820 ἐτέθη

145 940 439 997 οἷποσιεύμενος
473 944 547 998 τήν
587 942 750 998 ἐξόρκω-

86 1001 166 1053 σιν]
209 1004 231 1039 ἰ.
254 1016 285 1040 e.
321 1017 387 1053 quo
415 1016 450 1040 se
478 1005 665 1041 exsolveret
693 1007 749 1040 iu-

91 1059 295 1096 risiurandi
324 1062 367 1096 ab
391 1060 570 1098 Etearclaeo
599 1063 752 1112 impositi

87 1117 267 1165 religione.
308 1117 364 1154 lta
384 1118 644 1168 interpretatur
664 1118 751 1155 Val-

88 1173 193 1210 cken.
258 1171 320 1210 Tu
353 1175 447 1213 conf.
478 1175 550 1222 lv,
581 1176 674 1216 203.
718 1174 749 1222 Ι,

89 1232 170 1271 199
193 1229 316 1278 ibique
336 1230 414 1267 citt.

285 1286 316 1322 C
333 1298 399 1336 ap.
441 1286 552 1324 CLV.

149 1336 299 1393 χρόνον
321 1340 362 1380 ὁὲ
387 1338 632 1394 περιϊόντος]
668 1342 692 1379 i.
719 1354 751 1379 e.

90 1401 255 1448 temporis
285 1397 453 1445 decursu,
501 1404 540 1435 ut
564 1399 620 1445 ll,
660 1401 753 1439 121.

90 1457 183 1497 133.
218 1455 329 1498 Quod
348 1455 395 1493 ls.
415 1457 522 1492 Voss.
543 1455 751 1505 adscripse-

86 1518 143 1548 rat
164 1507 375 1562 προϊόντος
395 1513 602 1562 (progressu
625 1516 752 1561 tempo-

87 1571 163 1615 ris,
194 1574 231 1604 ut
248 1568 322 1615 VI,
345 1571 409 1609 36.
451 1570 538 1616 Vll,
573 1572 652 1610 197
677 1570 752 1606 sive

89 1626 134 1670 V,
159 1626 225 1672 58,
256 1624 320 1661 ubi
344 1621 491 1675 χρόνου
510 1625 753 1676 προβαίνον-

88 1682 201 1730 τος),
231 1693 274 1717 eo
302 1682 448 1719 minime
476 1695 594 1732 opus,
624 1694 753 1731 quam-

87 1739 141 1775 vis
174 1742 342 1775 neutrum
383 1739 429 1775 ab
459 1738 644 1776 Herodoti
684 1751 751 1775 usu

89 1794 297 1831 abhorreat.
333 1816 386 1821 —
428 1795 504 1832 Iam
545 1796 662 1846 ipsam
697 1796 751 1832 fa-

90 1863 210 1898 mam,
264 1862 373 1899 quam
413 1851 613 1900 Cyrenaeis
655 1851 752 1888 haud

89 1908 274 1956 ingratam
313 1908 494 1957 copiosius
527 1908 647 1946 retulit
672 1908 753 1945 No-

89 1970 190 2010 ster,
219 1963 383 2000 nonnihil
412 1969 589 2002 mutatam
607 1977 649 2001 ac
670 1964 753 2002 bre-

89 2021 229 2057 viorem
255 2021 456 2058 invenimus
483 2022 583 2071 apud
603 2021 752 2058 Pindar.

90 2076 199 2126 Pyth.
220 2076 271 2112 IV
289 2082 326 2114 et
348 2077 403 2125 V,·
434 2078 494 2115 ubi
516 2077 752 2115 consulantur

92 2132 227 2170 scholia
266 2132 419 2170 Graeca.
476 2134 594 2171 Aliam
639 2140 752 2184 atque

91 2189 304 2227 Herodotus
334 2190 580 2227 narrationem
611 2191 658 2229 de
689 2204 752 2228 co-

91 2245 190 2283 lonia
211 2246 391 2294 Cyrenem
421 2247 579 2284 deducta
607 2247 752 2285 exhibet

92 2303 251 2340 Iustinus
288 2302 396 2350 xiil,
425 2305 450 2342 7
479 2303 558 2340 coll.
592 2302 752 2341 Pausan.

93 2359 142 2406 X,
164 2359 212 2398 15
244 2355 280 2408 ἕ.
309 2359 347 2399 4.
403 2359 524 2396 Sebol.
563 2360 611 2396 ad
640 2360 753 2397 Calli-

91 2415 207 2451 mach.
227 2416 265 2451 in
283 2415 439 2466 Apollin.
463 2417 528 2457 65.
549 2415 625 2462 743
646 2415 753 2454 aliam

94 2471 279 2508 Menecles
319 2473 356 2508 in
395 2472 517 2509 Schol.
559 2473 608 2509 ad
646 2473 752 2510 Pind.

94 2527 201 2575 Pyth.
229 2527 301 2575 lv,
334 2531 384 2569 10
413 2527 511 2579 (coll.
537 2528 670 2567 Tzetz,
706 2531 756 2567 ad

95 2582 274 2632 Lycophr.
315 2585 417 2632 886)
452 2590 563 2635 atque
592 2586 752 2624 Acesan-

97 2640 164 2676 der
185 2639 289 2685 (ibid.
306 2641 475 2690 adinit.).
507 2642 614 2686 Quae
635 2644 756 2681 omnia

97 2700 265 2732 accurate
284 2695 488 2745 disquirens
501 2698 641 2748 Thrige
659 2700 755 2739 Hist.

98 2751 232 2799 (Tyren.
265 2764 351 2801 pag.
383 2754 436 2793 50
467 2754 646 2793 Herodoti
674 2769 758 2793 nar-

98 2809 298 2854 rationem,
341 2807 517 2847 Theraeis
546 2812 757 2861 probatam,

98 2864 148 2901 ad
171 2877 295 2902 verum
314 2865 478 2915 proxime
498 2868 671 2907 accedere
689 2870 758 2907 sibi

804 946 920 984 videri
942 950 1089 992 monet,
1127 950 1350 995 argumentis
1375 951 1464 988 sub-

806 1004 933 1049 iectis,
974 1017 994 1041 e
1014 1004 1144 1052 quibus
1172 1004 1356 1043 Herodoti
1383 1020 1467 1044 nar-

807 1061 986 1097 rationem
1013 1059 1159 1109 reliquis
1189 1068 1377 1109 praestare
1398 1076 1467 1114 ap-

805 1122 945 1168 pareat.
979 1115 1100 1165 Atque
1122 1117 1209 1154 ibid.
1233 1131 1318 1168 pag.
1336 1121 1390 1162 84
1410 1121 1468 1167 iis,

807 1174 868 1222 qui
889 1173 1081 1210 recentiori
1103 1178 1224 1211 aetate
1255 1175 1302 1212 de
1321 1177 1468 1225 Cyrene

806 1243 829 1267 a
852 1229 1030 1268 'sberaeis
1050 1242 1091 1266 ac
1115 1231 1307 1280 Spartanis
1339 1234 1468 1270 condi-

807 1291 848 1322 ta
870 1286 1099 1332 dubitarunt,
1126 1291 1292 1324 veterum
1316 1290 1471 1339 scripto-

807 1354 885 1379 rum
913 1341 1012 1378 haud
1038 1354 1153 1391 pauca
1181 1345 1335 1393 opponit
1365 1347 1471 1383 testi-

807 1398 950 1444 monia,
989 1398 1121 1447 quibus
1151 1399 1300 1436 Battum
1337 1402 1471 1440 edoce-

808 1467 888 1493 mur
912 1455 1076 1503 Cyreues
1101 1456 1211 1493 fuisse
1242 1458 1470 1496 conditorem

807 1511 995 1562 ipsiusque
1034 1511 1131 1548 urbis
1163 1513 1340 1561 originem
1369 1515 1470 1552 The-

806 1568 925 1614 raeis,
996 1568 1264 1617 Spartanorum
1318 1570 1471 1620 colonis,

809 1625 1091 1662 adscribendam
1113 1638 1208 1662 esse.

867 1676 1115 1730 ἰσχνόφωνος
1161 1680 1229 1720 καὶ
1275 1680 1466 1735 τραυλός]

810 1734 1064 1787 ἰσχνόφωνος
1092 1751 1218 1776 omnes
1246 1738 1326 1776 libri
1358 1754 1469 1790 prae-

808 1795 896 1831 bent
931 1795 1160 1841 Herodotei3
1218 1796 1319 1844 quod
1356 1809 1468 1845 quum

808 1851 905 1888 idem
935 1852 1012 1888 fere
1041 1851 1161 1888 valeat
1191 1857 1302 1901 atque
1334 1849 1468 1893 λεπτό-

809 1922 948 1956 φωνος
979 1907 1030 1954 (ἰ.
1056 1920 1087 1945 e.
1107 1908 1204 1944 homo
1233 1909 1320 1945 exili
1339 1910 1469 1958 lingna

812 1968 845 2000 et
858 1964 993 2012 gracili
1012 1977 1107 2011 sono,
1131 1964 1248 2014 qualis
1262 1978 1350 2003 sane
1370 1967 1470 2004 haud

811 2033 994 2071 quaquam
1026 2022 1091 2057 fuit
1110 2021 1265 2068 Battus,
1295 2026 1389 2060 teste
1411 2024 1471 2061 lu-

811 2078 931 2124 suno,
961 2077 1163 2123 Pausania,
1194 2078 1342 2116 Pindari
1363 2080 1470 2117 scho-

809 2134 971 2183 liasta),
1047 2135 1110 2183 qui
1161 2135 1250 2172 vitio
1318 2142 1473 2174 naturae

809 2192 936 2228 innato
994 2189 1120 2240 lingua
1183 2191 1221 2228 in
1278 2194 1471 2242 proferen-

810 2247 867 2284 dis
927 2248 1036 2285 animi
1096 2248 1211 2284 sensis
1256 2248 1472 2287 offendebat

813 2309 926 2352 atque
965 2304 1196 2352 haesitabat,
1247 2305 1371 2354 quales
1415 2306 1473 2343 di-

811 2365 941 2397 cuntur
974 2356 1296 2410 ἰσχόφωνοι,
1333 2363 1363 2399 si
1393 2363 1475 2411 qui-

811 2417 896 2453 dem
926 2429 1050 2454 eorum
1067 2417 1301 2467 praepeditur
1330 2419 1474 2467 lingua,

813 2469 873 2512 ὅτι
904 2471 1081 2523 ἰ’σχονται
1112 2475 1187 2512 τοῦ
1216 2479 1390 2523 φωνεῖν,
1432 2480 1474 2513 ut

811 2529 971 2579 loquitur
981 2530 1166 2568 Aristotel.
1188 2530 1310 2568 Probl.
1331 2533 1394 2579 XI,
1417 2530 1472 2572 35

812 2586 894 2624 coll.
918 2586 984 2634 XI,
1009 2589 1075 2629 30.
1133 2587 1255 2636 Atque
1285 2589 1322 2624 id
1354 2590 1472 2638 ipsum

815 2638 1038 2693 ἰσχόφωνος
1093 2644 1142 2680 ita
1191 2645 1384 2694 exponitur
1436 2644 1473 2679 in

815 2699 949 2737 Glossa
968 2700 1179 2748 Sangerm:
1219 2698 1288 2738 τόν
1306 2694 1474 2750 μογιλά-

814 2759 886 2795 λον
924 2752 999 2796 οὔκ
1041 2756 1135 2795 ε’ὠσι
1180 2754 1325 2805 λέγειν,
1385 2749 1474 2792 ἄλλ’

815 2808 1085 2852 ἀπελαύνουσι
1117 2807 1330 2858 Ἡρόδοτος
1368 2805 1475 2861 ἰσχό-

816 2884 969 2920 φωνον.
999 2869 1124 2914 Quare
1137 2867 1378 2917 Wesselingio
1394 2868 1475 2919 pla-

1115 2924 1199 2965 35*

1464 544 1634 577 concubina
1651 552 1736 588 Poly-

1460 583 1567 621 niiiesti
1579 584 1667 612 sacta.
1686 595 1736 620 pa-

1462 619 1502 640 rit
1521 619 1638 644 circiter
1652 627 1677 644 a.
1688 621 1737 647 1266

1462 647 1600 676 Battum:
1622 652 1737 685 Battus,

1504 690 1601 709 rorum
1637 685 1739 719 lingua

1500 724 1530 741 x:
1554 717 1656 750 imma
1671 721 1737 744 Mat-

1463 751 1493 775 ῐο
1542 749 1577 776 de
1610 751 1741 779 balbulie

1481 790 1535 808 sua
1559 786 1723 810 considenti

1463 816 1533 851 quid
1546 818 1740 852 responderit.
