1863 3256
420 176 504 217 356
816 175 1291 214 HERODOTI

87 289 168 315 num,
185 280 366 314 Phoenicen,

88 313 369 350 syriam‚1,a,aeffl„
425 280 590 338 κομένη
626 279 849 339 Ἀσσυρίη,
898 283 973 326 καὶ
1019 282 1106 326 α’πὸ
1156 282 1381 338 Ἀσσυρίης
1431 280 1459 338 ἦ
1497 281 1689 338 Ἀραβίη.

90 357 168 383 ''³¹¹'‘
187 351 366 384 Aegyptum.
396 352 548 409 Ξλήγει
585 351 632 395 δὲ
672 352 782 407 αὕτη
820 350 904 407 (οὐ
944 352 1139 408 λήγουσα
1170 356 1206 396 εἰ
1245 353 1303 409 μὴ
1338 351 1490 408 νόμῳ)
1533 352 1575 402 ἐς
1615 351 1748 395 τόν50

424 422 593 466 κόλπον
623 423 699 465 τὸν
725 420 948 477 Ἀράβιον,
992 423 1034 474 ἐς
1071 422 1148 465 τὸν
1178 428 1370 477 Δαρεῖος
1399 423 1445 466 ἐκ
1480 427 1559 466 τοῦ
1591 424 1692 465 Νεί-

396 501 510 538 3λου
553 492 747 547 διώρυχα
787 491 978 549 ἐσήγαγε.
1048 493 1190 548 Μέχρι
1235 493 1315 550 μέν
1357 510 1440 537 νυν
1483 495 1693 549 Φοινίκης

426 563 513 608 ἀπὸ
547 564 773 617 Περσέων,
815 567 954 618 χῶρος
990 564 1154 616 πλατὺς
1192 565 1265 608 καὶ
1304 564 1465 616 πολλός
1496 565 1602 608 ἐστι·
1643 563 1691 606 τὸ

372 730 488 766 usque
513 715 800 767 septentrionem
820 727 945 751 versus
970 728 1030 752 ex-

371 782 522 817 tensae3
558 784 668 822 quam
683 783 762 807 cum
783 771 1031 818 angustiorem

370 830 539 866 habuerit
586 827 798 865 Herodotus
840 827 1032 875 sinumque

370 886 553 922 Persicum
575 889 688 933 atque
706 883 899 919 Arabicum
919 884 1029 919 nimis

369 942 438 978 sibi
467 940 794 991 appropinquarit,
824 939 870 975 ab
898 940 1030 976 erroris

370 999 577 1047 suspicione
603 996 661 1034 ille
691 1008 762 1032 non
787 995 1032 1032 absolvendus

371 1054 463 1100 erit,
495 1058 534 1090 ut
563 1053 688 1089 statuit
710 1052 890 1099 RenneL,
922 1052 1034 1088 subii-

372 1111 471 1147 ciens
512 1110 608 1146 hunc
648 1121 806 1146 errorem
843 1108 898 1144 vel
928 1108 1034 1145 Plinii

375 1166 440 1213 (cf.
468 1165 564 1202 Hist.
595 1164 681 1202 Nat.
706 1164 775 1212 Vl,
809 1166 879 1213 28)
909 1169 1035 1202 aetate

372 1222 490 1260 adhuc
510 1222 702 1259 exstitisse.

428 1274 539 1330 λήγει
578 1275 620 1316 δὲ
651 1273 777 1326 αὕτη]
822 1272 923 1326 αὕτη
955 1289 1036 1313 cum

372 1340 524 1373 recentt.
559 1335 646 1372 edd.
672 1333 792 1383 recepi
821 1346 888 1383 pro
920 1328 1035 1381 αὐτή.

374 1391 481 1435 Quae
504 1396 705 1440 sequuntur
727 1390 855 1426 verba:
897 1385 946 1428 ου’
967 1386 1037 1438 λη’-

375 1460 502 1499 γουσα
523 1447 558 1486 εἰ
575 1443 628 1496 μή
651 1442 760 1498 νόμῳ
774 1476 784 1492 ,
815 1459 837 1483 a
855 1446 1036 1482 nonnullis

375 1504 470 1541 male
497 1503 699 1548 intellecta,
729 1515 811 1539 cum
832 1502 1037 1551 Schweigli.

377 1560 430 1598 sie
445 1560 677 1610 interpretari
696 1558 836 1595 malim:
875 1572 941 1594 non
962 1570 1040 1595 vere

342 1662 345 1665 1
377 1616 519 1666 quidem
557 1615 642 1663 (ait)
678 1627 774 1651 oram
808 1615 964 1652 desinere
994 1627 1039 1652 eo

378 1673 482 1718 loco,
513 1672 575 1709 ubi
608 1673 707 1708 sinus
727 1669 905 1708 Arabicus
927 1672 1040 1709 inter-

378 1730 475 1766 iecto
504 1727 637 1765 isthmo
665 1740 687 1765 a
713 1728 803 1765 mari
828 1728 1042 1765 mediterra-

377 1798 450 1823 neo
469 1790 661 1835 separatur
673 1813 683 1829 ‚
715 1785 780 1822 sed
799 1797 842 1820 ex
865 1797 933 1820 usu
952 1797 1042 1821 rece—

378 1845 442 1892 pto
497 1845 639 1878 tantum
695 1841 897 1890 loquendive
949 1853 1040 1877 more

382 1892 539 1950 (νόμῳ)
591 1897 661 1934 illic
701 1898 868 1935 desinere
907 1899 1038 1948 putari,

381 1967 462 1991 cum
483 1967 611 1992 revera
629 1953 787 1990 illicnon
799 1955 958 2000 desinat,
975 1955 1041 1991 sed

381 2011 530 2048 ulterius
559 2023 778 2060 progressa,
810 2024 876 2061 per
896 2016 1040 2048 omnem

380 2068 613 2104 continuetur
663 2066 846 2112 Africam3
903 2068 957 2104 ita
1003 2072 1043 2104 ut

384 2124 493 2160 etiam
515 2123 649 2168 Africa,
672 2136 767 2172 quae
786 2124 942 2160 Arabico
963 2124 1042 2161 sinu

383 2180 429 2216 ab
448 2178 536 2216 Asia
555 2180 740 2217 terminari
761 2180 870 2229 vulgo
888 2181 1043 2228 dicatur,

385 2248 510 2272 verum
548 2237 577 2272 si
616 2249 791 2284 quaeras,
832 2249 898 2287 pro
937 2236 1042 2274 huius

383 2290 531 2328 alterius
572 2304 659 2329 orae
699 2294 775 2330 sive
808 2293 1044 2343 paeninsulae

385 2352 492 2396 parte
509 2349 669 2396 quadam
688 2350 958 2397 quodammodo
977 2351 1044 2387 ha-

383 2402 460 2440 beri
491 2404 637 2440 debeat.
696 2405 776 2441 Usu
803 2411 942 2442 tantum
976 2407 1044 2443 hoc

383 2464 569 2509 receptum
598 2472 678 2497 esse
703 2473 746 2497 ac
767 2461 939 2509 loquendi
957 2476 1043 2498 con-

382 2516 596 2562 suetudine,
636 2521 673 2551 nt
706 2516 765 2553 illa
794 2530 859 2553 ora
889 2518 1043 2555 Arabico

383 2572 463 2607 sinu
493 2572 564 2608 iam
586 2572 779 2609 terminata
801 2574 1042 2620 existimetur,

385 2639 466 2663 cum
496 2640 642 2674 revera,
674 2628 816 2677 longius
836 2642 1044 2679 progressa,

384 2695 528 2720 omnem
549 2683 728 2732 Africam,
758 2698 866 2735 quani
888 2687 933 2722 ab
957 2686 1044 2722 Asia

384 2739 494 2788 vulgo
519 2746 747 2791 separatam,
779 2743 926 2779 tertiam
946 2743 1044 2779 orbis

384 2799 560 2834 terrarum
617 2798 841 2835 constituant
887 2804 1042 2849 partem,

1088 716 1385 766 comprehendat.
1426 717 1547 760 Quem
1575 715 1642 753 loci
1664 727 1746 753 sen-

1088 784 1167 809 sum
1189 773 1417 809 Dahlmanno
1445 785 1594 821 quoque
1615 772 1751 822 proba-

1088 833 1162 864 tum
1213 829 1373 872 (Herod.
1415 841 1500 878 pag.
1541 828 1614 875 84)
1656 829 1750 865 bene

1088 885 1266 932 expressit
1286 884 1429 931 Lange,
1460 886 1620 932 itemque
1641 884 1750 926 Mi0t‚

1088 940 1181 976 alter
1228 939 1356 975 Gallus
1402 941 1578 990 interpres
1626 939 1749 988 („non

1085 1008 1155 1045 pas
1198 996 1421 1043 re'ellement,
1458 998 1548 1032 mais
1579 1009 1651 1045 par
1683 1008 1752 1031 une

1091 1055 1182 1088 sorte
1225 1052 1268 1088 (Ie
1317 1054 1519 1090 convention
1556 1052 1750 1103 adopte'“)

1091 1113 1129 1146 et
1150 1108 1258 1146 ltalus
1289 1110 1486 1159 interpres:
1517 1108 1632 1157 (‚‚ma
1657 1108 1752 1144 sola·

1092 1169 1202 1201 niente
1238 1166 1382 1202 secondo
1417 1166 1453 1202 la
1489 1168 1652 1202 consueta
1679 1167 1753 1214 opi-

1093 1224 1196 1259 nione
1207 1224 1282 1270 “)‚
1313 1222 1693 1271 Schweighaeuserum
1716 1226 1754 1258 et

1092 1279 1172 1329 ipse
1214 1283 1370 1316 secutus.
1403 1299 1458 1306 —
1499 1278 1604 1315 Valet
1640 1279 1754 1326 igitur

1093 1331 1204 1388 νόμῳ
1226 1336 1324 1372 idem
1347 1335 1422 1371 fere
1441 1336 1542 1384 quod
1562 1336 1619 1386 τῷ
1635 1349 1752 1374 νενο-

1094 1389 1293 1443 μισμένῳ,
1331 1396 1368 1427 ut
1401 1391 1454 1438 ll,
1488 1395 1552 1432 17.
1585 1391 1655 1438 lv,
1686 1391 1751 1432 45.

1094 1447 1173 1485 Nec
1207 1447 1310 1484 aliter
1336 1443 1460 1495 νόμος
1491 1447 1537 1485 de
1574 1447 1754 1485 communi

1094 1504 1278 1540 hominum
1324 1505 1495 1554 opinione
1541 1504 1576 1540 in
1611 1503 1753 1541 Platon.

1095 1561 1254 1598 Phaedr.
1293 1573 1328 1610 p.
1356 1562 1434 1599 231
1470 1559 1540 1606 D.‚
1584 1561 1642 1596 ubi
1682 1560 1754 1596 vid.

1095 1617 1290 1654 Heindorf.
1311 1617 1441 1666 p.203
1464 1621 1503 1653 et
1514 1615 1591 1653 Ast.
1611 1630 1645 1667 p.
1660 1617 1756 1657 238.

1153 1671 1192 1718 ἐς
1211 1669 1280 1711 τὸν
1305 1676 1536 1722 Λαρεῖος-
1566 1669 1754 1724 ἐσήγαγε]

1096 1730 1203 1767 Haec
1244 1729 1355 1766 verba
1390 1729 1475 1767 ideo
1519 1729 1606 1766 addi
1651 1733 1759 1780 putat

1096 1785 1319 1823 Dahlmann.
1372 1786 1514 1823 Herod.
1562 1798 1648 1837 pag.
1687 1785 1757 1831 85,

1099 1842 1199 1891 quod
1234 1842 1303 1879 hoc
1337 1842 1473 1889 canali,
1512 1854 1585 1891 quo
1609 1842 1758 1879 rubrum

1098 1911 1199 1936 mare
1238 1911 1319 1935 cum
1363 1899 1631 1936 mediterraneo
1667 1897 1759 1935 mari

1097 1955 1348 2003 coniungitur,
1405 1956 1551 2003 integra
1604 1953 1758 1991 efficitur

1098 2010 1323 2061 paeninsula.
1368 2011 1427 2049 De
1457 2012 1538 2061 ipso
1565 2010 1668 2048 Darii
1699 2023 1759 2047 ca-

1098 2067 1170 2104 nali
1210 2068 1366 2105 diximus
1397 2068 1445 2104 ad
1473 2068 1527 2114 11,
1570 2068 1661 2108 158.
1718 2066 1760 2103 ln

1102 2125 1267 2175 proxime
1285 2124 1477 2162 antecedd.
1497 2125 1612 2160 sinum
1629 2123 1761 2160 Arabi-

1100 2193 1176 2218 cum
1234 2193 1406 2228 expresse
1454 2180 1760 2224 commemoravit,

1099 2250 1207 2286 quem
1253 2237 1340 2274 alias
1377 2237 1494 2274 latiori
1523 2238 1631 2273 maris
1659 2236 1762 2272 rubri

1099 2294 1344 2344 appellatione
1365 2293 1653 2343 comprehendit.
1698 2292 1759 2329 Cf.

1099 2350 1373 2386 Selilichtliorst.
1403 2363 1439 2399 p.
1478 2352 1539 2390 18.
1594 2349 1758 2397 Breiger.

1099 2406 1121 2442 1.
1143 2406 1164 2441 l.
1185 2418 1269 2456 pag.
1294 2408 1342 2446 13
1365 2418 1442 2454 seq.

1155 2465 1283 2512 χῶρος
1319 2458 1467 2507 πλατύς
1497 2459 1563 2499 καὶ
1593 2457 1757 2509 πολλός]

1100 2518 1167 2554 Est
1195 2519 1296 2566 regio
1326 2517 1434 2567 plana
1466 2519 1626 2566 itemque
1650 2517 1760 2566 longe

1099 2574 1242 2622 lateque
1270 2579 1410 2623 patens.
1453 2575 1513 2611 Sic
1543 2575 1615 2620 lv,
1659 2576 1759 2614 109:

1100 2631 1218 2678 λίμνη
1238 2626 1385 2680 μεγάλη
1410 2645 1448 2668 τε
1467 2629 1533 2668 καὶ
1554 2625 1760 2679 πολλή.-

1102 2683 1166 2723 (Sic)
1188 2687 1305 2735 τῆσδε
1326 2689 1396 2735 τῆς
1418 2684 1625 2736 θαλάσσης·
1655 2686 1704 2733 ,,ἱ.
1728 2698 1760 2722 e.

1100 2743 1299 2779 secundnm.
1339 2744 1446 2780 Cons.
1470 2743 1638 2793 Thucyd.
1657 2743 1683 2789 l,
1705 2743 1758 2784 63

1101 2804 1139 2836 et
1169 2799 1340 2837 Abreseh.
1369 2799 1552 2837 Dilucidd.
1590 2798 1758 2846 Thucyd.
