1946 3272
461 193 545 233 168
849 191 1324 230 HERODOTI

451 300 591 355 δικῆς,
650 300 723 343 καὶ
764 302 1074 356 Παρικανίων,

1145 301 1218 344 καὶ
1265 300 1725 356 Ὀρθοκορυβαντίων,

456 368 726 426 πεντήκοντά
793 388 838 416 τε
905 372 976 414 καὶ
1039 370 1293 425 τετρακόσια
1358 372 1574 414 τάλαντα·
1653 388 1726 415 νο-

425 440 538 495 3μὸς
587 441 765 492 δέκατος
823 437 966 492 οὗτος.
1055 442 1247 485 Κάσπιοι
1298 442 1343 485 δὲ
1384 442 1456 486 καὶ
1494 443 1786 497 Παυσίκαι,6ο

396 624 487 662 ridie
509 624 661 660 Iaxartis
686 622 721 657 iu
742 622 864 658 medio
885 623 960 660 fere
981 636 1063 659 cur-

395 693 437 717 su
462 693 577 728 usque
608 680 654 715 ad
689 677 807 715 lacum
830 677 917 715 Aral
949 679 1062 716 fuisse

395 737 521 773 videri.

454 787 578 840 νομός
598 787 759 836 δέκατος
780 783 919 839 οὗτος]
978 789 1061 826 Mo-

396 852 458 884 net
478 846 695 883 Maltebrun.
717 848 740 885 Ι,
762 846 784 881 Ι.
806 846 842 882 ἰη
871 846 970 883 hisce
995 847 1063 882 tri-

398 905 464 940 bus
497 903 666 951 satrapiis
696 902 928 938 Herodotum
961 902 1062 938 ordi-

395 973 479 996 nem
501 959 606 1006 sequi
636 958 920 1007 geographicum
948 970 969 993 a
985 970 1063 995 me-

395 1015 487 1052 ridie
522 1016 570 1051 ad
613 1015 922 1064 septentrionem,
965 1014 1063 1050 unde

395 1071 550 1108 ulterius
591 1071 890 1120 progredientem
927 1071 975 1106 ad
1006 1083 1064 1108 se-

393 1127 642 1178 ptentrionem
679 1139 882 1164 memorare
917 1126 1062 1176 Caspios

395 1185 431 1220 in
453 1184 647 1220 undecima
668 1183 846 1233 satrapia‚
891 1183 927 1219 in
956 1184 1063 1221 meri-

396 1239 533 1276 dionali
563 1244 601 1276 et
630 1239 780 1277 australi
803 1240 928 1289 Caspii
953 1241 1061 1277 maris

395 1300 516 1334 tractu
551 1295 782 1343 habitantes,
825 1300 863 1333 et
895 1294 1062 1343 Darz'tas,

393 1356 472 1389 tum
492 1353 666 1402 temporis
689 1353 781 1389 cirea
800 1352 954 1402 Caspias
975 1366 1062 1404 por-

394 1414 454 1446 tas
474 1409 710 1459 probabiliter
730 1409 950 1445 habitantes.

453 1461 634 1503 Κάσπιοι
670 1462 712 1503 δὲ
749 1463 817 1503 καὶ
856 1464 1061 1503 Παυσίκαι

390 1537 432 1573 Ιοι.
450 1537 481 1560 τ.
499 1521 541 1571 t]
575 1521 654 1558 Has
677 1525 807 1570 gentes
827 1533 952 1559 omnes
975 1534 1062 1571 pro-

395 1578 564 1616 babiliter
615 1577 887 1618 meridionalem
936 1578 1060 1628 Caspii

395 1635 505 1672 maris
536 1638 692 1671 tractum
729 1634 891 1671 tenuisse
920 1634 1006 1671 inde
1039 1646 1061 1670 a

393 1691 483 1738 Cyri
522 1691 624 1727 ostiis
657 1703 774 1739 usque
805 1691 854 1726 ad
880 1691 1003 1727 Oxum
1037 1702 1060 1727 a

391 1746 549 1784 Meridie
571 1747 755 1783 montibus
784 1746 865 1783 altis
886 1746 1059 1794 clausum,

392 1803 537 1840 coniicit
565 1803 718 1840 Rennel.
749 1802 772 1839 l.
799 1803 821 1839 l.
852 1816 937 1853 pag.
964 1805 1058 1844 502.

393 1859 502 1897 Nune
540 1864 659 1897 terrae
705 1863 879 1896 vocantur
909 1859 1058 1906 Ghilan,

393 1915 644 1954 Masanderan
701 1915 779 1953 sive
827 1916 1058 1963 Taberistan‚

393 1972 570 2019 Korkan,
610 1971 812 2010 Dahestan.
889 1972 967 2009 Sed
1005 1972 1058 2007 vi-

394 2028 526 2066 dentur
543 2029 636 2066 istae
656 2033 784 2077 gentes
803 2028 954 2078 posthac
973 2040 1058 2064 suas

394 2085 502 2122 sedes
555 2098 702 2135 prorsus
745 2090 928 2132 mutasse,
978 2098 1059 2121 cum

392 2140 490 2177 nulla
518 2141 674 2191 amplius
702 2154 826 2178 earum
857 2141 1061 2178 inveniatur

392 2198 541 2234 mentio.
583 2198 689 2234 Conf.
713 2198 873 2235 Heeren.
894 2198 1006 2235 Ideen
1033 2197 1060 2243 l,

394 2257 421 2294 2
441 2267 476 2302 p.
501 2255 594 2294 290.
640 2253 701 2290 Ad
721 2253 867 2304 Caspios
888 2254 988 2303 quod
1004 2258 1060 2290 at-

393 2310 499 2355 tinet,
530 2316 778 2347 memorantur
799 2310 844 2347 illi
871 2311 906 2347 in
928 2311 1059 2347 Xerxis

396 2366 555 2402 exercitu
574 2366 653 2412 Vll,
675 2368 740 2406 67.
763 2369 828 2407 86.
871 2367 1000 2410 Sedes,
1017 2370 1058 2403 ut

393 2422 570 2468 diximus,
634 2422 795 2459 habuere
839 2435 860 2458 a
909 2423 1058 2459 meridie

394 2477 522 2527 Caspii
543 2478 675 2524 maris,
716 2479 762 2514 ab
785 2478 924 2515 oriente
947 2482 981 2515 et
1000 2491 1058 2515 se-

392 2533 604 2584 ptentrione
627 2534 785 2570 Mediae.
829 2534 935 2571 Cons.
957 2535 1058 2570 Ren-

394 2589 463 2626 nel.
489 2589 512 2626 l.
534 2589 554 2624 l.
576 2589 792 2626 Billerbeck.
814 2590 835 2626 l.
856 2591 877 2626 l.
899 2603 982 2640 pag.
1007 2591 1056 2630 19

393 2646 515 2694 ibique
538 2645 689 2682 Ptolem.
713 2647 729 2682 Ι
748 2646 797 2693 ΙΙ,
827 2649 871 2692 1,
895 2647 952 2682 cui
972 2647 1056 2681 add.

393 2701 529 2739 Melam
550 2701 612 2748 ΙΙΙ,
632 2704 656 2742 5
672 2700 706 2752 §.
729 2705 801 2742 39:
832 2703 954 2749 „intus
975 2707 1059 2738 sunt

395 2758 445 2794 ad
481 2758 655 2808 Caspium
699 2759 816 2795 sinum
860 2759 984 2808 Caspii
1023 2762 1059 2795 et

394 2814 651 2853 Amazones.“·
686 2815 810 2859 Quare
832 2827 905 2852 non
926 2814 1058 2865 placet,

1119 624 1217 672 quod
1235 624 1375 661 Gatter.
1413 623 1568 674 Caspios
1599 623 1784 660 habitasse

1118 680 1193 716 vult
1232 681 1325 716 inter
1361 693 1460 717 mare
1496 679 1581 716 Aral
1623 684 1660 716 et
1699 679 1784 715 litus

1119 736 1246 786 Caspii
1265 736 1373 772 maris
1389 735 1726 784 Euroamiilonium,
1746 736 1783 772 in

1118 791 1222 829 litore
1246 791 1470 828 meridionali
1489 792 1651 838 Iaxartis,
1683 792 1782 828 unde

1118 853 1202 897 post
1224 848 1451 884 occidentem
1464 861 1588 885 versus
1612 860 1784 898 progres-

1120 915 1180 939 sos
1195 916 1275 940 esse
1287 903 1443 952 Caspios
1463 917 1505 940 ea
1523 905 1558 940 in
1577 904 1668 950 loca,
1688 916 1783 952 quae

1122 960 1372 995 Sarmatarum
1391 960 1523 995 fuerint
1535 987 1547 1005 ,
1587 965 1784 1009 antequam

1119 1015 1154 1051 in
1166 1015 1351 1065 Europam
1375 1015 1492 1064 primo
1512 1016 1588 1053 fere
1601 1021 1685 1066 post
1698 1016 1783 1065 Chr.

1119 1084 1154 1108 n.
1204 1070 1347 1109 saeculo
1396 1071 1599 1119 migrarint.
1668 1070 1785 1109 Accu-

1121 1128 1235 1164 ratius
1266 1128 1312 1164 de
1332 1127 1537 1176 Caspiorum
1567 1132 1679 1176 gente
1709 1129 1787 1165 dis-

1118 1184 1261 1234 putavit
1308 1184 1442 1222 Ritter.
1497 1184 1702 1222 Erdkunde
1749 1184 1784 1221 ΙΙ

1118 1253 1204 1291 pag.
1238 1242 1318 1281 899
1351 1253 1456 1290 seqq.
1530 1241 1603 1285 Qui
1634 1246 1671 1278 et
1703 1240 1783 1291 ipse

1119 1297 1239 1346 gentis
1268 1296 1352 1333 olim
1374 1297 1553 1334 maximae
1583 1301 1619 1334 et
1643 1309 1783 1335 merca-

1118 1353 1200 1390 tura
1220 1354 1499 1390 florentissimae
1522 1354 1628 1391 sedes
1649 1354 1685 1390 in
1704 1366 1782 1391 me-

1118 1409 1287 1446 ridionali
1329 1408 1453 1460 Caspii
1500 1410 1629 1456 maris,
1681 1410 1782 1459 quod

1118 1466 1204 1503 inde
1225 1478 1359 1503 nomen
1380 1466 1500 1512 traxit,
1530 1470 1649 1503 tractu
1664 1479 1782 1515 usque

1118 1522 1166 1559 ad
1209 1527 1334 1571 portas
1369 1523 1525 1571 Caspias
1564 1523 1639 1559 fere
1669 1523 1782 1560 fuisse

1116 1578 1273 1629 probat,
1309 1579 1360 1614 ita
1388 1583 1428 1615 ut
1446 1578 1636 1615 Persarum
1659 1583 1782 1616 aetate

1116 1639 1250 1671 terram
1269 1633 1404 1671 Ghilan
1424 1639 1460 1672 et
1479 1634 1657 1672 Derbend
1676 1639 1783 1672 tenu-

1116 1691 1187 1727 isse
1203 1691 1355 1741 putandi
1370 1691 1452 1727 sint.
1484 1690 1644 1728 Posthac
1659 1696 1782 1729 autem

1116 1760 1249 1784 nomen
1270 1747 1388 1796 gentis
1414 1747 1548 1784 sensim
1572 1748 1780 1797 sensimque

1117 1816 1333 1841 evanescere
1363 1804 1461 1840 idem
1491 1803 1642 1840 subiicit.
1702 1804 1784 1841 No-

1116 1873 1221 1907 men,
1252 1860 1382 1897 eodem
1403 1866 1595 1905 monente,
1636 1861 1781 1897 deriva-

1115 1921 1176 1953 tur
1195 1928 1217 1953 a
1242 1915 1349 1966 Casp,
1380 1916 1480 1965 quod
1499 1920 1647 1953 montem
1665 1917 1783 1966 signi-

1116 1973 1216 2010 ficat.

1174 2027 1401 2079 Παυσίκαι]
1440 2030 1495 2066 Ita
1531 2028 1612 2065 libri
1658 2029 1782 2079 scripti

1116 2097 1242 2122 omnes
1276 2091 1423 2136 praeter
1455 2085 1638 2122 Sancrofti
1674 2086 1780 2122 codi-

1117 2154 1208 2188 cem,
1238 2142 1299 2190 qui
1319 2142 1464 2179 exhibet
1484 2140 1654 2180 Παυσοί.
1685 2140 1782 2178 Pae-

1117 2200 1209 2234 δίεπε
1230 2199 1329 2248 apud
1353 2198 1530 2248 Pompon.
1553 2197 1689 2235 Melam
1708 2197 1730 2233 Ι.
1756 2196 1780 2234 l.

1117 2256 1286 2292 dicuntur
1335 2256 1494 2303 itemque
1538 2254 1636 2303 apud
1685 2253 1777 2290 Plin.

1116 2311 1214 2348 Hist.
1241 2310 1326 2347 Nat.
1356 2311 1417 2355 Vl,
1450 2311 1500 2350 19
1533 2310 1649 2357 (17);
1682 2310 1779 2347 unde

1115 2367 1151 2403 in
1173 2368 1364 2404 Herodoto
1389 2365 1580 2403 Παισίκαι
1608 2365 1679 2413 legi
1702 2367 1779 2402 vult

1116 2423 1143 2459 Ι.
1172 2423 1302 2469 Voss„
1334 2423 1433 2471 quod
1463 2422 1582 2471 ipsum
1607 2422 1778 2458 continuo

1116 2479 1254 2528 recepit
1286 2479 1415 2524 Reiz.,
1465 2490 1572 2526 quem
1612 2479 1779 2526 sequitur

1115 2534 1247 2571 Manli.
1277 2535 1377 2571 luter
1394 2536 1513 2570 Oxum
1538 2538 1575 2570 et
1597 2534 1777 2572 Iaxartem

1116 2591 1223 2627 sedes
1267 2592 1386 2638 gentis
1429 2590 1540 2626 fuisse
1586 2591 1712 2626 statuit
1748 2590 1776 2628 Ι.

1114 2647 1220 2683 Voss.
1251 2646 1331 2683 Bec
1349 2646 1491 2682 dubitat
1502 2646 1656 2684 Rennel.
1671 2647 1692 2683 Ι.
1705 2646 1727 2684 Ι.
1739 2660 1776 2697 p.

1116 2703 1210 2748 503,
1230 2703 1316 2750 quin
1334 2703 1518 2739 Herodoti
1539 2701 1716 2739 Pausicae
1735 2704 1777 2740 ii-

1116 2759 1199 2795 dem
1231 2759 1301 2795 sint
1331 2771 1373 2795 ac
1405 2759 1598 2796 Strabonis
1627 2759 1777 2797 Pasieae

1116 2819 1156 2852 ct
1193 2814 1392 2852 Ptolemaei
1429 2813 1675 2866 Aspasiaeae‚
1715 2815 1777 2866 qui
