1863 3256
421 161 506 203 544
823 160 1299 201 HERODOTI

422 272 550 327 μίους
575 270 661 316 ἀπὸ
691 271 852 315 τούτου
881 273 962 312 τοῦ
993 268 1124 324 ἔργου
1151 272 1303 323 πρώτα
1333 272 1479 326 φιλίαι
1504 272 1684 327 μεγάλαι

264 340 359 385 153
419 343 765 398 συνεκρήθησαν.
829 341 883 382 Οἵ
912 340 958 382 δὲ
991 343 1200 395 Θηραῖοι,
1231 340 1323 383 ἐπεί
1353 356 1397 383 τε
1427 341 1505 384 τόν
1535 343 1687 396 Κορώ-

86 409 232 470 ιὴιιῑ
211 407 365 467 ,⁰⁰¹3112?
421 416 521 470 βιον
561 412 757 461 λιπόντες
797 410 842 452 ἐν
878 414 932 466 τῇ
971 409 1114 467 νήσῳ,
1155 409 1365 454 ἀπίκοντο
1406 412 1447 461 ἐς
1485 410 1564 467 τήν
1605 412 1688 468 Θή·
1839 417 1863 465 15

86 477 139 537 ᾖξ’
133 514 166 537 ι,
158 475 297 537 ¹¹³,⁸,'‚'.¹{;¹³„
299 481 364 536 ξω
423 501 526 539 ρην,
566 482 812 537 ἀπήγγελον
842 480 901 531 ὥς
932 494 1011 537 σφι
1041 482 1106 536 εἴη
1136 484 1271 536 νῆσος
1301 482 1368 525 ἐπὶ
1397 482 1545 538 Λιβύῃ
1580 482 1685 525 ἐκτι-
1699 487 1744 521 45

392 554 573 610 Ξσμένη.
636 554 867 608 Θηραίοισι
906 553 952 596 δὲ
991 552 1088 595 ἕαδε
1129 550 1344 607 ἀδελφεόν
1379 568 1422 595 τε
1453 551 1532 595 ἀπ’
1568 550 1687 596 ἀδελ-

421 628 534 681 φεοῦ
563 623 767 680 πέμπειν,
797 623 921 680 πάλῳ
956 622 1161 678 λαχόντα·
1202 622 1274 665 καὶ
1304 620 1388 665 ἀπὸ
1419 627 1506 666 τῶν
1534 622 1688 679 χώρων

417 694 648 746 ἁπάντων,
689 693 794 737 ἑπτά
834 694 1019 744 ἐόντων,
1066 695 1251 749 ἄνδρας·
1302 691 1412 737 εἶναι
1452 693 1497 738 δέ
1538 706 1687 749 σφεων

365 893 410 919 ex
450 880 633 918 Herodoti
685 878 804 916 verbis
858 882 1026 930 apparet,

366 941 546 975 craterem
573 936 777 974 confectum
807 948 914 983 esse,
952 948 1026 985 quo

367 998 533 1045 tempore
577 994 763 1032 Heraeum
803 996 1026 1030 exstructum

367 1052 439 1087 iam
466 1051 546 1087 suit.
604 1049 663 1088 De
695 1062 768 1098 quo
795 1049 951 1085 diximus
977 1048 1026 1086 ad

368 1107 431 1152 ΙΙΙ,
448 1109 501 1148 60
512 1106 593 1144 coll.
607 1107 656 1143 ad
667 1106 731 1153 111,
750 1104 814 1146 41.
834 1104 1024 1143 Thiersch.

368 1166 414 1212 (a
436 1162 467 1200 C
473 1176 503 1200 r.
523 1163 713 1211 laudatus)
733 1162 871 1212 Epoch.
886 1163 920 1198 d.
934 1161 1023 1199 bild.

366 1220 487 1256 Kunst
505 1233 541 1270 p.
570 1221 646 1260 186
669 1232 746 1268 seq.
767 1221 845 1260 190
865 1231 942 1267 seq.
964 1219 1021 1255 ed.

364 1275 467 1314 alter.
518 1276 701 1313 Larchero
731 1280 879 1312 auctore
908 1274 1021 1321 (Tab.

365 1331 538 1369 Chronol.
567 1346 604 1382 p.
632 1332 734 1380 606)
762 1331 888 1367 Colaei
922 1331 1023 1368 navi-

363 1389 466 1438 gatio
494 1389 543 1425 ad
569 1388 715 1438 Olymp.
743 1387 915 1434 XXXIV,
938 1385 963 1426 4
992 1399 1021 1424 s.

296 1491 299 1496 ᾖ
361 1446 443 1485 640
472 1457 505 1481 a.
529 1444 616 1482 Chr.
643 1457 680 1480 n.
707 1444 882 1489 refertum
922 1443 1022 1480 unde

361 1501 546 1550 sequitur,
585 1500 733 1538 crateris
766 1513 857 1550 opus
888 1499 1021 1547 Olym-

360 1557 494 1608 piadae
542 1556 682 1593 XXXV
739 1556 1023 1594 adscribendum

363 1626 465 1659 esse3
511 1626 586 1662 quo
623 1617 810 1663 tempore,
857 1613 1023 1649 nimirum

363 1669 420 1707 vel
450 1674 536 1707 ante
561 1669 710 1720 Olymp.
743 1669 833 1716 XL,
878 1669 1024 1706 Samio-

363 1739 440 1763 rum
469 1739 525 1763 res
554 1727 723 1763 floruisse
751 1727 938 1772 novimus3
975 1726 1021 1763 cf.

363 1787 455 1820 nott.
474 1783 521 1819 ad
543 1781 606 1830 111,
633 1784 699 1823 39.
723 1783 813 1823 139.
843 1803 900 1809 —-
932 1783 1023 1826 Qui-

363 1839 430 1876 bus
452 1839 541 1876 haec
566 1838 672 1876 addit
696 1838 784 1876 Cr..·
842 1839 1024 1887 „Viscon-

363 1897 433 1933 tius
451 1896 488 1932 in
508 1894 724 1945 explicando
736 1899 848 1945 puteo
865 1909 887 1932 a
909 1897 1022 1933 tribus

300 1967 326 1982 π
361 1951 494 1990 Silenis
523 1955 686 1989 sustento
718 1953 834 1988 nostri
860 1952 928 1989 loci
956 1953 1024 1989 ad-

362 2013 489 2046 monet
515 2009 552 2045 in
576 2007 706 2045 Museo
731 2007 798 2044 Pio
817 2008 1022 2046 Clementi-

363 2077 422 2102 no.
462 2065 521 2102 Cf.
550 2065 690 2102 Stuart.
713 2064 866 2115 Antiqq.
889 2065 1022 2104 Athen.

363 2122 432 2158 Ed.
446 2134 527 2158 nov.
546 2122 561 2157 Ι
577 2135 612 2172 p.
632 2120 711 2162 491
735 2135 828 2159 vers·
849 2122 1022 2160 German.

362 2176 560 2216 Darmst.“

420 2229 748 2286 συνεκρήθησαν]
779 2234 859 2280 „In
883 2234 1023 2272 coalitis

362 2294 399 2326 et
435 2293 644 2328 consociatis
683 2293 857 2328 artissime
894 2294 1023 2328 animis

362 2346 448 2383 illud
476 2346 583 2384 valet.
633 2347 745 2385 Conf.
773 2348 878 2385 Stob.
902 2349 1021 2387 Serm.

360 2402 519 2439 XXVIII
545 2416 628 2452 pag.
662 2405 740 2443 197
771 2403 811 2453 [l
833 2417 919 2453 pag.
939 2405 1020 2445 443

358 2458 505 2507 Gaisf.].
538 2459 707 2495 Philostr.
734 2459 774 2496 V.
792 2460 909 2509 Soph.
928 2461 975 2507 ΙΙ,
996 2464 1022 2502 2

358 2527 443 2565 pag.
485 2515 612 2556 566.“
659 2514 838 2552 Ινεεεεί.
906 2516 1022 2552 Addit

357 2571 561 2619 Schweigh.
600 2570 753 2607 Porson.
777 2572 825 2607 ad
853 2571 1019 2621 Euripid.

357 2627 458 2665 Med.
484 2629 585 2675 136,
617 2639 690 2676 quo
711 2627 930 2665 observante
953 2642 1021 2676 φι-

357 2684 423 2722 λία
476 2682 661 2735 κέκραται
707 2685 854 2720 omnino
903 2683 1016 2721 valet:

357 2742 517 2778 amicitia
535 2742 753 2787 intercessit,
776 2741 891 2787 ιἠίία,
917 2742 1021 2789 quasi

357 2801 473 2836 mixta
492 2801 553 2835 est.
594 2797 653 2837 Tu
676 2798 720 2834 cs.
744 2797 856 2834 etiam
877 2797 1015 2836 Herod.

1082 878 1161 926 VII,
1178 876 1267 919 151.
1290 876 1320 914 C
1327 890 1355 917 r.
1378 879 1533 915 conferri
1547 878 1634 927 vult,
1648 891 1742 928 quae

1082 936 1130 972 ad
1148 932 1385 971 Plotin.Enn.
1407 934 1422 970 1
1440 934 1523 972 Lib.
1543 935 1593 972 VI
1611 949 1640 973 c.
1661 937 1687 974 7
1705 948 1740 985 p.

1084 993 1136 1033 56
1157 991 1200 1028 A.
1221 991 1279 1029 ed.
1299 989 1412 1027 Basil.
1430 996 1608 1029 annotata
1626 992 1709 1028 sint.

1274 1046 1388 1096 Cap.
1420 1046 1484 1083 CL
1491 1047 1550 1085 III.

1139 1103 1349 1154 Θηραίοισι
1369 1099 1412 1141 δὲ
1432 1101 1535 1154 ἕαδε]
1571 1101 1658 1142 ἕαδε
1677 1104 1740 1147 lv,

1085 1159 1176 1202 145.
1194 1163 1289 1200 201.
1327 1159 1385 1196 Ad
1406 1160 1516 1197 verba
1537 1156 1649 1214 πάλῳ
1672 1161 1742 1198 λα-

1080 1213 1196 1267 χόντα
1222 1217 1316 1254 conf
1341 1215 1412 1262 IV,
1442 1216 1496 1257 94
1527 1217 1614 1265 ibiq.
1643 1221 1739 1253 nott.

1079 1273 1242 1311 Plateam
1271 1272 1424 1309 insulam
1453 1285 1474 1309 a
1502 1272 1616 1309 Batto
1638 1272 1742 1310 'lhe-

1078 1330 1246 1378 raeisque
1268 1328 1452 1365 conditam
1475 1328 1645 1366 Lai-cher.
1673 1328 1696 1365 l.
1718 1329 1741 1365 l.

1079 1387 1192 1423 refert
1224 1386 1271 1422 ad
1296 1385 1443 1435 Olymp.
1466 1385 1628 1432 XXXV,
1658 1388 1685 1425 2
1710 1398 1738 1421 s.

1080 1444 1160 1484 639
1181 1455 1202 1477 a
1223 1442 1310 1477 Chr
1333 1455 1367 1477 n.
1399 1441 1495 1477 Add.
1516 1441 1559 1477 C.
1580 1441 1742 1478 O.Mi'11-

1078 1499 1140 1536 Ier.
1162 1498 1380 1535 Orcliornen.
1401 1510 1489 1547 pag.
1509 1496 1604 1538 344.

1136 1554 1202 1593 καὶ
1227 1548 1305 1592 οἷπὸ
1328 1567 1409 1592 των
1438 1549 1577 1603 χώρων
1608 1549 1740 1592 ἁπάν-

1079 1626 1171 1659 των,
1191 1606 1286 1649 ἑπτὰ
1307 1606 1467 1658 ἐόντων]
1497 1610 1680 1647 Sancrofti
1699 1610 1743 1646 Ii-

1081 1669 1145 1706 ber
1171 1668 1280 1704 offert
1307 1664 1465 1717 χωρέων
1485 1671 1523 1704 et
1554 1664 1738 1712 ἐουσέων,

1080 1725 1181 1774 quod
1215 1726 1417 1774 praeferret
1452 1722 1671 1772 W'esseiing.
1709 1724 1739 1760 si

1079 1783 1204 1819 itidem
1224 1784 1385 1818 exstaret
1403 1777 1603 1818 ἁπασέων.
1654 1779 1742 1817 Vul-

1080 1844 1206 1887 gatum
1243 1850 1310 1873 nos
1353 1850 1432 1874 cum
1465 1836 1668 1884 Schweigh.
1704 1842 1742 1873 et

1080 1895 1198 1932 Gaisf.
1220 1893 1455 1940 retinuimus,
1496 1904 1576 1930 cum
1605 1892 1740 1930 intelli-

1080 1956 1214 2001 gantur
1246 1952 1319 1987 υἱεῖ
1348 1963 1376 1986 s.
1407 1949 1544 1996 trihus,
1587 1962 1740 1998 quarum

1080 2013 1221 2059 septem
1271 2020 1337 2058 per
1385 2005 1538 2043 insulam
1578 2005 1739 2043 'l'heram

1081 2066 1235 2109 suerint3
1274 2077 1382 2113 quem
1402 2074 1594 2100 numerum
1614 2067 1739 2113 septe-

1080 2122 1220 2159 narium
1254 2120 1290 2157 in
1320 2120 1485 2157 omnibus
1516 2118 1740 2156 Boeotorum

1079 2178 1230 2216 coloniis
1247 2176 1492 2227 praevaluisse
1511 2175 1739 2224 Boeotisque

1080 2236 1186 2285 quasi
1205 2235 1392 2284 proprium
1408 2233 1537 2276 fuisse,
1568 2231 1616 2267 ad
1626 2230 1741 2280 Apol-

1079 2292 1161 2329 linis
1187 2302 1292 2327 sacra
1321 2290 1390 2336 (ad
1409 2288 1530 2325 sidera
1553 2287 1740 2337 planetas-

1080 2361 1152 2397 que
1171 2347 1320 2397 opinor)
1341 2348 1567 2394 spectantem
1589 2348 1741 2381 conten-

1079 2406 1134 2441 dit
1155 2404 1199 2442 C.
1221 2403 1267 2439 Ο.
1288 2401 1432 2439 Miiller.
1459 2399 1482 2437 I.
1504 2399 1527 2435 l.
1550 2412 1635 2449 pag.
1655 2401 1738 2441 337

1079 2459 1159 2497 coll.
1178 2461 1272 2500 221.
1331 2457 1512 2507 Equidem
1537 2469 1580 2494 ex
1605 2456 1659 2493 his
1683 2469 1741 2494 se-

1077 2521 1176 2566 ptem
1214 2515 1298 2551 vicis
1337 2516 1462 2551 urbem
1500 2513 1576 2550 sive
1605 2507 1738 2559 πόλιν,

1077 2584 1187 2620 quam
1218 2583 1329 2621 supra
1362 2571 1431 2616 IV,
1478 2571 1558 2612 150
1597 2569 1738 2607 Noster

1077 2633 1351 2673 commemorat,
1374 2627 1582 2664 constitisse
1597 2631 1735 2677 putem.

1078 2684 1126 2721 Et
1160 2684 1258 2720 urbis
1287 2685 1431 2734 amplae
1455 2683 1588 2721 rudera
1610 2683 1647 2718 in
1668 2682 1736 2719 hac

1077 2741 1190 2777 insula
1209 2754 1247 2777 se
1259 2742 1394 2778 vidisse
1414 2743 1596 2778 testantur
1614 2737 1735 2789 plures

1076 2798 1286 2836 recentioris
1321 2798 1454 2836 aetatis
1483 2796 1736 2847 peregrinato-
