1863 3256
488 215 1166 257 MELPOMENE.1V.

1377 227 1463 268 585

206 330 357 372 κεόυσι
392 325 693 384 Γαράμαντες·
726 330 769 371 οἳ
801 324 946 370 πάντα
977 326 1221 382 ἄνθρωπον
1251 330 1478 385 φεύγουσι

35 428 157 515 3175

206 400 280 443 καὶ
308 398 471 450 παντὸς
504 398 695 456 ὁμιλίην·
724 399 798 442 καὶ
829 397 930 442 οὔτε
954 398 1129 442 ὅπλον’
1110 397 1306 443 εκτέαται
1325 399 1480 458 ἄρήὶον

208 471 361 523 οὐδὲν,
402 470 503 515 οὔτε
539 469 789 526 ἀμύνεσθαι
828 469 1083 515 ἐπιστέαται.

205 543 453 597 κατύπερθε
491 542 686 586 οἰκέουσι
718 541 1032 597 Νασαμώνων·
1082 539 1130 585 τὸ
1163 541 1210 585 ὁὲ
1238 541 1360 598 παρὰ
1390 544 1469 600 τήν
1484 521 1623 605 Τολζῷθ

203 612 433 658 θάλασσαν
468 612 638 668 ἔχονται
669 612 717 656 τὸ
749 612 861 668 πρός
891 612 1071 669 ἑσπέρης
1105 611 1279 656 Μάκαι·

204 701 322 742 φους
352 684 598 739 κείρονται,
634 683 684 727 τὸ
713 684 792 739 μὲν
819 684 956 740 μέσον
985 688 1074 728 τῶν
1103 688 1260 740 τριχῶν
1290 683 1480 738 ἀνιέντες

1333 617 1377 657 οι
1406 614 1476 658 λό-

202 754 436 808 αὕξεσθαι,
494 754 547 798 τοὶ
594 754 640 798 δὲ
690 755 820 799 ἔνθεν
869 756 943 800 καὶ
989 756 1119 800 ἔνθεν
1168 758 1385 812 κείροντες
1429 758 1477 802 ἐν

198 828 316 884 χροΐ·

148 1003 231 1041 217
252 1001 475 1046 auctoritas3
517 1004 556 1037 ut
578 1000 607 1037 si
630 1001 718 1050 quid
739 1001 814 1040 vitii

145 1058 182 1093 in
211 1058 450 1095 Herodoteos
479 1057 589 1094 libros
613 1057 813 1108 irrepserit,

144 1114 184 1151 id
223 1118 476 1164 pervetustum
524 1126 606 1152 esse
647 1115 811 1153 dixerim.

145 1170 300 1208 Videtur
328 1174 451 1208 autem
473 1171 622 1207 omnino
643 1170 712 1208 hoc
732 1171 811 1208 loco

144 1227 297 1264 indicari
325 1240 417 1277 gens
438 1240 467 1265 s.
488 1227 605 1264 tribus
628 1228 811 1276 quaedam

142 1283 311 1333 Libyca,
369 1296 466 1333 quae
510 1283 547 1319 in
583 1284 811 1322 desertorum

142 1339 224 1377 loco
253 1340 414 1389 quodam
438 1352 460 1377 a
480 1339 539 1376 via
563 1340 646 1378 trita
668 1345 811 1378 remoto

143 1397 220 1434 sive
261 1409 409 1434 secessu
446 1395 640 1444 habitarit,
682 1397 812 1435 timida

142 1466 211 1490 nec
254 1452 327 1490 ullo
362 1452 549 1490 hominum
590 1455 806 1492 commercio

142 1515 248 1547 utens
273 1510 435 1559 indeque
467 1522 591 1547 eorum
610 1516 807 1548 consuetu-

141 1566 266 1604 dinem
295 1567 508 1615 refugiens,
553 1566 652 1605 nullo
687 1581 808 1605 armo-

143 1635 222 1660 rum
260 1636 328 1660 usu
367 1624 528 1672 cognit0.
585 1622 639 1660 Ac
679 1624 808 1661 similia

142 1679 242 1716 hisce
277 1680 325 1717 de
363 1680 582 1728 quibusdam
627 1681 808 1718 interioris

140 1735 287 1773 Africae
324 1737 488 1773 tribubus
524 1742 696 1775 enarrant
728 1737 808 1775 Leo

140 1790 355 1839 Africanus,
399 1793 663 1839 Hmnemann,
715 1794 809 1831 Bru-

140 1849 228 1886 cius.
278 1849 362 1885 vid.
385 1849 545 1887 Heeren.
564 1850 690 1898 ld.11‚
722 1854 743 1892 1
770 1864 807 1902 p.

140 1907 224 1946 233
251 1905 331 1942 coll.
355 1905 542 1944 Mannert.
569 1907 628 1954 X,
663 1909 689 1947 2
721 1921 807 1958 pag.

141 1960 236 2002 574.
259 1983 315 1990 —-
337 1962 395 2000 De
416 1964 532 2000 forma
554 1962 731 2002 ἐκτέαται
753 1970 808 2012 at-

140 2031 213 2068 que
244 2016 465 2058 ἐπιστέαται
503 2022 598 2058 conf.
634 2020 707 2070 ΙΙΙ,
739 2023 805 2062 61.

314 2077 427 2126 Cap.
458 2076 643 2116 CLXXV.

200 2130 356 2181 ε’χονται
397 2129 441 2172 τό
486 2130 588 2185 πρός
640 2132 809 2186 ἑσπέρης

142 2185 305 2235 Μακαι]
338 2189 439 2227 Cave
456 2194 573 2228 mutes
591 2204 671 2228 cum
689 2192 808 2229 Abre-

140 2244 240 2282 schio
267 2260 310 2284 το
343 2246 379 2281 in
400 2248 495 2292 τοῦ,
534 2249 633 2296 quod
654 2261 676 2286 a
695 2249 806 2286 verbo

141 2300 296 2351 ε’χονται
325 2303 501 2353 pendeat.
561 2303 732 2354 Namque
759 2306 806 2341 ad

141 2357 295 2408 ἔχονται
345 2364 467 2397 mente
514 2361 806 2399 subaudiendum

140 2410 274 2454 αὐτῶν
316 2415 389 2453 scil.
435 2412 725 2468 Νασαμώνων,
771 2423 808 2456 et

141 2471 313 2509 articulus
341 2469 383 2512 τὸ
413 2474 532 2511 verbis
562 2471 662 2524 πρός
694 2473 805 2513 ἕσπέ-

142 2542 215 2579 ρης
237 2541 281 2565 ex
302 2528 361 2566 illa
382 2530 610 2568 abundantia
633 2532 807 2569 Herodo-

140 2588 180 2621 to
227 2585 525 2634 frequentissima
571 2589 805 2639 praepositus

138 2644 206 2678 est.
244 2664 294 2670 —
349 2640 483 2680 Macas
507 2650 592 2694 post
621 2644 806 2683 Nasamo-

139 2709 206 2735 nes
229 2696 381 2734 collocat
400 2698 535 2737 Plinius
553 2701 603 2738 H.
626 2701 676 2739 N.
695 2701 742 2749 V,
764 2701 805 2749 5,

139 2765 280 2803 eosque
305 2761 565 2794 commemorat
599 2759 695 2796 inter
712 2759 805 2807 Syr-

139 2811 184 2847 tis
215 2809 356 2847 accolas
388 2807 520 2859 Scylax
541 2812 564 2849 Ι.
585 2813 609 2850 Ι.
648 2814 803 2852 Diodor.

140 2865 205 2914 ΙΙΙ,
229 2863 297 2908 48.
338 2865 371 2905 Ε
389 2867 522 2918 quibus
540 2868 696 2908 Rennel.
715 2883 803 2922 pag.

376 824 418 876 ἐς
449 825 494 870 δὲ
526 824 603 870 τὸν
631 825 825 883 πόλεμον
857 831 1093 883 στρουθῶν
1122 830 1373 884 καταγαίων
1402 831 1474 874 δο-

873 1004 952 1044 661
990 1001 1149 1051 colligit,
1199 1004 1348 1051 gentem
1383 1001 1534 1053 propius

871 1060 920 1097 ad
960 1059 1080 1108 Syrtis
1117 1071 1217 1096 oram
1258 1058 1443 1096 habitasse
1485 1059 1535 1097 ad

871 1115 1039 1166 Tripolin
1060 1128 1176 1164 usque
1197 1127 1293 1164 quae
1308 1128 1405 1152 nunc
1426 1127 1535 1152 voca-

868 1175 937 1209 tur.
981 1172 1021 1208 ln
1044 1172 1400 1220 Carthaginiensium
1422 1173 1535 1223 copiis

870 1233 1105 1267 recensentur
1123 1228 1308 1275 Maccaei‚
1347 1233 1441 1266 teste
1462 1229 1532 1266 Po-

869 1285 968 1334 lybio
985 1284 1058 1331 111,
1079 1286 1154 1332 33,
1181 1285 1244 1321 ubi
1263 1287 1308 1322 cf.
1327 1285 1532 1335 Schweigh.

869 1341 916 1379 T.
934 1341 969 1378 V
995 1354 1032 1391 p.
1053 1340 1136 1382 556
1158 1353 1236 1391 seq.
1288 1341 1351 1379 Tu
1368 1343 1414 1379 cf.
1438 1346 1530 1380 nott.

868 1397 918 1436 ad
941 1396 1004 1445 lV,
1026 1399 1119 1439 191.

924 1449 1077 1504 λόφους
1107 1450 1324 1506 κείρονται]
1361 1454 1382 1492 i.
1407 1467 1437 1492 e.
1460 1455 1531 1491 cri-

864 1515 939 1549 stas
961 1511 1032 1547 sz‘bz‘
1049 1510 1218 1557 tondent,
1248 1511 1286 1548 id
1307 1515 1384 1558 est,
1418 1511 1531 1561 capil-

865 1568 916 1605 los
939 1567 1116 1605 tondendo
1139 1570 1267 1604 cristas
1286 1567 1356 1604 sibi
1373 1567 1530 1617 efficiunt

864 1638 902 1662 eo
930 1624 1020 1674 quod
1046 1626 1086 1661 in
1110 1624 1222 1661 medio
1247 1626 1362 1674 capite
1380 1625 1530 1675 capillos

865 1694 1012 1719 crescere
1031 1682 1167 1727 sinunt,
1187 1681 1231 1718 ab
1250 1685 1401 1731 utraque
1412 1686 1530 1719 autem

861 1742 968 1789 parte
1001 1738 1083 1775 hinc
1111 1741 1217 1788 atque
1244 1738 1346 1774 illinc
1376 1740 1417 1775 in
1452 1742 1529 1775 cute

869 1795 1026 1833 tondent.
1085 1795 1199 1832 Haud
1231 1794 1336 1832 aliter
1361 1795 1418 1841 Il,
1453 1796 1527 1836 36:

866 1847 1085 1904 Αἰγύπτιοι
1106 1849 1149 1890 δὲ
1173 1873 1220 1879 —
1245 1847 1438 1890 οἷνιεῖσι
1458 1848 1529 1898 τοῖς

866 1910 999 1959 τρίχας
1024 1905 1241 1956 αὔξεσθαι,
1283 1909 1326 1946 cf.
1350 1907 1412 1955 lV,
1436 1909 1529 1948 180.

866 1966 969 2003 ldem
985 1966 1135 2004 verbum
1156 1965 1192 2002 in
1210 1965 1303 2002 Plut.
1325 1964 1453 2003 Pericl.
1476 1967 1528 2006 16

865 2023 1011 2060 restitui
1034 2021 1111 2059 vult
1128 2022 1280 2071 Bryant
1301 2018 1375 2070 τήν
1397 2017 1530 2072 χώραν

866 2075 1021 2130 οἷνῆκεν
1042 2074 1186 2132 οῗργήν,
1215 2079 1274 2115 ubi
1293 2078 1403 2128 vulgo
1424 2073 1531 2128 ἇφῆ-

865 2151 946 2175 κεν.
976 2157 1027 2163 —-
1063 2134 1105 2174 ἐν
1126 2137 1210 2189 χρῷ
1233 2135 1381 2184 κείρειν
1405 2148 1434 2174 s,
1453 2135 1531 2173 κεί-

867 2196 1011 2244 ρεσθαι
1038 2205 1146 2241 usque
1175 2192 1225 2229 ad
1248 2195 1358 2229 cutem
1379 2192 1529 2239 tonderi,

867 2263 897 2287 s.
927 2253 1005 2286 cute
1036 2253 1135 2285 tenus
1157 2249 1245 2286 radi
1265 2248 1454 2286 Laconum
1474 2249 1530 2286 in-

864 2307 990 2357 primis
1018 2307 1116 2350 suit3
1161 2307 1208 2343 de
1241 2318 1395 2354 quorum
1428 2317 1530 2343 more

864 2363 938 2400 vid.
982 2361 1205 2411 Wesseling.
1253 2362 1302 2400 ad
1344 2361 1529 2400 Plutarch.

865 2418 997 2458 Moral.
1021 2418 1036 2455 I
1065 2433 1103 2470 p.
1127 2417 1222 2460 445.

924 2477 1205 2527 στρουθῶν-
1218 2472 1412 2526 φορέουσι
1433 2490 1530 2525 προ-

866 2528 1066 2584 βλήματα]
1105 2532 1128 2570 i.
1151 2545 1180 2570 e.
1200 2533 1436 2570 struthionum
1457 2536 1528 2568 ter-

866 2591 1030 2627 restrium
1043 2589 1155 2639 pelles
1168 2603 1234 2640 pro
1248 2591 1357 2626 scutis
1374 2591 1528 2638 gestant.

862 2646 921 2685 De
949 2645 1211 2697 Aethiopibus,
1253 2651 1291 2683 ut
1315 2645 1455 2682 monuit
1477 2644 1526 2681 ad

861 2702 897 2740 h.
926 2702 949 2741 l.
980 2703 1200 2750 WVesseling.
1213 2730 1224 2748 ,
1274 2701 1412 2739 Noster
1444 2699 1525 2747 Vll,

861 2762 938 2801 70:
963 2755 1224 2811 προβλήματα
1243 2755 1284 2796 δὲ
1305 2752 1388 2795 αντ’
1406 2751 1524 2795 α’σπί-

862 2814 976 2855 δων’
958 2817 1170 2855 εποιεῦντο
1190 2808 1369 2865 γεράνων
1384 2808 1525 2864 δοραςς

861 2872 908 2909 de
928 2870 1108 2908 Arabibus
1132 2869 1432 2921 struthophagis,
1463 2870 1524 2920 qui

1537 333 1573 393 blo
1564 333 1652 393 Ι,ΙιοῃΙΙι
1639 343 1690 369 a,
1717 336 1814 364 Gara-

1584 376 1618 393 an
1636 377 1667 394 es
1682 357 1796 398 'mam-

1553 376 1626 435 'ilias
1615 410 1657 428 aa·
1660 406 1715 429 nest
1703 411 1736 437 ιι.)

1146 464 1281 513 Οὗτοι
1315 470 1396 526 μὲν
1425 474 1477 529 δὴ
1538 481 1579 507 Ad
1566 489 1698 541 anf-nia
1703 485 1814 551 :imminu

1536 612 1580 639 G
1564 588 1660 641 ung,
1627 550 1796 650 εζυείιόἷ
1755 560 1813 611 ‚¹¹15ss

1535 655 1663 709 ganz&
1668 657 1729 676 nia
1733 650 1811 678 luta-
