1946 3272
502 249 586 290 118
895 247 1371 287 HERODOTI

473 359 592 399 8τῶν
621 356 795 407 οἰκίων,
827 355 901 398 καὶ
931 355 955 398 ὁ
983 354 1153 399 ἐκείνου
1183 354 1394 411 ἀδελφεὸς
1425 355 1631 410 Σμέρδις.
1689 357 1768 398 τὸν

500 427 580 482 μέν
608 442 691 469 νυν
720 424 905 482 μάλιστα
933 429 1066 480 χρῆν,
1095 425 1196 480 ἐμεῦ
1228 426 1381 481 αἰσχρὰ
1412 425 1523 480 πρὸς
1549 429 1639 468 τῶν
1669 425 1768 468 Μά-
1784 433 1825 467 15

500 513 593 552 γων
621 495 920 546 πεπονθότος,
949 495 1172 550 τιμωρέειν
1202 496 1321 552 ἐμοὶ,
1352 492 1483 548 οὗτος
1504 496 1583 552 μὲν
1604 494 1769 553 ἀνοσίῳ

502 566 623 624 μόρῳ
673 565 940 621 τετελεύτηκε
987 565 1074 609 ’ὑπὸ
1120 570 1210 610 τῶν
1251 567 1417 610 ἑωυτοῦ
1471 566 1769 623 οἰκηιοτάτων.

472 639 686 680 9Τούτου
729 636 774 679 δὲ
821 636 970 692 μηκέτι
1013 635 1188 689 ἐόντος,
1248 635 1428 692 δεύτερα
1472 642 1561 681 τῶν
1604 641 1771 681 λοιπῶν

501 705 630 763 ὑμῖν,
670 700 705 748 ὦ
736 705 925 760 Πέρσαι,
963 708 1128 763 γίνεταί
1156 724 1232 763 μοι
1267 707 1609 764 ἀναγκαιότατον
1637 708 1770 752 ἐντέλ-
1782 715 1829 750 20

502 783 675 824 λεσθαι,
718 775 772 818 τοὶ
799 778 913 820 θέλω
942 794 1017 833 μοι
1046 779 1267 834 γενέσθαι,
1308 784 1519 822 τελευτῶν
1548 778 1628 823 τόν
1655 782 1771 836 βίον.

448 848 574 892 ῖοκαὶ
602 846 656 901 δή
687 844 794 902 ὑμῖν
821 848 924 891 τάδε
953 847 1228 904 ἐπισκήπτω,
1266 850 1401 901 θεοὺς
1438 849 1543 902 τούς
1580 853 1771 908 βασιληΐ-

503 934 581 968 ους
609 916 866 968 ἐπικαλέων,
899 919 972 962 καὶ
997 922 1131 961 πᾶσιν
1159 917 1289 975 ὑμῖν,
1326 920 1401 963 καὶ
1428 920 1613 974 μάλιστα
1639 922 1774 978 Ἀχαι-

501 988 712 1045 μενιδέων
741 992 854 1030 τοῖσι
883 992 1119 1042 παρεοῦσι,
1165 988 1223 1045 μή
1256 992 1468 1044 περιϊδεῖν
1500 991 1580 1047 τὴν
1615 990 1773 1047 ἡγεμο-

500 1060 601 1115 νίην
647 1054 769 1108 αὖτις
808 1057 851 1109 ἐς
888 1057 1075 1115 Μήδους
1120 1064 1466 1114 περιελθοῦσαν·
1525 1059 1651 1114 ἀλλ’,
1692 1064 1830 1106 εἴτε25

502 1130 617 1187 δόλῳ
658 1129 803 1184 ἔχουσι
839 1128 976 1185 αὐτὴν
1012 1131 1292 1187 κτησάμενοι,
1335 1130 1450 1189 δόλῳ
1481 1131 1776 1188 ἀπαιρεθῆναι

500 1199 590 1244 ὑπό
622 1198 796 1256 ὑμέων·
856 1202 938 1244 ε’ίτε
976 1202 1051 1245 καὶ
1089 1202 1243 1246 σθένεΐ
1271 1219 1353 1262 τεῳ
1392 1202 1774 1259 κατεργασάμενοι,

447 1271 651 1315 ΙΙσθένεῑ
678 1269 787 1314 κατα
815 1270 864 1314 τό
895 1273 1107 1328 καρτερὸν
1135 1272 1460 1317 ἀνασώσασθαι.

501 1343 581 1399 μὲν
609 1345 783 1385 ποιεῦσι
823 1340 931 1397 ὑμῖν
966 1348 1022 1401 γῆ
1059 1360 1104 1388 τε
1139 1343 1313 1400 καρπόν
1350 1343 1552 1400 ἐκφέροι,
1595 1344 1668 1388 καὶ
1697 1361 1776 1400 γυ-

499 1412 646 1464 ναῖκές
673 1428 717 1456 τε
747 1412 820 1457 καὶ
851 1415 1034 1470 ποίμνια
1052 1416 1260 1469 τίκτοιεν,
1290 1414 1413 1459 ἐοῦσι
1436 1415 1479 1468 ἐς
1499 1415 1578 1459 τὸν
1601 1414 1773 1458 ἅπαντα

500 1569 614 1619 χρῆν,
630 1565 740 1618 ἐμεῦ
761 1588 816 1596 -
838 1563 1107 1614 πεπονθότος,

443 1623 648 1676 τιμωρέειν
669 1622 772 1675 ἐμοὶ]
813 1624 901 1662 Νοιι
917 1626 995 1663 sine
1016 1637 1109 1674 qua-

444 1682 529 1718 dam
550 1681 583 1717 vi
603 1681 736 1717 dictum
754 1693 820 1730 pro
843 1679 930 1731 ἐμοὶ
962 1703 1006 1708 -
1042 1695 1108 1720 πε-

443 1732 629 1776 πονθότι.
661 1736 721 1773 Tu
732 1737 804 1773 vid.
816 1737 949 1774 Matth.
962 1737 1026 1774 Gr.
1041 1737 1106 1774 Gr.

444 1792 482 1844 ἓ.
505 1793 584 1834 561
607 1806 692 1843 pag·
716 1794 838 1839 1108,
869 1794 930 1842 qui
950 1794 1045 1831 idem
1068 1790 1106 1843 ἓ.

445 1852 542 1896 622,
557 1851 581 1890 5
601 1862 686 1900 pag·
709 1851 815 1890 1263
836 1849 884 1886 de
905 1862 972 1886 usu
991 1851 1107 1900 parti-

445 1906 606 1944 cularum
630 1902 703 1953 μὲν
734 1909 773 1942 et
805 1901 847 1942 δὲ
875 1906 911 1941 in
943 1907 1106 1955 proxime

445 1975 549 2011 seqq.
563 1961 681 1999 verbis
704 1961 903 1997 admonuit.
922 1981 975 1988 —
999 1961 1106 2010 οἰκη-

446 2014 617 2057 ϊοτάτων
637 2030 716 2053 cum
730 2016 847 2055 Gaisf.
863 2018 1028 2067 rescripsi
1040 2030 1105 2067 pro

446 2069 748 2124 οἰκηϊωτὰτων.
808 2072 848 2108 ln
866 2073 1046 2110 Sancrofti
1065 2073 1107 2109 li·

444 2131 511 2167 bro
534 2137 570 2167 et
586 2129 686 2179 apud
697 2129 869 2166 Priscian.
889 2129 1008 2167 xvlll
1021 2143 1106 2181 pag.

448 2188 555 2228 1206
575 2189 694 2223 exstat
716 2184 815 2224 οἰκει
829 2199 848 2223 ο
861 2180 1001 2225 τάτων.

503 2237 666 2293 δεύτερα
692 2243 772 2279 τῶν
804 2244 958 2281 λοιπῶν
990 2240 1102 2293 ὑμῖν]

444 2297 645 2335 Lareherus
665 2300 744 2336 τῶν
761 2300 911 2336 λοιπῶν
926 2299 960 2336 h.
976 2299 996 2336 l.
1010 2300 1106 2337 idem

445 2354 568 2391 valere
589 2358 723 2400 censet,
740 2358 851 2403 atque
869 2358 941 2393 τοῦ
963 2357 1108 2394 λοιποῦ

444 2410 631 2457 (tandem,
663 2411 801 2459 enfin),
833 2424 1034 2460 provocans
1060 2412 1105 2448 ud

448 2466 649 2503 Marcland.
669 2466 939 2504 Animadverss.
958 2469 1005 2505 ad
1025 2468 1107 2503 Ma-

444 2523 527 2559 xim.
557 2521 646 2570 Tyr.
678 2522 775 2559 Diss.
809 2522 909 2559 xvu
943 2537 978 2573 p.
1013 2526 1107 2563 682.

444 2578 625 2627 Equidem
647 2591 726 2614 cum
748 2577 952 2628 Schweigh.
966 2581 1001 2616 in
1019 2579 1106 2616 Lex,

445 2634 588 2671 Herod.
609 2647 636 2670 s.
659 2646 706 2679 v.,
725 2634 838 2671 verba
859 2637 938 2672 τῶν
955 2638 1107 2673 λοιπῶν

446 2691 583 2727 referre
612 2689 730 2726 malim
763 2690 810 2726 ad
847 2692 1107 2741 superlativum

447 2741 773 2798 ἀναγκαιότατον.
833 2747 903 2784 Hic
923 2749 1017 2784 enim
1040 2747 1108 2783 loci

447 2807 503 2839 est
543 2815 689 2840 sensus:
742 2801 831 2838 Tum
871 2803 1027 2845 (mortuo
1060 2816 1108 2840 sc.

449 2859 610 2907 Smerdi)
631 2859 988 2911 rele'quo1wn‚·(quae
1006 2860 1109 2897 vobis

1164 1581 1212 1606 sc.
1233 1568 1349 1606 habeo
1374 1569 1602 1617 mandanda)
1629 1568 1691 1605 hoc
1710 1570 1829 1605 masci-

1163 1638 1214 1661 me
1230 1626 1460 1662 necessarium
1471 1626 1569 1662 vobis
1589 1625 1830 1663 mandandum

1163 1682 1281 1718 habeo.

1221 1734 1274 1788 μή
1296 1736 1489 1788 περιϊδεῖν
1510 1757 1562 1766 -
1588 1738 1827 1789 περιελθοῦ-

1163 1792 1261 1844 σαν]
1293 1791 1352 1830 Ad
1380 1793 1598 1831 locutionem
1622 1794 1696 1830 vid.
1721 1794 1762 1841 1,
1790 1795 1831 1833 7.

1166 1853 1271 1895 1203
1303 1850 1350 1886 de
1372 1854 1592 1898 argumento
1611 1850 1707 1887 conf.
1735 1854 1828 1886 nott.

1163 1907 1211 1943 ad
1242 1906 1305 1952 111,
1338 1906 1403 1946 30.
1434 1908 1500 1947 61.
1550 1906 1591 1942 In
1614 1918 1716 1955 seqq.
1748 1919 1828 1943 cum

1164 1962 1280 1999 Gaisf.
1301 1961 1432 2010 reliqui
1457 1956 1751 2012 ἅπαιρᾱθῆναις
1781 1963 1827 2001 cf.

1163 2018 1192 2064 Ι,
1213 2019 1277 2056 70.
1298 2017 1361 2063 ΙΙΙ,
1386 2019 1477 2058 126.
1530 2018 1704 2056 Formnla
1728 2014 1828 2056 κατὰ

1162 2070 1207 2113 τό
1242 2070 1433 2125 καρτερόν
1465 2079 1585 2111 exstat
1620 2087 1769 2124 quoque
1799 2074 1828 2122 l,

1164 2132 1258 2171 212.
1317 2129 1398 2167 Nec
1419 2130 1594 2168 dissimile
1613 2127 1711 2169 κατὰ
1734 2127 1829 2179 κρά-

1162 2200 1239 2233 τος,
1262 2187 1310 2224 de
1326 2199 1398 2235 quo
1421 2187 1493 2223 vid.
1511 2187 1559 2224 ad
1573 2187 1734 2225 Ctesiam
1752 2187 1829 2224 Ex-

1162 2248 1293 2292 cerptt.
1312 2242 1433 2282 Perss.
1458 2242 1496 2294 ξ.
1518 2246 1543 2283 7
1564 2256 1649 2294 pag.
1674 2245 1769 2283 112.

1220 2299 1388 2342 ποίμνια
1418 2298 1611 2350 τίκτοιεν]
1660 2299 1828 2349 ποίμνια

1165 2369 1246 2393 curn
1268 2356 1440 2404 Schwgh.
1467 2361 1503 2392 et
1515 2356 1630 2392 Gaisf.
1652 2356 1739 2393 dedi
1759 2367 1827 2404 pro

1163 2415 1353 2461 ποῖμναι,
1393 2412 1493 2460 quod
1519 2411 1667 2448 retinuit
1695 2410 1826 2448 Matth.

1163 2468 1222 2505 Ad
1245 2467 1460 2505 sententiam
1486 2467 1658 2504 Valcken.
1687 2468 1828 2504 confert

1164 2524 1336 2573 Sophoci.
1357 2524 1452 2560 Oed.
1481 2523 1570 2571 Tyr.
1596 2526 1692 2570 277,
1717 2536 1827 2572 quem

1163 2580 1302 2616 Herod.
1317 2584 1354 2616 et
1366 2579 1400 2615 h.
1412 2579 1433 2615 l.
1457 2584 1491 2616 et
1504 2579 1566 2626 w,
1584 2581 1661 2619 139
1675 2581 1825 2616 forsitan

1165 2635 1460 2685 respexerit‚coll.
1476 2635 1679 2672 l’hilostrat.
1691 2637 1763 2672 vit.
1775 2634 1827 2672 A-

1164 2690 1249 2740 poll.
1266 2691 1327 2737 ΙΙΙ,
1340 2694 1405 2732 20.
1436 2693 1590 2741 Saepius
1601 2698 1721 2729 antem
1739 2692 1826 2729 talia

1166 2748 1201 2782 in
1227 2748 1388 2784 formulis
1409 2748 1706 2798 imprecationum
1726 2749 1824 2799 apud

1165 2807 1307 2840 veteres
1334 2803 1406 2851 legi
1438 2805 1531 2841 idem
1554 2804 1725 2842 Valcken.
1745 2817 1826 2842 mo-

1166 2864 1240 2897 net.
1262 2882 1317 2888 —-
1348 2860 1492 2898 Verba:
1522 2857 1651 2913 πρὸς
1679 2856 1723 2901 δ’
1750 2859 1824 2901 ἔτι

1533 1273 1606 1318 καὶ
1635 1277 1774 1317 ταῦτα
1836 1289 1907 1330 23(
