1863 3256
463 226 754 265 MELPO

159 337 380 387 λυνείκεος
393 370 406 387 ,

133 403 219 461 Ξῆν
260 408 306 450 δὲ
347 407 369 450 ὁ
403 405 551 463 Θήρας
591 401 745 457 οὗτος,
783 405 909 461 γένος
947 403 1032 448 ἐών
1067 406 1309 459 Καδμεῖος,

161 477 323 533 μητρός
365 476 575 534 ἀδελφεὸς
609 483 723 521 τοῖσι
752 474 1061 531 Ἀριστοδήμου
1091 476 1243 526 παισὶ,

163 548 311 591 σθένεϊ
345 549 418 591 καὶ
466 549 680 602 Προκλὲϊ·

161 618 329 661 τούτων
364 621 558 674 νηπίων,
601 618 886 674 ἐπιτροπαίην
926 615 1008 672 εἶχε
1040 615 1063 660 ὁ
1098 617 1245 672 Θήρας
1274 616 1355 673 τὴν
1384 617 1433 660 ἐν

104 774 251 807 careant
267 771 343 808 sive
359 771 467 820 plane
484 776 703 822 repugnent,
722 785 766 810 eo

105 828 221 876 magis
242 827 387 864 videtur
411 842 491 866 esse
513 829 689 866 lubricum
711 834 767 866 at-

104 895 176 932 que
198 896 353 933 anceps,
392 897 465 934 quo
487 886 620 922 certior
642 887 688 923 de
710 886 766 923 his

104 940 192 989 ipsis
217 946 347 978 auctor
366 946 421 978 est
441 942 676 990 Herodotus,
703 956 767 980 cu-

104 996 158 1033 ius
173 997 439 1046 narrationem,
481 1003 522 1035 ut
545 999 618 1036 fide
643 1012 766 1037 carere

103 1054 358 1103 pronuntiem,
419 1054 554 1092 nullum
590 1056 676 1092 mihi
709 1056 766 1093 in-

104 1111 223 1146 notuit
285 1116 540 1160 argumentum
595 1112 767 1162 nullaque

104 1179 193 1203 sane
217 1167 350 1204 adesse
375 1168 519 1206 videtur
540 1170 644 1206 ratio.
698 1170 767 1206 At-

104 1235 176 1271 que
203 1223 284 1274 ipsa
307 1223 431 1261 Thera
464 1225 600 1272 insula,
633 1239 663 1261 ‘a
693 1238 766 1274 quo

106 1280 192 1317 inde
235 1287 539 1318 commemoratur
586 1287 766 1331 tempore,

105 1337 249 1373 nonnisi
279 1338 472 1374 coniuncta
504 1350 582 1374 cum
617 1339 766 1388 Sparta,

102 1405 126 1429 a
150 1405 223 1442 qua
242 1406 439 1442 numquam
469 1407 536 1444 per
559 1399 766 1444 temporum

104 1450 295 1487 decursum
317 1449 564 1500 bellorumque
583 1452 678 1488 vices
700 1452 767 1488 de-

102 1506 210 1554 fecit,
242 1508 423 1557 reperitnr
451 1513 488 1544 et
515 1521 582 1557 pro
608 1509 685 1545 eius
705 1521 767 1545 co-

103 1561 201 1600 lonia
233 1563 408 1611 habetur,
449 1577 546 1613 quae
575 1563 764 1603 Laconum

103 1620 275 1656 institutis
294 1633 439 1670 semper
457 1634 523 1658 usa
542 1622 661 1660 suerit.

160 1675 308 1716 ἔστελλε
339 1676 377 1723 ἐς
411 1672 625 1728 α’ποικίην]
675 1678 697 1714 i.
732 1691 762 1715 e.

102 1734 275 1771 coloniam
291 1746 308 1770 e
319 1733 584 1771 Lacedaemone
601 1734 764 1782 deduxit,

103 1804 133 1827 s.
157 1792 252 1827 misit
276 1786 347 1842 (se,
381 1789 486 1843 cives)
520 1794 560 1828 in
584 1792 764 1828 coloniam.

104 1847 189 1896 Ubi,
203 1848 357 1885 Reiskio
368 1853 552 1896 monente,
576 1849 624 1886 ad
637 1848 765 1887 ἔστελ-

101 1908 143 1944 λε
173 1905 389 1943 subauditur
420 1901 585 1951 ἑαυτόν,
631 1910 669 1942 ut
699 1906 764 1953 lv,

104 1961 204 2006 1483
244 1961 335 1999 alius
375 1961 527 2000 dixisset
557 1960 763 2001 ἐστέλλετο.

103 2018 246 2062 Quibus
280 2019 370 2057 haec
403 2019 508 2056 addit
535 2019 761 2068 Schweigh.:

102 2096 158 2102 —-
179 2076 276 2123 „Sic
300 2075 398 2112 haud
425 2089 506 2112 raro
531 2076 640 2114 etiam
662 2076 763 2126 apud

102 2132 284 2181 Tragicos
320 2130 489 2171 στέλλειν
518 2146 585 2182 pro
617 2131 766 2172 στέλλε-

104 2193 223 2236 σθαι,
272 2191 340 2226 iter
373 2202 528 2238 parare,
570 2191 764 2239 proficisci.

104 2246 228 2283 Possis
249 2258 334 2283 vero
351 2246 479 2293 etiam,
510 2249 549 2282 ut
570 2259 650 2296 cap.
672 2247 766 2294 148,

106 2303 157 2340 sic
196 2306 235 2341 et
273 2302 343 2340 hoc
387 2301 467 2340 loco
482 2331 493 2350 ‚
560 2302 767 2352 intelligere

105 2358 254 2398 ἔστελλε
274 2355 374 2398 λαόν
394 2358 434 2406 ἐς
458 2354 667 2409 ἅποικίηνε
701 2360 767 2396 sed

105 2417 326 2466 tragicorum
348 2415 548 2467 exemplis,
588 2429 683 2465 quae
711 2417 770 2453 of-

105 2473 177 2510 {ert
201 2473 374 2510 Brunckii
403 2473 516 2511 Index
542 2472 768 2523 Sophocleus

107 2533 144 2566 et
172 2525 563 2567 S'chneideriLexicon
592 2530 769 2579 criticum,

107 2585 196 2622 satis
216 2586 359 2624 firmata
379 2587 479 2636 prior
501 2587 767 2637 interpretatio.

106 2641 207 2679 Alias
228 2642 301 2679 dux
321 2642 484 2682 coloniae
506 2644 638 2681 dicitur
655 2638 768 2682 οἷποι-

107 2698 202 2748 κίην
226 2697 395 2737 στέλλειν
417 2698 472 2748 [ut
487 2701 587 2750 apud
608 2701 767 2737 Pausan.

108 2754 172 2802 ΙΙΙ,
206 2757 224 2795 1
257 2753 293 2806 ἓ.
316 2757 342 2794 7
372 2755 408 2792 in
439 2755 543 2793 huius
575 2757 688 2807 ipsius
715 2758 768 2795 rei

107 2811 331 2849 narratione.
383 2806 639 2852 ἅποστέλλειν
667 2814 769 2851 inve-

107 2869 203 2905 nitur
222 2868 320 2918 apud
332 2868 563 2906 Herodotum
576 2870 641 2915 lv,
657 2870 768 2919 150],

125 2958 127 2960 ,
162 2925 373 2962 HERODOT.
405 2924 451 2961 ΙΙ.

825 766 1014 810 α’ποικίιεν
1036 768 1168 823 ἄγεινε
1207 770 1326 809 coloni
1345 768 1430 811 vero
1448 769 1489 818 ἔς

826 824 1018 879 ἀποικίην
1054 827 1285 867 στέλλεσθαι
1314 828 1371 866 vel
1402 841 1488 867 στα-

824 887 966 936 λῆναι,
998 890 1038 922 ut
1055 898 1134 935 cap.
1160 885 1280 925 159.“
1326 884 1487 923 Verbum

825 941 1055 982 στέλλεσθαι
1089 942 1277 991 attigimus
1313 942 1347 977 in
1391 948 1487 978 nott.

824 1000 872 1036 ad
894 999 958 1045 ΙΙΙ,
978 999 1044 1038 53.
1068 998 1148 1040 124
1172 998 1251 1035 coll.
1274 997 1486 1037 Matth.Gr.

826 1056 891 1092 Gr.
921 1052 958 1105 ἓ.
979 1057 1059 1095 491
1084 1067 1115 1091 a.
1138 1068 1175 1104 p.
1197 1056 1299 1100 9233
1331 1055 1377 1092 de
1398 1056 1486 1092 acti-

824 1126 870 1148 vo
891 1111 1075 1157 στέλλειν,
1104 1111 1205 1160 quod
1224 1111 1373 1161 proprie
1391 1111 1486 1149 valet

823 1171 1018 1212 instrum-e,
1049 1167 1223 1204 adornare
1244 1168 1404 1216 indeque
1430 1170 1489 1204 ιἠ-

825 1229 997 1262 structum
1017 1224 1170 1273 aliquem
1191 1224 1317 1273 aliqua
1345 1237 1381 1260 re
1406 1227 1488 1261 mit-

828 1286 920 1329 tere,
952 1283 1048 1319 conf.
1071 1286 1164 1318 nott.
1184 1282 1231 1317 ad
1253 1281 1319 1327 ΙΙΙ,
1343 1282 1436 1321 141.

882 1340 953 1388 τῆς
987 1334 1131 1387 μητρὸς
1164 1331 1359 1386 α’ὂελφεὸς
1388 1340 1491 1376 τοῖσι

824 1410 858 1433 κ.
880 1410 910 1432 τ.
932 1394 978 1443 λ.]
1013 1394 1119 1430 Conf.
1142 1392 1300 1431 Pausan.
1323 1393 1386 1440 ΙΙΙ,
1410 1396 1430 1433 1
1453 1393 1490 1447 ᾗ.

825 1454 863 1492 6.
884 1454 932 1498 7,
963 1451 1062 1487 unde
1081 1450 1206 1487 matris
1221 1478 1231 1496 ‚
1270 1462 1366 1499 quae
1388 1449 1490 1487 The-

823 1521 886 1546 rae
923 1508 992 1544 suit
1034 1519 1157 1552 soror,
1206 1519 1339 1543 nomen
1373 1507 1488 1543 fuisse

823 1565 993 1602 discimus
1018 1558 1209 1614 Ἀργείαν.
1259 1563 1372 1607 Quod
1401 1576 1488 1600 vero

822 1621 1026 1659 Larcherus
1053 1621 1242 1670 Προκλῆς
1270 1632 1292 1657 e
1321 1619 1488 1656 librario-

822 1691 902 1716 rum
921 1677 1147 1727 negligentia
1166 1674 1315 1713 fluxisse
1334 1675 1489 1712 arbitra-

823 1740 884 1772 tur
910 1747 976 1785 pro
998 1735 1258 1784 Πατροκλῆς,
1298 1733 1399 1781 quod
1426 1732 1486 1769 alii

824 1792 1038 1837 exhibeant,
1069 1789 1168 1827 haud
1197 1788 1390 1838 intelligit,
1419 1789 1489 1826 hoc

822 1849 942 1899 ipsum
959 1850 1125 1885 exortum
1147 1859 1228 1884 esse
1254 1858 1275 1883 e
1295 1859 1382 1883 vera
1400 1845 1488 1883 scri-

822 1910 929 1956 ptura
959 1905 1171 1954 Προκλῆς,
1219 1903 1266 1940 de
1304 1915 1397 1951 qua,
1440 1915 1488 1939 ne

821 1962 944 2012 plura,
985 1961 1109 1998 confer
1140 1961 1189 1996 sis
1224 1958 1407 2009 Leopold.
1439 1959 1487 1995 ad

821 2018 915 2055 Plut.
953 2017 1025 2054 Vit.
1045 2016 1201 2065 Lycurg.
1233 2018 1260 2055 2
1284 2028 1372 2066 pag.
1394 2017 1487 2061 177,

821 2081 860 2113 et
885 2075 1072 2112 Schaeser.
1106 2074 1154 2110 ad
1182 2072 1364 2109 Plutarch.
1396 2072 1486 2108 Vitt.

821 2132 868 2169 T.
886 2131 938 2168 lv
956 2144 1039 2181 pag.
1061 2131 1156 2171 290.
1196 2128 1293 2165 Add.
1321 2141 1417 2178 quae
1439 2129 1486 2164 ad

821 2188 1004 2226 Herodot.
1035 2186 1104 2232 ΙΙΙ,
1142 2185 1195 2226 50
1215 2186 1487 2235 adscripsimus.

824 2265 881 2272 —-
901 2246 944 2282 In
972 2256 1074 2293 seqq.
1099 2242 1148 2279 ad
1176 2236 1280 2280 οὕτω
1310 2238 1360 2291 δή
1389 2242 1485 2278 cons.

825 2305 920 2338 nott.
942 2302 991 2338 ad
1010 2300 1048 2346 I,
1076 2301 1178 2344 196,
1211 2303 1247 2335 et
1265 2299 1314 2335 ad
1335 2298 1487 2335 locutio-

825 2371 909 2396 nem
939 2353 1051 2397 δεινά
1080 2358 1290 2394 ποιεῖσθαι
1314 2360 1405 2391 nott.
1439 2355 1487 2390 ad

826 2415 890 2461 llI,
911 2413 975 2455 14.
1002 2435 1047 2440 -—
1074 2410 1206 2463 μένειν
1231 2425 1311 2448 cum
1331 2414 1488 2449 recentt.

827 2472 913 2510 edd.
934 2471 1078 2509 exhibui
1105 2481 1172 2520 pro
1198 2472 1354 2519 μενεῖν,
1389 2468 1491 2517 quod

827 2542 849 2566 e
882 2527 1063 2578 Stephani
1101 2525 1264 2563 editione
1302 2530 1490 2575 receptum

826 2590 930 2632 erat,
961 2585 1008 2621 ob
1031 2584 1243 2631 insequens,
1265 2582 1410 2632 opinor,
1434 2581 1491 2616 fu-

825 2646 945 2679 turum
965 2634 1313 2685 οἷποπλεύσεσθαι,
1307 2655 1314 2661 ·
1349 2638 1395 2674 de
1416 2648 1488 2684 qua

824 2700 942 2736 forma
978 2698 1050 2734 vid.
1088 2695 1221 2733 Matth.
1264 2706 1349 2744 pag.
1388 2691 1484 2732 485·

824 2754 1157 2805 Add.Ephemerr.
1189 2749 1486 2788 lenenss.1817

824 2826 879 2849 nr.
905 2810 985 2851 164
1005 2823 1091 2860 pag.
1116 2808 1197 2847 374
1223 2810 1260 2844 et
1286 2805 1380 2842 infra
1405 2803 1486 2841 He-

823 2869 906 2906 rod.
929 2867 994 2913 IV,
1017 2867 1112 2906 201
1158 2915 1210 2957 34

784 226 825 263 M
857 226 887 263 E
917 225 954 263 N
986 226 1027 262 E.
1090 228 1147 263 W.
1352 235 1435 272 529

455 336 618 379 ἔστελλε
670 335 712 386 ἐς
761 334 963 390 ἀποικίην
999 334 1047 377 ἐκ
1087 335 1428 390 Λακεδαίμθνθς
1487 338 1529 365 s...
1531 344 1615 399 ¹:²33?
1602 341 1670 400 hi
1668 341 1746 400 1²1
1719 349 1764 367 ⁰¹¹¹

1347 424 1397 447 ⁶6?
1385 426 1420 461 [S
1432 407 1612 465 1Otlmt
1591 407 1762 467 'la-'lbljiiiaal

1287 473 1430 529 Eva
1509 472 1592 530 (ul
1585 448 1696 533 ’Ξίζήίἢῃ
1649 480 1750 501 aetate

742 546 904 590 ἐόντων
949 546 990 589 ὁ’
1035 545 1096 588 ἔτι
1134 550 1223 588 τῶν
1261 548 1433 589 παίδων
1492 545 1566 596 ‘i'i'n‘
1569 516 1765 605 ωέεῑιιιέῗέἷῗῦ-

1491 603 1576 630 ΙΙΙΙΗΙΗ
1596 611 1622 631 U’
1627 612 1754 634 [luerunt
