1863 3256
302 245 648 289 EXCURSUS
687 244 716 280 V
771 241 848 280 AD
890 237 1327 288 HERODOT.111,
1362 243 1452 281 116.
1561 241 1645 281 653

550 685 1108 738 EXCURSUS
1171 686 1216 732 V

323 795 446 833 An
536 786 1452 833 HERODOT.111,116.

611 1006 712 1048 De
783 1002 1165 1059 Gryplcis.

245 1112 421 1152 Fabulam
446 1110 493 1147 de
525 1109 708 1160 Gryphis,
743 1108 936 1146 Herodoto
965 1112 1002 1145 et
1029 1107 1065 1143 h.
1096 1106 1120 1144 l.
1157 1111 1194 1143 et
1217 1103 1289 1151 IV,
1332 1105 1394 1143 13.
1434 1103 1488 1142 27
1532 1099 1649 1137 Obiter

133 1186 275 1220 tantum
291 1181 486 1218 indicatam
498 1207 511 1224 ‚
543 1178 641 1215 haud
661 1178 734 1215 scio
756 1189 802 1214 an
824 1188 903 1214 eam
926 1176 972 1212 ob
990 1187 1155 1222 causam,
1185 1173 1285 1224 quod
1308 1185 1330 1210 a
1347 1183 1434 1208 vero
1453 1169 1650 1207 abhorrere

133 1251 318 1289 videretur
348 1247 444 1300 patri
473 1247 668 1293 historiae,
716 1245 879 1297 pluribus
921 1245 1103 1282 enarravit
1135 1242 1281 1281 Ctesias
1311 1239 1445 1287 (Indd.
1473 1236 1510 1289 ἓ.
1535 1239 1588 1280 12
1612 1240 1651 1274 et

131 1319 233 1370 apud
249 1317 386 1355 Aelian.
410 1314 459 1353 N.
479 1314 525 1353 A.
546 1314 618 1362 IV,
650 1315 745 1362 27),
776 1327 796 1351 e
816 1325 889 1362 quo
910 1313 1070 1363 profecit
1088 1312 1191 1349 Phile
1211 1310 1258 1347 de
1277 1306 1434 1345 animall.
1457 1307 1650 1358 propriett.

134 1390 161 1428 2
181 1399 218 1437 p.
241 1387 291 1427 15
312 1396 418 1433 seqq.
436 1386 472 1420 et
494 1382 587 1419 Plin.
607 1382 654 1419 H.
680 1381 728 1420 N.
747 1381 827 1428 VH,
847 1385 885 1422 2.
914 1379 1015 1418 Alios
1035 1380 1133 1417 locos
1156 1377 1327 1417 excitavit
1344 1375 1513 1413 Wilcker.
1532 1374 1652 1424 Myih.

135 1452 350 1503 Geograph.
378 1451 394 1488 Ι
417 1464 453 1501 p.
477 1451 557 1491 186
586 1453 665 1487 not.
687 1450 764 1491 156
796 1454 833 1488 et
858 1450 994 1487 dudum
1025 1451 1135 1485 antea
1155 1447 1290 1484 Comes
1306 1444 1355 1481 ill.
1381 1444 1428 1480 de
1450 1443 1652 1480 Veltheim:

132 1519 348 1559 Vermischt.
378 1517 555 1556 Aufs'atze
596 1519 713 1566 (‚,von
753 1519 825 1556 den
857 1516 1160 1566 goldgrabenden
1189 1514 1362 1551 Ameisen
1390 1511 1467 1548 und
1501 1510 1653 1548 Greisen

135 1590 200 1627 der
220 1589 366 1626 Alten“
396 1587 467 1623 vid.
495 1600 604 1637 supra
632 1587 679 1623 ad
697 1586 839 1623 Herod.
859 1585 930 1631 ΙΙΙ,
964 1585 1061 1631 102)
1093 1583 1140 1620 T.
1163 1583 1196 1619 Il
1223 1595 1308 1633 pag.
1331 1583 1414 1621 267
1435 1592 1562 1628 seqq.‚
1592 1577 1654 1615 ubi

135 1669 276 1694 omnem
298 1655 393 1693 hanc
412 1655 656 1692 narrationem
676 1654 723 1691 ad
744 1654 821 1690 auri
843 1653 1014 1689 lotionem
1035 1651 1158 1698 refert,
1188 1651 1224 1686 in
1245 1649 1402 1686 desertis
1425 1647 1518 1684 Cobi
1538 1646 1654 1695 (quae

133 1725 212 1775 ipsa
242 1736 323 1762 eam
350 1723 428 1761 fere
455 1722 644 1771 regionem
672 1725 851 1770 tangunt,
892 1721 928 1757 in
955 1721 1028 1769 qua
1054 1719 1186 1770 gryphi
1210 1716 1448 1769 probabiliter
1473 1714 1651 1753 collocan-

133 1792 210 1841 tur)
240 1804 335 1842 quae
362 1790 446 1828 olim
473 1791 572 1828 facta
590 1791 697 1828 fuerit
715 1791 901 1840 hodieque
922 1790 988 1826 fiat
1007 1800 1077 1838 ope
1098 1787 1284 1824 hominum
1303 1797 1533 1823 servorumve
1546 1812 1557 1831 ,
1589 1784 1652 1833 qui

133 1859 191 1898 vel
218 1858 315 1897 bello
340 1859 436 1908 capti
462 1857 519 1896 vel
542 1871 652 1908 quum
686 1859 774 1908 quid
802 1858 1060 1908 deliquissent,
1091 1855 1138 1893 ad
1163 1854 1233 1892 hoc
1258 1867 1350 1904 opus
1374 1853 1510 1891 suerint
1534 1851 1651 1889 coacti

135 1928 334 1977 indiaeque
351 1926 499 1975 regibus
519 1938 646 1963 aurum
666 1926 736 1963 hoc
753 1926 865 1963 modo
883 1924 1097 1975 acquisitum
1117 1923 1336 1968 detulerint,
1378 1920 1651 1960 studiosissimis

136 1995 203 2032 illis
221 1995 384 2044 quidem,
404 2006 451 2032 ne
471 1994 620 2043 quidde
639 1994 694 2031 his
707 1994 804 2031 foras
825 1992 991 2030 efflueret
1011 1992 1271 2040 cognitumque
1291 1991 1408 2037 fieret,
1429 1990 1527 2027 unde
1548 1992 1653 2026 tanta

136 2063 214 2102 auri
232 2063 336 2113 copia
352 2062 402 2099 ad
419 2061 521 2112 ipsos
541 2062 744 2100 afferretur.
781 2061 867 2106 Quo
888 2061 1017 2099 eodem
1039 2058 1191 2096 consilio
1214 2059 1294 2096 illos
1311 2071 1418 2108 reges
1437 2057 1558 2095 omnia
1578 2054 1654 2092 vult

137 2130 309 2169 custodiis
335 2129 490 2167 cinxisse
519 2142 561 2167 ac
590 2130 772 2180 saepsisse
800 2130 876 2166 sive
901 2129 1063 2180 ipsorum
1091 2127 1277 2164 hominum
1306 2127 1380 2164 sive
1404 2139 1532 2163 canum
1556 2127 1654 2164 fera-

137 2210 241 2244 rum,
270 2209 317 2235 ne
346 2198 427 2246 quis
461 2198 612 2248 propius
642 2199 690 2236 ad
716 2198 787 2234 ista
816 2196 896 2234 loca
920 2195 1094 2233 accedere
1111 2195 1285 2242 auderet,
1315 2195 1404 2232 certi
1424 2194 1511 2244 quid
1533 2195 1580 2232 de
1598 2193 1654 2230 his

136 2268 408 2315 comperturus3
437 2265 599 2315 itemque
618 2265 749 2303 multas
769 2264 911 2302 fabulas
931 2263 1122 2301 horribiles
1143 2263 1451 2313 miraculosasque
1466 2262 1657 2313 sparsisse,

138 2332 272 2381 quibus
291 2331 452 2381 reliquos
474 2333 638 2371 homines
659 2333 873 2384 perterritos
897 2336 1076 2378 arcerent,
1099 2345 1173 2381 quo
1194 2331 1312 2368 minus
1332 2331 1380 2368 ad
1402 2331 1466 2368 has
1487 2331 1657 2380 regiones

138 2399 364 2438 accederent.
403 2399 525 2438 wahl.
553 2400 789 2451 (Erdbeschr.
808 2414 842 2438 v.
864 2400 1012 2438 Ostind.
1032 2411 1118 2450 pag.
1136 2399 1218 2440 488
1238 2396 1367 2449 seqq.)
1398 2398 1570 2449 Gryphos
1589 2410 1657 2448 pro

139 2470 251 2514 gente
278 2465 412 2515 habet,
442 2469 541 2505 cuius
565 2469 673 2506 sedes
694 2469 733 2505 in
750 2468 858 2507 Asiae
874 2466 1170 2518 septentrionalis
1188 2472 1224 2504 et
1241 2466 1425 2505 orientalis
1446 2466 1656 2515 regionibus

138 2533 294 2579 fuerint,
330 2546 500 2586 quaeque
527 2537 586 2573 vix
615 2537 758 2574 diversa
789 2536 835 2573 sit
865 2536 1150 2586 aRiphaeorum
1180 2539 1294 2584 atque
1323 2535 1432 2572 etiam
1459 2534 1658 2583 Hyperbo-

138 2613 281 2638 reorum
303 2607 416 2649 gente
427 2604 476 2654 ²³).
540 2603 582 2641 In
602 2604 735 2642 montis
751 2604 855 2642 Altae·
870 2603 1113 2642 cacuminibus
1129 2602 1210 2640 illos
1226 2602 1408 2640 habitasse
1425 2601 1552 2638 statuit
1580 2600 1656 2650 pri-

187 2772 220 2814 ⁸)
244 2770 304 2804 Sic
335 2781 471 2814 quoque
496 2772 654 2816 Guignes
685 2772 729 2807 de
755 2778 859 2817 gente
889 2772 1073 2806 Tartar-ica
1100 2769 1301 2809 Niu—tchc,
1335 2768 1430 2802 cuius
1454 2771 1549 2801 terra
1574 2778 1657 2801 auro

233 2826 404 2869 abundet,
438 2827 494 2861 hic
528 2829 747 2873 cogitandum
772 2842 847 2863 esse
882 2835 1008 2863 censet.
1058 2827 1188 2870 (Mem.
1215 2825 1257 2859 de
1281 2825 1416 2858 l’Acad.
1443 2824 1476 2857 d.
1498 2824 1657 2868 Inscript-

235 2883 370 2916 XXXV
391 2895 470 2929 pag.
489 2885 556 2920 563
579 2887 668 2930 seq.)
696 2886 800 2926 Quod
818 2897 916 2930 quam
932 2884 1148 2919 temerarium
1165 2882 1231 2924 sit,
1256 2887 1369 2916 monet
1387 2881 1536 2916 Danvill.
1554 2881 1656 2925 (ibid.
