1946 3272
457 199 541 239 166

852 196 1326 237 HERODOTI

454 303 754 362 ἐβδομήκοντα
790 309 863 350 καὶ
904 305 1057 352 ἑκατὸν
1085 307 1276 351 τάλαντα
1306 306 1607 362 προσέφερον·
1653 323 1725 350 νο-

426 377 537 433 6μὸς
577 371 704 428 οὗτος
742 378 939 434 ἕβδομος.
999 377 1085 421 ἀπὸ
1117 377 1307 422 Σούσων
1338 379 1407 431 δὲ,
1447 376 1522 421 καὶ
1550 379 1626 433 τῆς
1654 375 1726 421 ἅλ-

397 533 506 569 quam
537 521 722 569 regionem
741 518 878 555 Noster
902 519 1062 567 ignorat.

397 576 455 613 Ad
474 577 680 613 Gamlarios
700 576 883 624 pertinere
903 575 978 612 vult
1000 589 1060 612 ur-

397 633 478 670 bem
498 633 633 677 Godar,
665 631 712 667 ad
732 631 915 681 Aparytas
934 632 1060 668 urbem

396 689 680 738 Apubmticam,
712 691 904 736 utramque
928 689 973 725 ab
992 689 1060 724 lsi-

396 746 487 781 doro
521 747 756 781 memoratam
796 749 832 780 et
863 744 959 780 intra
991 743 1060 781 Ni-

397 813 517 838 saeam
537 800 666 848 (quam
688 799 842 837 Rennel.
863 800 975 837 habet
994 812 1059 850 pro

395 860 492 893 terra
512 854 741 904 Naisabour)
769 860 808 893 et
828 856 1059 893 Antiochiam

396 913 626 960 Margianam
671 910 809 961 (quam
850 924 918 962 pro
961 916 1061 949 terra

394 968 502 1005 Meru
540 965 683 1016 habet)
721 967 945 1004 collocatam.
1005 967 1060 1004 Ac

395 1025 554 1073 denique
569 1024 698 1061 urbem
720 1023 874 1060 Gandar
904 1024 1060 1061 eandem

394 1081 584 1118 contendit
603 1093 705 1126 esse,
736 1092 830 1129 quae
848 1081 883 1116 in
902 1080 1061 1118 Dscliin-

393 1137 558 1185 gischani
589 1135 740 1173 historia
771 1137 918 1174 nomine
938 1136 1059 1173 Kaen-

395 1193 464 1230 clar
482 1194 610 1230 crebro
631 1192 847 1243 appelletur.
885 1193 944 1231 De
958 1194 1060 1230 Gan-

397 1250 514 1287 darz'z's
547 1247 758 1298 obloquitur
785 1248 956 1287 Larcher.
983 1254 1059 1286 tum

392 1306 429 1344 in
447 1310 522 1344 not.
544 1307 592 1342 ad
615 1306 697 1353 Vll,
718 1307 792 1352 66,
830 1310 906 1343 tum
927 1306 963 1343 in
983 1307 1059 1343 tab.

392 1362 597 1412 geograph.
618 1362 813 1400 Strabonis
833 1363 1059 1413 potissimum

391 1420 440 1456 ob
461 1419 716 1456 auctoritatem
735 1419 804 1456 XV
831 1433 867 1469 p.
893 1421 990 1466 699,
1025 1431 1054 1458 s.

390 1488 428 1526 p.
466 1475 570 1516 1024
591 1474 659 1522 A.,
696 1476 770 1524 qua
800 1475 960 1513 Indicam
990 1489 1059 1526 po-

383 1532 460 1569 tius
489 1535 614 1569 censet
644 1537 792 1580 gentem
815 1545 918 1578 esse,
958 1534 1058 1569 cuius

391 1589 498 1626 sedes
508 1588 556 1625 ad
568 1588 697 1624 Indum
707 1589 854 1625 fluvium
865 1589 936 1625 sint
947 1601 1061 1637 quae·—

389 1644 540 1682 rendae.
562 1643 611 1680 Et
621 1642 740 1681 Wahl.
754 1643 1057 1694 (Erdbeschreib.

389 1701 582 1738 v.Ostind.
602 1712 638 1750 p.
651 1700 730 1741 461
750 1713 805 1750 sq.
825 1701 927 1749 465)
948 1700 1060 1750 longa

390 1756 641 1807 disputatione
699 1757 847 1795 efficere
903 1759 1059 1805 studuit,

391 1814 661 1851 Gandarz’orum
692 1817 842 1862 gentem
873 1814 1060 1851 Gandari-

391 1882 535 1920 camque
553 1870 742 1918 regionem
763 1883 838 1907 non
859 1870 964 1908 aliam
979 1884 1058 1908 esse

390 1930 502 1975 atque
523 1938 602 1964 eam
619 1955 630 1973 ‚
671 1938 780 1974 quam
802 1939 898 1963 nunc
924 1931 1057 1964 vocant

391 1982 539 2020 Kntwer
563 1986 600 2020 et
618 1979 773 2026 Belour;
811 1983 909 2019 cuius
935 1984 1056 2032 gentis

390 2040 508 2076 tribus
541 2039 720 2088 quasdam
749 2039 864 2076 videri
892 2039 1057 2076 Dadicas

390 2099 427 2133 ct
447 2095 654 2146 Aparytas,
703 2100 765 2132 aut
787 2099 886 2133 certe
915 2096 1056 2133 accolas

390 2164 434 2189 ea
451 2152 489 2188 in
509 2152 685 2200 regione,
716 2164 811 2200 quae
832 2164 853 2188 a
874 2152 1056 2190 Bucharia

389 2220 503 2257 parva
544 2221 661 2257 usque
688 2208 735 2244 ad
766 2207 941 2246 'sibetum
969 2221 1056 2260 par-

389 2275 470 2300 vam
505 2265 699 2313 pertineat.
757 2263 880 2314 Ipsum
920 2277 1055 2302 nornen

389 2332 470 2356 cum
489 2320 643 2357 Persicis
676 2322 872 2359 convenire
904 2322 1054 2358 vocibus

389 2375 604 2421 Claudat-er,
636 2376 895 2422 s.Gun‹lc1l-er,
926 2378 1056 2415 Gund-

390 2443 485 2468 ware
501 2461 511 2478 ‚
564 2445 591 2468 s.
633 2433 865 2477 Gandmare,·
923 2434 1054 2482 quibus

389 2488 556 2525 omnibus
579 2487 709 2537 sortem
731 2487 912 2526 hominem
937 2491 1055 2537 signi-

389 2545 488 2581 ficari
527 2556 570 2580 ac
609 2545 815 2580 bellicosum.
891 2545 1055 2582 Dadicas

388 2599 591 2638 Larcherus
609 2601 655 2637 ab
672 2602 814 2638 oriente
825 2601 1054 2647 Bactrianae,

389 2660 426 2694 et
467 2657 514 2694 ab
553 2657 742 2694 occidente
783 2658 1054 2694 Gandariorum

389 2712 640 2750 collocaverat.
680 2712 844 2759 Rectius,
864 2715 1008 2764 opinor,
1028 2715 1053 2751 1.

390 2769 438 2806 (le
478 2770 664 2807 Hammer.
708 2769 879 2816 (Annall.
921 2770 1052 2807 vienn.

388 2824 510 2863 XLVI
541 2839 578 2877 p.
602 2827 681 2868 120
707 2825 787 2863 coll.
810 2825 896 2864 Llll
917 2839 953 2878 p.
977 2827 1052 2876 25)

1118 523 1221 557 trans
1241 520 1375 565 Oxum,
1405 519 1441 556 in
1465 519 1616 567 regione
1637 518 1784 556 Bucha-

1119 589 1172 622 ra,
1192 588 1287 625 quae
1306 589 1402 612 nunc
1423 582 1595 622 vocatur,
1627 588 1649 612 a
1670 579 1782 623 gente

1118 632 1307 669 Tadschik
1337 633 1500 668 habitata
1530 644 1573 669 ac
1599 632 1783 682 primitiva

1118 688 1386 725 Germanorum
1425 689 1565 738 patria,
1617 687 1783 725 collocat.

1119 743 1235 795 [ldem
1262 744 1315 781 vir
1343 744 1471 780 doctus
1503 745 1539 780 in
1559 743 1685 781 iisdem
1706 744 1784 781 An-

1117 800 1258 837 nalibus
1275 801 1386 848 (Vol.
1404 799 1487 836 Llll
1506 812 1591 850 pag.
1612 802 1694 849 25)
1714 801 1781 837 hos

1117 857 1296 902 Λαδίκας
1340 857 1478 893 diserte
1515 857 1782 894 Germanorum

1117 913 1272 949 maiores
1291 913 1388 949 dicit.
1410 910 1492 962 Cr.]
1525 911 1623 949 Add.
1641 914 1781 951 Histor.

1117 968 1269 1005 Osman.
1297 968 1310 1004 l
1340 981 1377 1017 p.
1399 970 1493 1008 616.
1542 968 1596 1005 Ac
1622 970 1782 1018 denique

1117 1024 1326 1061 Maltebrun
1353 1023 1517 1074 (Annali.
1536 1023 1658 1061 Nouv.
1685 1025 1717 1061 11
1738 1037 1781 1075 p.

1119 1082 1214 1121 337.
1244 1081 1365 1128 338),
1409 1080 1472 1129 qui
1515 1080 1583 1117 hae
1620 1082 1784 1131 satrapia

1117 1141 1248 1186 gentes
1260 1136 1437 1173 nomades
1453 1141 1641 1174 montosas
1659 1149 1680 1174 a
1692 1136 1782 1175 Per-

1117 1195 1167 1230 sis
1192 1193 1371 1230 orientem
1394 1197 1430 1230 et
1452 1193 1680 1231 occidentem
1701 1204 1783 1231 ver-

1117 1262 1178 1286 sus
1205 1249 1380 1286 contineri
1416 1249 1700 1299 Gandariosque
1733 1250 1782 1287 ad

1117 1306 1326 1354 Pactyicam
1347 1307 1542 1342 australem
1565 1303 1678 1357 (conf.
1692 1310 1782 1343 nott.

1117 1363 1164 1400 ad
1184 1362 1246 1408 111,
1270 1363 1370 1410 102)
1397 1375 1437 1399 se
1458 1363 1666 1400 extendisse
1689 1362 1780 1409 vult,

1116 1418 1280 1456 Dadicas
1297 1424 1409 1468 atque
1418 1418 1516 1454 Daos
1529 1419 1683 1456 eandem
1699 1432 1780 1457 esse

1116 1476 1312 1512 arbitratur
1329 1479 1500 1524 gentem,
1538 1487 1634 1524 quae
1664 1480 1780 1513 terras

1116 1532 1286 1569 Bactriae
1307 1532 1440 1568 vicinas
1460 1532 1614 1569 tenuerit
1621 1561 1634 1578 ,
1675 1536 1781 1570 ante-

1117 1601 1227 1637 quam
1245 1587 1293 1625 ad
1313 1588 1488 1638 Caspium
1520 1600 1620 1625 mare
1646 1589 1781 1637 migra-

1116 1644 1222 1681 verit.
1252 1647 1335 1694 Apa
1342 1647 1441 1694 rytas
1453 1643 1689 1693 probabiliter
1699 1657 1781 1683 esse

1117 1704 1226 1751 putat
1244 1701 1420 1750 Paryatas
1438 1700 1658 1747 Ptolemaei3
1691 1701 1783 1739 Sat-

1116 1757 1277 1808 tagydas
1301 1768 1386 1795 vero
1407 1770 1555 1808 prorsus
1577 1758 1751 1806 ignorari.

1174 1843 1295 1896 νομὸς
1317 1840 1434 1893 οὗτος
1455 1845 1647 1898 ἕβδομος]
1686 1848 1780 1885 Post

1115 1900 1234 1953 νομὸς
1259 1916 1340 1940 cum
1363 1904 1566 1953 Schweigh.
1589 1909 1624 1942 et
1646 1904 1778 1950 Gaisfi,

1115 1960 1230 1997 abieci
1252 1956 1324 2006 δὲ,
1344 1960 1444 2009 quod
1463 1960 1573 2009 vulgo
1595 1961 1779 1998 adiectum

1114 2020 1171 2054 est
1195 2016 1368 2066 quodque
1387 2017 1536 2054 retinuit
1554 2017 1686 2054 Matth.

1172 2090 1250 2134 οἷπὸ
1292 2090 1465 2134 Σούσων
1503 2093 1570 2143 δὲ,
1601 2094 1667 2135 καὶ
1707 2098 1778 2147 τῆς

1115 2148 1234 2200 ἄλλης
1260 2152 1438 2190 Κισσίων
1471 2147 1628 2204 χώρης]
1671 2152 1777 2190 Haec

1113 2210 1369 2259 praefectura,
1423 2209 1600 2246 ambitum
1631 2209 1661 2245 si
1691 2221 1776 2259 spe-

1113 2270 1213 2311 ctes,
1270 2269 1356 2315 post
1402 2263 1580 2313 Lydicam
1627 2265 1775 2302 minima

1113 2321 1202 2367 suit,
1239 2322 1458 2359 observante
1476 2319 1630 2358 Rennel.
1654 2320 1677 2357 l.
1694 2320 1715 2357 1.
1736 2334 1774 2372 p.

1113 2377 1207 2417 499.
1255 2377 1578 2427 Complectebatur
1608 2388 1689 2414 eam
1716 2390 1775 2415 re-

1113 2435 1279 2481 gionem,
1338 2445 1433 2481 quae
1483 2444 1578 2469 nunc
1625 2438 1776 2471 vocatur

1114 2490 1318 2535 Cliuse'stan,
1350 2488 1587 2536 Babyloniae,
1613 2489 1774 2538 Mediae,

1112 2545 1253 2582 Persidi
1276 2551 1313 2583 et
1335 2545 1478 2582 Persico
1498 2545 1590 2582 sinui
1609 2546 1775 2593 vicinam,

1111 2613 1184 2638 una
1201 2615 1280 2638 cum
1301 2600 1426 2646 Susis,
1466 2614 1559 2649 quae
1581 2603 1688 2640 sedes
1706 2604 1774 2640 suit

1110 2660 1222 2705 regia.
1262 2658 1318 2693 Cf.
1344 2657 1421 2701 Ul,
1444 2660 1507 2698 62.
1535 2659 1586 2698 86
1617 2664 1654 2696 et
1672 2659 1774 2697 Hee-

1110 2724 1185 2750 ren.
1210 2712 1319 2750 lileen
1352 2713 1385 2758 1,
1423 2715 1440 2751 1
1466 2726 1552 2763 pag.
1584 2717 1666 2757 299
1693 2727 1771 2765 seq.

1111 2770 1217 2813 Quae
1239 2770 1322 2806 olim
1343 2770 1410 2806 suit
1432 2774 1528 2807 terra
1554 2771 1772 2809 fertilissima

1109 2838 1153 2863 ac
1177 2826 1421 2874 feracissima,
1458 2838 1502 2864 ea
1524 2839 1621 2866 nunc
1645 2829 1771 2866 deser-
