1946 3272
625 208 972 250 THALIA.
1033 209 1096 249 111.
1420 219 1501 258 147

227 324 318 368 οἶδε
346 322 480 367 καλὸν
508 318 658 367 οὐδὲν,
699 316 801 362 οὐδ’
834 317 1028 375 οἰκὴϊον;
1069 316 1201 365 ω’θέει
1229 335 1274 362 τε
1304 319 1502 375 ἐμπεσών

223 394 278 438 τοὶ
333 391 562 448 πρήγματα
628 389 735 435 ἄνευ
799 390 943 441 νόου,

1026 387 1246 447 χειμάῤῥῳ
1315 397 1500 449 ποταμῷ

223 468 387 515 ’ίκελοςς
415 460 552 520 Δήμῳ
584 461 663 517 μέν
692 479 800 516 νυν,
835 466 879 507 οἳ
911 463 1108 519 Πέρσῃσι
1137 461 1278 505 κακόν
1307 462 1501 514 νοέουσι,

194 541 216 578 4
226 532 347 581 οὗτοι
384 531 604 589 χράσθων.

674 531 798 589 ἡμεῖς
839 534 885 577 δὲ
897 566 908 582 ,

964 531 1144 588 ἀνδρῶν
1183 536 1274 577 τῶν
1313 531 1504 589 ἀρίστων

221 605 484 657 ἐπιλέξαντες
508 602 704 661 ὁμιλίην,
736 604 936 649 τούτοισι
954 605 1228 660 περιθέωμεν
1247 603 1295 648 τὸ
1319 604 1557 659 κράτος“65

190 678 272 721 δέν
300 676 382 732 γὰρ
418 673 470 730 δὴ
500 674 698 718 τούτοισι
726 677 802 720 καὶ
832 676 960 720 αὐτοὶ
996 673 1247 730 ἐνεσόμεθα.
1308 674 1501 732 ἀρίστων

218 748 264 793 δὲ
286 746 464 802 ἀνδρῶν
496 745 613 797 οἰκὸς
636 745 794 801 ἄριστα
815 746 1095 804 βουλεύματα
1119 748 1358 802 γίνεσθαι.“
1408 751 1500 792 Με-

92 822 157 868 82
214 818 404 877 γάβυζος
433 817 513 873 μὲν
543 818 596 873 δὴ
626 817 790 876 ταύτην
819 819 1000 876 γνώμην
1023 818 1212 874 ἐσέφερε.

216 895 406 946 Δαρεῖος
434 887 719 947 ἀπεδείκνυτο
750 890 952 946 γνώμην,
983 890 1121 945 λέγων
1141 906 1149 915 ·

1209 887 1363 945 ,,Ἐμοὶ
1386 889 1500 934 δὲτὰ
1515 896 1559 931 70

214 962 294 1018 μὲν
324 960 414 1006 εἶπε
443 960 704 1018 Μεγάβυζος
745 965 788 1015 ές
828 962 875 1006 τὸ
916 966 1089 1018 πλῆθος
1130 960 1307 1017 ἔχοντα,
1359 960 1502 1006 δοκέει

217 1032 368 1089 ὀρθῶς
407 1033 545 1086 λέξαι·

612 1034 665 1077 τὰ
706 1031 746 1078 δ’
791 1032 833 1084 ἐς
875 1030 1156 1087 ὀλιγαρχίην,
1210 1028 1293 1074 οὐκ
1341 1029 1500 1087 ὀρθῶς,

187 1109 373 1161 2Τριῶν
412 1104 497 1162 γάρ
544 1106 867 1162 προκειμένων,
918 1103 993 1147 καὶ
1040 1103 1220 1146 πάντων
1261 1106 1351 1145 τῶν
1389 1103 1499 1159 λέγω

217 1176 408 1232 ἀρίστων
436 1177 621 1230 ἐόντων,
653 1175 796 1234 δήμου
823 1191 868 1219 τε
899 1173 1104 1230 ἀρίστου,
1135 1173 1209 1216 καὶ
1238 1170 1502 1230 ὀλιγαρχίης,

219 1290 342 1333 ὠθέει
367 1308 407 1333 τε
440 1291 623 1344 ἐμπεσών
646 1290 694 1332 τοὶ
724 1288 827 1345 πρή-

159 1367 286 1404 γματα
310 1348 408 1390 ἄνευ
429 1347 542 1401 νόου]
573 1351 594 1389 i.
615 1365 646 1389 e.
661 1353 755 1400 „qui
767 1351 828 1387 ‹le-

155 1412 317 1459 properet
337 1410 483 1457 negotia
504 1422 580 1445 cum
601 1410 732 1459 impetu
751 1410 827 1444 sine

160 1469 272 1503 mente
296 1467 438 1502 irruens
447 1495 459 1512 ,
491 1466 539 1502 de
569 1465 699 1516 plebe,
731 1477 827 1514 quae

160 1524 198 1561 in
221 1536 278 1560 res
299 1522 461 1573 publicas
486 1523 694 1560 tractandas
716 1523 746 1558 si
766 1523 824 1558 in-

161 1580 311 1626 ciderit,
341 1580 464 1616 omnia
488 1592 648 1630 propere
672 1578 826 1627 transigi

162 1640 375 1685 temereque
414 1636 543 1673 confici
580 1636 674 1673 velit.
755 1636 828 1672 Hic

163 1694 259 1731 enim
281 1693 518 1741 cogitandum
546 1693 593 1730 de
620 1693 828 1730 temeritate

161 1749 376 1787 concionum
402 1749 625 1786 Graecarum
645 1754 683 1786 et
705 1753 828 1785 orato-

160 1819 238 1843 rum
257 1806 397 1855 impetu
408 1806 616 1853 temerario,
629 1810 668 1842 ut
687 1806 828 1842 dudum

160 1863 301 1900 monuit
320 1862 498 1900 Valcken.

217 1914 418 1972 χειμάρρῳ
464 1919 632 1971 ποταμῷ
672 1915 827 1969 ἴκελος]

160 1975 349 2025 Frequens
380 1976 470 2013 haec
491 1976 614 2024 imago
636 1975 735 2025 apud
765 1987 829 2011 ve-

160 2036 256 2070 teres
277 2033 469 2083 reperitur.
507 2032 590 2070 Vid.
613 2032 765 2068 Homer.
788 2030 827 2068 11.

161 2088 208 2136 II,
240 2088 332 2130 144.
399 2089 480 2127 Alia
511 2090 559 2126 ad
589 2089 624 2126 h.
654 2087 675 2127 l.
708 2087 829 2124 attulit

161 2145 337 2184 VaIcken.
377 2145 547 2197 Sophocl.
573 2145 699 2194 Antig.
731 2147 827 2186 727.

162 2202 279 2240 Cicer.
301 2216 369 2253 pro
389 2203 512 2240 Plane.
535 2202 572 2244 4.
593 2205 640 2248 6·,
662 2214 729 2252 pro
743 2201 829 2238 Mu-

161 2271 260 2298 raen.
285 2263 359 2306 173
379 2273 446 2311 pro
459 2259 588 2296 Milon.
603 2261 649 2304 23
672 2259 720 2295 de
741 2271 828 2308 pro-

161 2316 254 2353 vinc.
291 2316 443 2354 consuli.
481 2319 547 2368 16.
586 2316 827 2354 Demosthen.

163 2377 276 2410 contr.
296 2374 426 2411 Aesch.
448 2373 527 2411 fais.
549 2373 620 2422 leg.
642 2385 728 2422 pag.
745 2373 825 2412 383

163 2428 302 2476 Reisk„
319 2443 428 2479 quem
447 2429 580 2478 locum,
599 2430 728 2466 eodem
750 2442 828 2465 mo-

165 2490 275 2524 nente
295 2487 486 2534 Valcken„
504 2486 606 2524 multi
634 2491 718 2537 post
746 2486 828 2522 imi-

166 2543 281 2580 tando
313 2549 581 2594 expresserunt.
613 2564 668 2570 -
698 2543 830 2589 „Pro

167 2596 259 2635 clum
291 2600 321 2635 si
348 2601 474 2637 audias
502 2601 560 2638 hic
583 2599 681 2649 vulgi
710 2599 828 2648 magis

168 2653 355 2703 imperium
386 2657 543 2694 describi
573 2657 686 2703 dicas,
718 2669 829 2705 quam

168 2710 304 2759 populi.
350 2712 408 2749 lta
431 2714 525 2751 enim
545 2713 630 2751 ille
622 2726 658 2749 m
684 2713 829 2750 Platon.

168 2764 290 2803 Alssib·
313 2780 368 2817 pr
383 2771 431 2810 18
451 2783 486 2820 p-
499 2771 569 2811 57·
598 2768 642 2809 O
664 2766 736 2820 μὲν
754 2784 828 2821 γαρ

169 2817 300 2873 δῆμος
319 2822 398 2862 ἔστι
417 2823 517 2876 πρός
538 2822 650 2865 έαυτὸ
668 2823 830 2865 συνδεό-

169 2891 313 2930 μενον·
335 2877 427 2919 ὁδὲ’
418 2877 525 2932 όχλος
538 2881 828 2935 διεσπασμένον

883 1293 1064 1342 πλῆθος·
1097 1287 1200 1332 ὅθεν
1233 1288 1282 1342 δὴ
1312 1289 1380 1330 καὶ
1400 1289 1443 1330 έν
1470 1293 1557 1337 ταῖς

884 1350 1101 1396 πολιτείαις
1150 1347 1358 1399 διαφέρειν
1396 1345 1557 1399 λέγουσι

883 1421 961 1457 την
983 1402 1243 1457 ὀχλοκρατίαν
1265 1407 1336 1456 τῆς
1358 1405 1558 1455 δημοκρα-

883 1464 988 1510 τίας”
1021 1462 1103 1503 ε’στι
1127 1459 1203 1516 γάρ
1229 1478 1255 1513 η
1293 1459 1367 1513 μὲν
1391 1458 1558 1508 α’τακτος

883 1519 953 1559 καὶ
971 1535 1207 1589 παρανομος
1224 1517 1292 1558 καὶ
1302 1515 1550 1570 πλημμελής,

884 1594 909 1629 η
935 1575 976 1617 δὲ
994 1573 1075 1617 ὑπὸ
1102 1580 1180 1616 τῶν
1211 1572 1349 1626 νόμων
1371 1574 1555 1627 τεταγμέ-

885 1650 950 1685 νη.
1007 1635 1083 1672 Ubi
1109 1634 1216 1685 plura
1241 1633 1429 1684 adposui
1422 1646 1459 1670 ln
1481 1633 1554 1670 imo

884 1692 1094 1740 margine.“
1127 1689 1195 1727 Cr.

944 1743 1071 1799 Δήμῳ
1094 1745 1166 1797 μέν
1193 1761 1281 1791 νυν,
1314 1746 1354 1785 οἳ
1375 1743 1557 1798 Πέρσῃσι

885 1819 920 1843 κ.
938 1820 969 1843 τ.
987 1803 1035 1854 λ.]
1068 1804 1180 1841 Haud
1205 1803 1312 1840 aliter
1328 1804 1404 1840 fere
1422 1802 1556 1839 Fabri-

885 1862 975 1908 cius,
1006 1861 1161 1898 Cineam
1182 1860 1228 1897 de
1246 1859 1396 1909 Epicuri
1419 1858 1558 1895 doctri-

885 1931 934 1955 na
956 1918 1196 1955 disserentem
1218 1917 1383 1962 audiens,
1402 1915 1557 1963 utinam,

883 1975 1023 2024 inquit,
1054 1974 1141 2011 talia
1167 1978 1316 2020 curent,
1346 1973 1407 2021 qui
1430 1971 1555 2010 hostes

885 2033 957 2068 sint
978 2031 1104 2081 populi
1124 2031 1297 2076 Romani,
1328 2028 1491 2078 Pyrrhus
1513 2042 1557 2066 ac

884 2089 1081 2125 Samnites,
1111 2087 1193 2124 Vid.
1219 2086 1405 2124 Plutarch.
1426 2085 1555 2134 Pyrrh.

885 2148 951 2185 20.
988 2167 1042 2172 --
1084 2143 1143 2180 Ad
1173 2144 1327 2180 sormam
1362 2138 1555 2193 χράσθων

885 2201 981 2239 conf.
1014 2200 1146 2239 Matth.
1180 2198 1217 2250 ὅ.
1245 2201 1341 2245 203,
1365 2201 1391 2240 4
1414 2212 1450 2248 p.
1470 2198 1553 2240 375

886 2263 924 2296 et
937 2258 985 2294 ad
1004 2255 1254 2308 περιθέωμεν
1270 2255 1359 2293 ibid.
1372 2254 1406 2307 ξ.
1420 2257 1516 2301 212,
1528 2257 1552 2294 9

885 2328 970 2365 pag.
989 2314 1084 2355 402.
1150 2312 1210 2350 De
1237 2313 1336 2350 verbi
1368 2312 1555 2361 significa-

885 2372 987 2409 tione
1020 2371 1115 2408 conf.
1140 2370 1170 2416 Ι,
1201 2372 1292 2410 129.
1319 2391 1376 2396 --
1413 2369 1456 2405 In
1481 2369 1555 2405 fine

885 2441 965 2478 cap.
1003 2441 1085 2465 cum
1117 2431 1272 2464 recentt.
1310 2426 1396 2464 edd.
1428 2425 1554 2477 scripsi

887 2480 1000 2531 οἰκός
1020 2498 1088 2536 pro
1111 2478 1230 2530 εἰκός.

1058 2541 1167 2590 Cap
1196 2539 1384 2578 LXXXII.

950 2597 1089 2649 Τρίτος
1119 2594 1162 2636 δὲ
1187 2600 1360 2647 Δαρεῖος
1392 2610 1427 2634 κ.
1450 2610 1482 2633 τ.
1503 2592 1553 2644 λ.]

888 2655 996 2699 Quae
1019 2658 1223 2704 sequuntur
1254 2652 1446 2703 exscripsit
1466 2651 1555 2686 Sto-

887 2713 1001 2750 baeus
1023 2710 1101 2748 Tit.
1121 2709 1273 2756 XLVII,
1292 2713 1346 2750 24
1367 2722 1402 2758 p.
1424 2709 1505 2748 325
1526 2719 1553 2742 s,

886 2783 923 2820 p.
943 2771 1025 2809 300
1049 2767 1097 2805 Τ.
1114 2767 1148 2804 11
1171 2766 1288 2803 Gaisf.
1343 2764 1404 2802 Ad
1423 2762 1552 2800 verba:

886 2826 928 2872 ἐς
948 2822 993 2864 τό
1012 2826 1174 2873 πλῆθος
1193 2821 1331 2873 ἔχοντα
1349 2820 1444 2858 conf.
1457 2820 1550 2855 nott.

886 2882 935 2921 ad
953 2881 1018 2929 111,
1039 2882 1089 2922 16
1109 2880 1171 2918 fin.

1192 2936 1244 2975 10
1257 2932 1274 2951 ⁴¹

1277 819 1433 874 Τρίτος
1455 819 1501 862 δὲ
1558 808 1669 870 Βιᾶῶἰὲιιε
1713 810 1835 838 Monar-
