1863 3256
417 139 501 179 436

815 136 1277 177 HERODOT1

420 244 632 301 Οἰόβαζος
662 247 890 302 περιχαρὴς
919 241 995 301 ἦν,
1035 246 1216 299 ἐλπίζων
1255 243 1359 294 τούς
1395 242 1514 294 υἱέας
1549 255 1672 298 στρα-

418 318 538 372 τηΐης
577 314 889 359 ἀπολελύσθαι·
932 315 956 358 ὁ
987 316 1032 358 δὲ
1061 315 1251 358 ἐκέλευσε
1281 311 1385 363 τούς
1419 315 1730 364 ἐπεστεῶταςέο

419 386 670 430 ἀποκτεῖναι
725 384 892 434 πάντας
938 383 1044 436 τούς
1097 383 1310 439 Οἰοβάζου
1359 385 1527 435 παῖδας,

1601 385 1675 426 καὶ

419 451 543 500 οὗτοι
572 455 651 509 μὲν
682 453 1024 509 ἀποσφαγέντες,
1057 453 1193 498 αὐτοῦ
1222 454 1355 510 ταύτῃ
1388 454 1599 497 ἐλίποντο.

529 529 716 577 Δαρεῖος
759 525 805 568 δὲ
843 525 933 567 ἐπεί
971 541 1015 568 τε
1054 525 1352 580 πορευόμενος
1397 524 1444 567 έκ
1484 522 1676 567 Σούσων

336 803 613 860 ῗ,2Έλληνές
659 818 769 861 φασι
812 803 934 848 εἶναι.

531 965 639 1015 Cap.
664 962 846 1001 LXXXV.

417 1023 488 1072 τῆς
537 1020 809 1071 Καλχηδονίης
844 1018 908 1058 ἐπὶ
951 1015 1017 1057 τὸν

365 1075 592 1128 Βόσπορον]
630 1077 739 1113 conf.
768 1075 837 1120 lV,
867 1076 921 1117 83
950 1076 1019 1112 ibi-

363 1148 434 1184 que
454 1139 546 1171 nott.
559 1155 606 1162 -—-
639 1132 697 1170 De
713 1132 807 1180 loeo,
825 1132 886 1169 ubi
904 1136 1018 1183 ponte

363 1192 567 1242 Bosporum
593 1190 708 1227 iunxit
732 1188 889 1235 Darius,
922 1189 1018 1226 dice-

365 1260 444 1284 mus
465 1248 512 1284 ad
531 1245 602 1292 IV,
631 1247 697 1287 87.

421 1301 485 1341 ε’πὶ
522 1297 593 1347 τοὶς
622 1298 804 1346 Κυανέας
831 1298 1017 1350 καλευμέ-

366 1357 467 1409 νας]
504 1357 584 1395 Nec
603 1357 814 1394 Herodotus
830 1369 899 1394 nec
917 1357 1018 1405 quis-

365 1428 474 1464 quam
493 1414 582 1451 alius
604 1413 843 1461 antiquiorum
865 1413 1019 1463 scripto-

364 1483 441 1508 rum
492 1470 652 1519 Cyaneas
708 1473 816 1505 vocat
868 1469 1019 1513 insulas,

363 1525 489 1576 quales
547 1528 794 1562 memorarunt
849 1529 1020 1573 posterae

362 1581 493 1619 aetatis
525 1581 732 1630 scriptores.
771 1580 869 1616 Saxa
895 1584 979 1617 sunt
999 1593 1019 1618 e

327 1649 330 1652 ·
362 1638 453 1675 mari
500 1636 765 1687 prominentia3
832 1636 880 1672 ad
919 1648 1019 1673 oram

365 1693 475 1731 Asiae
502 1698 615 1742 atque
642 1691 812 1742 Europae
837 1692 907 1729 sita
933 1696 1020 1730 ante

365 1750 594 1800 Bosporum,
623 1748 695 1797 qua
710 1748 850 1785 Pontus
876 1748 913 1785 in
936 1761 1019 1786 eum

363 1806 485 1843 intrat.
515 1806 573 1843 Cf.
593 1804 726 1841 Strabo
745 1804 812 1840 V11
832 1817 918 1854 pag.
937 1806 1018 1845 319

365 1874 393 1898 s.
424 1859 518 1902 492.
555 1860 676 1898 Schol.
702 1859 868 1911 Apollon.
897 1861 1019 1899 Rhod.

364 1917 422 1963 ΙΙ,
458 1918 541 1958 320
569 1930 646 1965 seq.
675 1916 756 1957 559
782 1929 886 1966 seqq.
942 1917 1019 1954 Eu-

365 1973 473 2010 stath.
503 1972 553 2009 ad
581 1972 733 2022 Dionys.
763 1972 904 2022 Perieg.
939 1972 1019 2015 140

363 2043 400 2080 p.
427 2031 499 2069 111
516 2058 528 2075 ‚
559 2032 584 2069 7
605 2041 685 2078 sqq.
708 2030 766 2066 ed.
784 2028 1019 2079 Bernhardy3

365 2098 413 2123 ne
437 2084 555 2136 plura.
586 2084 833 2122 Vid.Krusel.
847 2084 868 2122 Ι.
888 2098 923 2136 p.
937 2088 962 2127 7
982 2090 1020 2123 et

363 2141 535 2192 Append.
554 2154 641 2192 pag.
668 2141 718 2182 15
738 2154 830 2190 seq.‚
850 2142 912 2179 ubi
932 2141 1020 2178 Vul-

365 2197 467 2233 cania
489 2197 669 2246 quaedam
689 2198 839 2247 vestigia
863 2198 901 2234 in
919 2198 1020 2234 insu-

364 2252 406 2288 lis
426 2252 493 2289 illis
514 2252 626 2291 latere
647 2254 838 2300 existimat,
868 2266 958 2303 quas
981 2255 1018 2291 in

365 2307 655 2356 Argonautarum
676 2310 784 2347 rebus
794 2311 947 2347 maxime
960 2319 1017 2348 ce-

364 2363 541 2410 lebratas,
573 2364 733 2414 Cyaneas
753 2366 823 2403 dici
844 2378 865 2402 a
883 2365 1016 2412 colore,

364 2432 472 2468 quem
490 2420 628 2457 eminus
642 2421 833 2470 praebent,
854 2427 890 2459 et
904 2421 1016 2458 Plan-

364 2477 450 2512 ctas·
470 2488 499 2512 s.
529 2475 706 2512 Errantes
734 2481 770 2514 et
803 2476 1015 2527 Symplega-

364 2531 443 2578 des,
473 2532 572 2580 quod
603 2531 720 2568 collidi
747 2534 884 2569 eminus
915 2534 1014 2570 vide-

361 2592 505 2633 rentur,
543 2588 630 2624 satis
655 2592 811 2625 constat.
850 2588 907 2625 De
934 2590 1015 2637 qui-

362 2643 428 2680 bus
444 2643 692 2693 copiosissime
708 2644 782 2693 egit
796 2644 831 2681 T
833 2644 1013 2681 zsehucke

358 2699 407 2736 ad
427 2698 512 2737 Mel.
537 2699 588 2736 11.
619 2703 644 2740 7
663 2705 758 2737 nott.
783 2713 910 2749 exegg.
933 2700 1012 2736 Vol.

353 2754 405 2791 ΙΙΙ
437 2754 479 2792 Ρ.
509 2756 542 2791 Π
569 2768 607 2805 p.
641 2756 796 2796 574-
830 2758 911 2797 577
931 2755 1008 2794 con.

421 596 597 640 απίκετο
637 597 713 649 τῆς
753 596 1053 650 Καλχηδονίης
1091 595 1160 638 ἐπὶ
1198 596 1277 640 τόν
1314 594 1566 649 Βόσπορον,
1602 594 1674 637 ἵνα

211 680 228 698 e
296 613 363 730 ἐὲξιζ
419 667 587 718 ἔζευκτο
626 663 654 719 ἡ
689 663 884 720 γέφυρα,
929 666 1133 709 ἐνθεῦτεν
1170 665 1298 722 ἐσβὰς
1337 667 1378 716 ἐς
1415 665 1514 713 νέα
1559 665 1729 708 ἒπλεε55

131 746 149 764 ¹¹
187 746 322 862 ¹¹⁰⁰⁰n
311 745 361 840 ,ΣΞ
419 751 485 778 επι
507 750 584 784 τας
602 734 800 786 Κυανέας
819 735 1104 790 καλευμένας,
1133 752 1210 786 τας
1227 736 1440 790 πρότερον
1458 733 1676 790 πλαγκτας

1011 805 1209 861 εζόμενος
1256 807 1301 849 δὲ
1351 806 1419 849 ἐπὶ
1464 809 1525 861 τῷ
1573 807 1675 860 ἱρῷ,

1073 962 1286 1012 Bernhardy
1325 963 1372 999 ad
1406 961 1557 1012 Dionys.
1587 961 1728 1011 Perieg.

1077 1017 1156 1060 144
1176 1031 1260 1085 pag.
1280 1018 1360 1059 558
1381 1031 1458 1067 seq.

1126 1071 1310 1126 εζομενος
1319 1072 1388 1113 δε
1371 1089 1435 1113 επι
1444 1089 1497 1112 τω
1482 1072 1595 1126 ἱρῷ]
1610 1072 1730 1110 Pauw.

1074 1131 1147 1180 legi
1173 1131 1286 1168 voluit
1316 1129 1380 1169 ἐπὶ
1400 1132 1456 1183 τῷ
1476 1130 1570 1181 ρίῳε
1600 1131 1729 1179 inpro-

1074 1189 1240 1224 montano
1261 1200 1325 1225 seu
1350 1189 1475 1224 vertice
1498 1185 1728 1237 Cyanearum.

1073 1244 1309 1281 Valckenaer.
1371 1244 1441 1288 (cui
1488 1241 1729 1292 adstipulatur

1075 1300 1262 1338 Gatterer.
1302 1299 1337 1336 Τ
1340 1300 1482 1336 hracien
1520 1297 1612 1336 nach
1651 1298 1729 1336 He-

1074 1357 1153 1393 rod.
1176 1369 1210 1392 u.
1231 1355 1266 1392 T
1269 1355 1397 1405 hucyd.
1415 1368 1499 1405 pag.
1519 1355 1614 1400 145)
1640 1366 1728 1391 con-

1074 1412 1157 1450 iecit
1173 1410 1236 1451 ἐπὶ
1258 1413 1313 1464 τῷ
1339 1411 1471 1464 infigo:
1503 1410 1660 1459 (sedens)
1691 1412 1728 1447 in

1076 1468 1235 1504 tabulato
1256 1469 1377 1514 ηαυιέ,
1407 1468 1458 1504 ita
1477 1472 1516 1504 ut
1535 1467 1669 1504 Darius
1691 1467 1727 1503 in

1074 1524 1188 1574 puppi
1205 1525 1302 1560 iuxta
1320 1524 1419 1560 navis
1438 1523 1651 1572 magistrum
1671 1535 1728 1560 se-

1077 1580 1175 1617 disse
1196 1583 1356 1630 putetur,
1379 1592 1457 1616 cum
1473 1581 1582 1629 νηῶν
1606 1577 1727 1629 ἴκρια,

1076 1635 1258 1682 Homero,
1298 1635 1400 1682 aliis,
1440 1635 1512 1673 sint
1539 1631 1586 1674 τοὶ
1615 1646 1729 1674 σανι-

1077 1686 1239 1743 δώματα
1276 1693 1357 1730 τῶν
1393 1692 1552 1731 πλοίων.
1604 1689 1728 1741 Atque

1075 1749 1127 1786 ita
1168 1761 1257 1786 sane
1290 1744 1337 1786 τοὶ
1366 1747 1472 1800 ἴκρια
1502 1748 1639 1797 Odyss.
1663 1747 1729 1794 111,

1076 1804 1168 1845 353.
1198 1804 1298 1851 ΧΙΙῘ,
1326 1806 1392 1844 73.
1420 1805 1560 1843 Herod.
1578 1805 1632 1851 V,
1664 1805 1728 1845 16.

1075 1859 1192 1898 Nobis
1216 1865 1381 1898 neutrum
1405 1860 1536 1911 placet.
1566 1859 1730 1898 Namin-

1073 1915 1310 1966 telligendum
1331 1917 1427 1954 Iovis
1444 1915 1548 1964 Uni,
1575 1916 1638 1966 qui
1662 1928 1728 1953 vo-

1074 1977 1196 2021 eatur,
1226 1972 1421 2023 templum,
1450 1973 1551 2023 quod
1581 1972 1727 2010 omnino

1074 2024 1165 2067 κατ’
1193 2026 1332 2080 ἐξοχήν
1358 2030 1491 2067 dicitur
1521 2025 1628 2080 ἴρὸν,
1656 2028 1728 2066 cla-

1074 2085 1252 2122 rissimum
1284 2085 1371 2123 illud
1404 2086 1550 2135 quidem
1579 2086 1616 2123 in
1647 2084 1727 2122 loco

1072 2142 1289 2192 prominenti
1337 2142 1466 2189 situm,
1511 2142 1608 2179 unde
1653 2140 1727 2178 late

1073 2202 1198 2247 pateat
1232 2199 1268 2234 in
1307 2198 1460 2234 Pontum
1505 2201 1725 2248 prospectus

1073 2251 1160 2300 „Td
1183 2250 1306 2304 ἷρόν“
1336 2255 1387 2290 ait
1409 2253 1622 2302 VVesseling.
1650 2253 1725 2299 „ad

1074 2321 1114 2346 os
1142 2309 1251 2347 Ponti
1281 2314 1382 2355 erat,
1411 2310 1487 2347 sive
1515 2306 1625 2359 παρα
1655 2305 1725 2354 τοὶς

1072 2363 1237 2416 ἐκβολὰς
1264 2367 1336 2403 τοῦ
1358 2361 1519 2404 Πόντου
1545 2366 1580 2401 in
1601 2364 1723 2402 Philo-

1073 2426 1175 2458 strat.
1208 2422 1281 2458 vit.
1309 2420 1472 2470 Sophist.
1504 2421 1539 2465 l,
1569 2422 1645 2467 34,
1686 2424 1722 2461 1.

1070 2476 1127 2514 Ad
1164 2478 1261 2514 idem
1297 2489 1337 2513 os
1361 2473 1457 2527 πρὸς
1481 2479 1536 2530 τῷ
1565 2473 1722 2527 στόματι

1070 2535 1142 2570 τοῦ
1178 2528 1338 2571 Πόντου
1365 2533 1565 2582 Cyaneae
1597 2533 1721 2570 Strab.

1070 2589 1135 2624 Vll
1161 2601 1243 2638 pag.
1273 2589 1418 2628 3191).
1445 2602 1473 2625 ε.
1497 2590 1578 2630 492
1608 2588 1721 2639 [Add.

1068 2643 1208 2681 Arrian.
1258 2644 1390 2695 Peripl.
1432 2645 1538 2682 Pont.
1578 2644 1614 2697 §.
1653 2646 1720 2687 25.

1069 2701 1129 2737 fin.
1157 2705 1192 2738 et
1225 2701 1341 2737 Αιιοη.
1371 2701 1399 2737 11
1442 2699 1575 2751 Peripl.
1612 2700 1719 2738 Pont.

1067 2756 1157 2794 Eux.
1198 2755 1235 2806 ἓ.
1273 2759 1326 2796 23
1374 2756 1439 2806 (T.
1480 2757 1529 2793 ΙΙΙ
1567 2770 1602 2807 p.
1636 2758 1719 2798 232
