1863 3256
472 233 1030 272 MELPOMENE.

106 341 162 387 40‘
192 344 238 387 δὲ
268 343 464 401 ἀμείβετο
494 345 652 400 λέγων·

138 413 215 469 ρός
243 431 287 458 τε
316 414 401 472 ἤδη
429 417 534 473 εἰμὶ,
565 417 638 460 καὶ
668 414 809 471 βαρύς
840 412 1087 470 ἀείρεσθαι·

138 488 274 529 τῶνδε
313 489 403 530 τῶν
441 485 666 540 νεωτέρων
703 488 849 531 κέλευε
887 491 1024 531 ταῦτα
1056 487 1260 530 ποιέειν.“

1092 236 1156 272 ¹V-
1327 243 1410 282 539

708 342 840 399 „¹Eyai
872 343 972 399 μὲν,
1004 337 1146 396 ὦναξ,
1179 347 1407 400 πρεσβύτε-

1148 413 1203 457 σῦ
1235 414 1281 458 δέ
1313 433 1410 460 τινα

1321 487 1411 542 ἅμα

138 572 183 599 τε
221 556 334 611 ἔλεγε
370 561 530 609 ταῦτα,
572 559 641 601 καὶ
678 558 872 602 ἐδείκνυε
903 558 945 609 ἐς
978 559 1055 601 τόν
1084 556 1268 601 Βάττον.
1313 557 1410 601 τότε

110 627 221 683 ῦμὲν
256 631 459 670 τοσαῦτα.
517 628 623 683 μετοὶ
662 630 709 672 δὲ
748 629 1036 682 ἀπελθόντες,
1079 629 1261 686 ἀλογίην
1291 627 1409 685 εἶχον

136 701 218 741 τοῦ
245 700 531 754 χρηστηρίου,
565 700 663 742 οὔτε
692 699 866 757 Λιβύην
892 701 1096 753 εἰδότες
1081 703 1190 745 όκου
1218 704 1298 757 γῆς
1328 702 1435 757 εἴη,1

136 768 236 812 οὔτε
266 773 508 823 τολμῶντες
536 787 579 820 ες
609 769 776 827 ἀφανὲς
805 776 950 829 χρῆμα
973 772 1251 817 ἀποστέλλειν
1279 771 1408 817 ἀποι-

79 1015 162 1053 Hoc
185 1029 272 1054 vero
295 1016 488 1062 miramur,
527 1027 621 1064 quae
640 1014 744 1063 regio

78 1077 133 1109 tot
160 1073 350 1122 tantisque
386 1072 553 1108 laudibus
586 1071 742 1121 scripto-

79 1142 158 1166 rum
181 1134 346 1167 veterum
371 1129 531 1166 unanimi
554 1129 631 1166 fere
650 1127 744 1165 cele-

79 1186 206 1222 bratur
239 1199 443 1232 consensu,
490 1198 570 1222 eam
611 1189 741 1234 quarto

76 1247 165 1293 post
183 1242 297 1280 Chrn.
331 1256 367 1280 n.
401 1241 544 1279 saeculo
573 1242 609 1277 in
634 1241 743 1278 mise-

77 1299 231 1336 randam
258 1300 372 1337 fuisse
403 1300 589 1336 redactam
618 1298 741 1334 condi·

78 1355 237 1403 tionem,
277 1360 371 1393 teste
392 1355 550 1404 Synesio
581 1355 744 1403 itemque

78 1412 173 1449 sexti
196 1411 329 1449 saeculi
353 1412 530 1462 scriptore
550 1410 743 1461 Procopio.

76 1467 127 1505 At
148 1469 211 1518 qui
237 1473 366 1506 nostra
395 1473 516 1506 aetate
543 1480 633 1519 prae
658 1467 742 1505 reli-

76 1525 158 1574 quis
190 1526 391 1563 accuratius
422 1525 515 1562 hane
553 1524 743 1573 regionem

76 1581 332 1632 perlustravit,
372 1582 402 1618 is
423 1587 460 1618 et
479 1582 558 1632 ipse
576 1581 743 1631 pulcher-

77 1639 206 1675 rimam
229 1643 384 1676 testatur
403 1651 444 1676 se
467 1639 602 1675 vidisse
622 1638 743 1686 regio-

78 1707 184 1743 nem,
215 1696 425 1742 montibus,
467 1695 639 1742 vallibus,
670 1694 742 1730 sal—-

78 1752 176 1788 tibus
236 1752 444 1788 distinctam
465 1781 474 1799 ‚
552 1752 742 1789 arboribus

78 1807 288 1858 plantisque
308 1809 556 1845 abundantem
576 1812 612 1845 et
633 1808 743 1844 fonti-

78 1866 144 1901 bus
177 1865 272 1902 bene
307 1866 505 1913 irriguaar,
544 1870 584 1901 ut
618 1865 648 1901 si
677 1865 742 1901 soli

77 1922 206 1971 optimi
234 1922 307 1959 iam
337 1922 410 1958 ulla
449 1922 641 1959 accederet
668 1921 742 1958 cul-

77 1983 177 2024 tura,
227 1978 365 2016 colonis
404 1991 447 2016 ex
481 1979 630 2029 Europa
661 1978 743 2016 illuc

80 2034 271 2082 deductis,
318 2036 416 2072 haud
455 2036 742 2086 desperandum,

77 2091 158 2128 fore
187 2096 228 2128 ut
246 2092 434 2141 pristinam
465 2093 672 2130 ubertatem
700 2105 743 2129 ac

76 2146 289 2184 felicitatem
330 2153 467 2185 tractus
498 2149 558 2186 ille
590 2162 743 2199 recupe-

78 2207 186 2241 raret.
218 2205 326 2242 Conf.
341 2204 482 2254 Thrige
508 2205 529 2241 l.
548 2205 570 2242 l.
588 2219 624 2256 p.
648 2208 743 2251 112,

77 2264 117 2298 et
149 2273 244 2310 quae
272 2274 315 2299 ex
344 2261 452 2299 Della
471 2261 598 2299 Cellae
627 2263 742 2299 diario

77 2317 304 2367 potissimum
317 2318 610 2368 protulitRitter.
625 2318 741 2356 Erdk.

77 2373 93 2409 l
111 2386 148 2424 p.
162 2373 256 2415 924.
281 2376 364 2415 936
378 2388 482 2424 seqq.
502 2374 582 2416 943
598 2388 676 2424 seq.
689 2398 740 2402 —

80 2429 121 2465 In
142 2432 368 2480 seqq.verba
388 2429 515 2484 βαρύς
536 2428 743 2483 ἀείρεσθαι

79 2484 249 2524 Larcher.
273 2489 417 2526 reddit:
469 2490 594 2526 courbe'
611 2502 690 2525 sous
711 2490 742 2526 le

74 2542 179 2591 poids
196 2543 255 2580 cles
273 2558 360 2590 am,
355 2559 362 2566 ·
393 2545 623 2595 Schweigh..
615 2560 622 2567 ·
653 2559 741 2594 gra-

79 2600 133 2635 vis
161 2599 211 2636 ad
240 2603 355 2638 maius
384 2603 567 2652 qui'dpzam
594 2604 739 2640 molien-

81 2654 185 2702 dum,
227 2656 297 2694 hoc
327 2659 501 2697 adiiciens
533 2655 739 2712 ἆείρεσθαι

80 2684 252 2762 expli⁷cari
278 2726 408 2764 posse:
453 2716 525 2753 loco
550 2730 584 2754 se
611 2730 741 2754 movere

81 2766 175 2818 (coll.
202 2769 275 2816 IX,
314 2770 388 2817 52,
434 2773 494 2809 ubi
530 2769 742 2825 αερθέντες

80 2824 177 2863 idem
199 2825 275 2864 fere
296 2827 397 2874 quod
415 2828 684 2879 κινηθέντες),
703 2836 742 2867 ut

80 2893 168 2920 sane
199 2880 256 2919 hic
291 2883 367 2920 sere
408 2885 518 2922 totius
549 2886 615 2924 loci
646 2890 742 2926 esset

0 845 85 890 [51
138 841 251 897 κίην
305 838 437 885 Ἑπτὰ
475 842 522 886 δὲ
551 842 682 887 ετέων
714 842 821 899 μετὰ
849 847 987 889 ταῦτα
1017 842 1101 889 οὐκ
1131 838 1180 889 ὗε
1207 844 1289 903 τήν
1324 846 1407 902 Θή·

802 1026 952 1052 sensus:
1000 1014 1122 1064 „Ego
1153 1016 1302 1065 quidem
1334 1029 1466 1067 prove-

802 1071 893 1108 ctior
922 1072 994 1109 iam
1026 1084 1106 1109 sum
1144 1078 1266 1111 aetate
1305 1074 1466 1123 indeque

802 1129 919 1164 minus
940 1132 1046 1178 aptus
1069 1130 1256 1178 (gravis),
1295 1131 1357 1179 qui
1386 1131 1465 1168 loco

800 1198 859 1221 me
887 1197 1052 1222 moveam
1082 1186 1131 1222 ad
1160 1186 1229 1224 iter
1260 1187 1464 1237 suscipien—

800 1241 886 1277 dum
923 1241 1148 1279 coloniamve
1186 1244 1428 1281 condendam.
1441 1245 1465 1264 “

801 1298 857 1334 Ac
877 1297 1017 1335 dudum
1037 1305 1229 1336 monuerat
1239 1300 1463 1350 Wesseling.

801 1354 892 1391 haec
913 1355 1024 1391 verba
1050 1355 1099 1391 ad
1119 1357 1210 1392 senii
1234 1357 1466 1394 incommoda

802 1415 992 1461 spectare,
1035 1412 1167 1461 quibus
1193 1412 1385 1462 dffculter
1406 1413 1464 1451 ille

801 1468 1017 1517 erigebatur.
1066 1469 1168 1506 Idem
1187 1469 1348 1519 Hesych.
1369 1470 1465 1507 exci-

802 1529 858 1562 tat
894 1523 925 1575 [1
949 1538 986 1575 p.
1020 1527 1120 1573 108,
1160 1526 1224 1563 ubi
1257 1523 1463 1578 ἄείρομαι·

802 1579 886 1620 ἄνω
903 1580 1082 1633 αἴρομαι]
1107 1586 1144 1620 et
1165 1583 1211 1620 de
1230 1596 1318 1621 voce
1336 1579 1464 1634 βαρύς

800 1637 971 1688 Sophocl.
993 1638 1166 1675 Trachin.
1185 1641 1280 1680 235.
1327 1641 1461 1690 Oedip.

801 1694 930 1732 Colon.
949 1697 1045 1741 871,
1079 1696 1139 1732 ubi
1156 1700 1255 1734 recte
1273 1701 1463 1746 exponunt

793 1764 967 1802 pressum,
984 1755 1186 1800 gravatum.
1219 1752 1464 1791 Vid.Doder-

801 1809 884 1846 lein.
907 1809 954 1845 ad
976 1809 1009 1845 h.
1029 1809 1052 1846 1.
1075 1822 1111 1859 p.
1132 1807 1227 1850 446.

856 1863 990 1904 κέλευε
1031 1867 1187 1904 ταῦτα
1227 1864 1458 1916 ποιέειν]

799 1923 855 1959 lta
892 1935 972 1959 cum
1011 1927 1162 1960 recentt.
1199 1923 1282 1960 edd.
1318 1922 1464 1960 exhibui

799 1992 867 2029 pro
905 1978 1039 2019 κέλευε
1087 1977 1289 2018 ποιέειν
1328 1975 1462 2018 vade.

800 2036 841 2072 ln
864 2049 968 2086 seqq.
997 2037 1046 2074 ad
1074 2049 1181 2074 usum
1209 2036 1465 2087 particularum

800 2088 904 2142 ἅμα
932 2108 984 2132 τε
1005 2094 1162 2132 -κοιί
1194 2094 1290 2131 conf
1312 2094 1341 2139 Ι
1369 2096 1464 2135 112

798 2149 870 2196 111,
903 2150 981 2191 135
1001 2151 1090 2199 ibiq.
1110 2155 1203 2188 nott.
1232 2150 1265 2187 V
1269 2151 1355 2188 erba
1376 2145 1464 2189 ἅλο-

799 2207 892 2258 γίην
911 2221 1016 2257 ειχον
1036 2209 1109 2245 τοῦ
1128 2207 1368 2258 χρηστηρίου
1381 2205 1419 2257 (ἰ.
1433 2221 1465 2245 e.

800 2263 938 2300 nullam
963 2264 1103 2300 oraculi
1133 2266 1302 2300 rationem
1333 2264 1467 2301 habue-

800 2323 905 2368 runt)
932 2321 1019 2357 citat
1053 2321 1220 2358 Thomas
1246 2320 1348 2370 Mag.
1377 2334 1404 2358 s.
1431 2333 1463 2357 V.

801 2373 910 2428 α’λογ.
936 2389 1023 2427 pag.
1048 2379 1113 2418 38.
1146 2377 1209 2415 Tu
1230 2378 1274 2415 cf.
1299 2383 1393 2415 nott.
1416 2378 1465 2414 ad

800 2433 848 2479 ll,
870 2432 963 2474 141.
998 2433 1057 2471 Ad
1075 2434 1188 2471 verba
1210 2429 1464 2473 ἀποστέλλειν

801 2485 993 2542 ‹Quonim›
1018 2493 1062 2528 cs.
1094 2495 1188 2528 nott.
1212 2492 1260 2528 ad
1281 2490 1343 2539 IV,
1370 2490 1461 2532 147.

1012 2548 1124 2598 Cap.
1156 2547 1252 2585 CLI.

854 2601 975 2643 Έπτοέ
1006 2601 1048 2643 δὲ
1078 2602 1224 2656 ἐτέων]
1269 2605 1293 2641 i.
1317 2617 1347 2641 e.
1364 2606 1461 2641 intra

799 2664 924 2711 septem
945 2674 1118 2698 annorum
1135 2663 1310 2711 spatium,
1351 2674 1383 2697 s.
1410 2672 1461 2696 se-

793 2722 889 2768 ptem
918 2720 1093 2770 proxi'mzs
1117 2720 1235 2754 arzmsss
1294 2716 1355 2754 Tu
1387 2716 1460 2752 vid.

798 2774 931 2814 Matth
946 2776 1012 2812 Gr.
1032 2776 1098 2811 Gr.
1103 2773 1165 2830 ὅ.
1188 2775 1282 2819 377,
1311 2775 1338 2812 2
1359 2772 1393 2809 b.
1421 2775 1459 2808 et

799 2832 849 2868 ad
866 2833 979 2869 verba
998 2845 1074 2869 ουκ
1093 2843 1140 2868 νε
1158 2829 1299 2867 Herod.
1322 2828 1367 2876 ΙΙ,
1394 2830 1457 2869 10.

799 2887 863 2933 IV,
884 2887 936 2929 50
956 2887 1076 2937 ibique
1096 2889 1189 2923 nott.

1493 841 1617 870 pluviae
1636 843 1721 879 inops

1466 875 1569 904 Thera
1603 875 1657 903 ul
1694 887 1743 905 au·
