1863 3256
45 408 112 453 94
173 405 351 453 δέκατος
381 394 523 449 οὗτος.

580 211 1036 256 THALIA.111.

171 334 244 377 καὶ
270 331 456 387 νΑρειοι,
496 324 723 382 τριηκόσια
760 323 964 368 τάλαντα.

587 394 856 452 Παρικάνιοι
889 397 956 447 δὲ,
992 395 1066 438 καὶ
1089 394 1302 444 Αἰθίοπες
1332 395 1374 436 οἱ
1403 394 1450 437 ἐκ

1363 219 1446 259 173

1034 322 1174 379 νομὸς
1215 322 1338 373 ἕκτος
1375 325 1449 367 καὶ

171 480 247 530 τῆς
275 472 434 526 Ἀσίης,
479 467 737 522 τετρακόσια
774 465 967 510 τάλαντα
1005 465 1265 521 ἀπαγίνεον·
1312 463 1449 519 νομὸς

144 546 364 600 Ξὲβδομος
400 541 474 585 καὶ
513 540 693 590 δέκατος
734 534 878 590 οὗτος.

945 542 1216 594 Ματιηνοῖσι
1253 535 1298 579 δὲ
1310 568 1319 585 ,
1373 535 1448 578 καὶ

172 614 437 668 Σάσπειρσι,
494 612 567 655 καὶ
609 608 903 664 Ἀλαροδίοισι
953 608 1155 665 διηκόσια
1197 605 1446 651 ἐπετέτακτο

143 684 372 728 3τάλαντα.
432 682 568 738 νομὸς
607 680 766 738 ὄγδοος
806 681 880 726 καὶ
922 681 1102 732 δέκατος
1140 675 1283 730 οὗτος.
1341 676 1503 721 Μό-80

170 754 395 812 σχοισιδὲ,
434 755 504 798 καὶ
529 756 834 811 Τιβαρηνοῖσι,
874 753 948 797 καὶ
967 750 1212 807 Μάκρωσι,
1251 750 1325 794 καὶ
1347 753 1446 793 Μο-

113 888 203 924 riam
225 889 261 923 et
279 884 574 922 Chorasmiorum
594 883 778 921 desertum

112 942 297 981 Herodoti
320 946 442 979 aetate
465 940 627 978 tenuisse
647 940 777 977 viden-

112 1004 183 1037 tur.
215 998 322 1036 Conf.
343 999 405 1045 lll,
429 1000 520 1038 117.
566 998 667 1041 Quos
689 996 779 1033 Par-

114 1056 198 1094 t-hos
213 1057 248 1092 in
271 1057 479 1093 universum
500 1067 566 1104 pro
578 1054 700 1091 Persis
715 1054 779 1090 ha-

114 1114 191 1151 beri
226 1112 302 1149 vult
330 1112 383 1148 vir
409 1112 537 1147 doctus
564 1111 712 1160 quidam
743 1111 779 1146 in

113 1169 270 1206 Hermes
301 1167 439 1213 XXXI,
464 1170 477 1206 1
508 1179 591 1217 pag.
612 1169 702 1207 101.
725 1187 780 1194 —

112 1225 200 1284 „De
224 1221 386 1276 Ἀρείοις
419 1224 514 1261 conf.
546 1222 707 1273 Symbol.
743 1226 781 1259 et

113 1281 317 1330 Mytholog.
339 1282 353 1317 Ι
376 1293 461 1331 pag.
491 1281 572 1319 736
605 1280 663 1317 ed.
695 1292 780 1324 sec,

112 1339 177 1376 ubi
210 1338 442 1375 Herodotum
465 1336 545 1383 Vll,
577 1339 631 1378 62
661 1336 779 1384 attigi.

113 1394 210 1432 Add.
239 1394 264 1431 Ι.
288 1395 335 1432 de
355 1395 543 1431 Hammer.
571 1394 608 1430 in
632 1390 778 1429 Annall.

114 1451 244 1489 Vienn.
264 1450 344 1488 Vol.
368 1451 419 1488 IX
439 1464 474 1501 p.
489 1452 540 1490 33
561 1452 693 1500 seqq.“
713 1449 778 1489 Cr.

310 1508 422 1558 Cap.
455 1506 587 1544 XClV.

173 1559 418 1616 Παρικάνιοι
449 1561 503 1609 δὲ,
535 1562 603 1602 καὶ
628 1563 780 1603 Αἰθίο-

114 1635 186 1667 πες
218 1621 259 1660 οἱ
292 1619 333 1660 ἐκ
360 1623 433 1671 τῆς
463 1615 617 1671 Ἀσίης]
657 1622 780 1665 Quum

114 1678 303 1728 Aethiopes
336 1679 497 1716 Asiatici
523 1678 570 1714 ob
602 1677 692 1724 Vll,
726 1679 779 1717 70

115 1748 232 1785 prope
254 1735 394 1771 lndiam
423 1735 460 1770 in
486 1738 581 1771 terra
605 1733 778 1780 Makran,

114 1791 221 1828 Haur
258 1791 411 1840 aliisque
453 1791 526 1827 sint
564 1790 780 1837 collocandi,

116 1847 329 1884 Paricam'os
359 1847 506 1885 minime
543 1860 610 1897 pro
645 1848 780 1884 Barca-

116 1905 206 1949 niis,
238 1905 299 1953 qui
320 1905 355 1940 in
380 1904 531 1952 regione
553 1904 696 1941 Balkan
715 1904 781 1940 ha-

116 1961 285 2007 bitarint,
324 1961 514 1998 habendos
544 1973 625 1998 esse
654 1965 780 1998 monet

114 2017 268 2055 Rennel.
299 2017 319 2054 l.
339 2017 359 2053 l.
393 2030 478 2068 pag.
500 2016 601 2064 517,
632 2018 699 2055 sed
728 2017 782 2053 vi-

115 2074 193 2111 deri
213 2075 333 2124 potins
357 2079 394 2111 et
415 2075 515 2124 ipsos
537 2075 575 2110 in
594 2074 778 2111 Gedrosia

115 2130 191 2168 sive
211 2135 305 2168 terra
316 2130 474 2167 Makran
500 2131 698 2177 habitasse,
719 2131 780 2168 nbi

115 2187 200 2224 urbs
221 2187 355 2234 Purah‚
386 2200 482 2237 quae
500 2187 699 2224 Alexandri
719 2200 781 2224 ae-

115 2247 191 2281 tate
221 2249 462 2291 memoretur,
492 2249 602 2294 caput
627 2244 782 2281 forsitan

116 2300 237 2338 suerit.
284 2300 355 2337 Pro
376 2300 523 2338 Colchis
542 2301 667 2337 habuit
687 2300 783 2337 Lar-

116 2357 267 2404 cherus,
300 2370 407 2406 quem
437 2357 568 2395 refellit
596 2357 781 2405 Schwgh,

118 2414 179 2462 qui
202 2415 248 2451 ob
270 2413 349 2461 Vll,
378 2416 454 2460 68,
486 2415 546 2451 ubi
571 2428 653 2451 cum
682 2414 780 2451 Utiis

118 2474 154 2506 et
173 2469 300 2518 Mycis,
332 2471 525 2520 Erythraei
546 2472 655 2507 maris
681 2471 782 2508 inco-

118 2523 158 2561 lis
179 2528 413 2563 nominantur
433 2528 624 2574 Paricanii,
646 2540 708 2565 eos
728 2527 783 2564 vi-

119 2581 216 2618 cinos
257 2583 309 2619 his
342 2584 429 2633 ipsis
464 2584 635 2632 gentibus
669 2584 782 2621 fuisse

119 2639 254 2674 statuit.
282 2639 339 2675 Ad
355 2639 486 2677 Indum
504 2641 652 2678 fluvium
668 2641 783 2678 adeo-

120 2705 192 2741 que
231 2694 266 2730 in
301 2695 505 2735 Gedrosiae
553 2702 589 2735 et
629 2698 782 2734 Carma-

122 2750 204 2785 niae
241 2751 449 2797 regionibus
493 2754 601 2791 sedes
634 2754 782 2791 Aethio-

117 2817 204 2855 pum
220 2805 454 2845 Asiaticorum
473 2811 704 2859 quaerendas
723 2823 783 2848 es-

122 2873 162 2899 se
191 2863 381 2900 contendit
399 2864 616 2905 Billerbeck.
644 2867 667 2905 l.
690 2866 713 2904 l.
743 2880 781 2919 p.

841 882 890 923 15
911 881 1124 932 praesertim
1151 894 1231 917 cnm
1251 880 1288 916 in
1316 878 1371 916 his
1396 879 1502 917 terris

837 940 1034 976 etiamnum
1069 938 1234 975 homines
1262 937 1354 974 facie
1388 937 1504 985 nigri-

837 996 934 1032 canti
972 996 1213 1032 inveniantur.
1282 993 1363 1031 Nec
1399 994 1503 1030 aliter

836 1054 913 1090 sere
931 1052 1151 1089 Maltebrnn.
1175 1051 1197 1088 l.
1218 1050 1240 1088 l.
1269 1064 1306 1101 p.
1331 1048 1425 1089 342.
1446 1071 1504 1078 --

838 1109 947 1146 Cons.
973 1108 1034 1156 lll,
1054 1111 1119 1149 92.

896 1168 1144 1215 Ματιηνοῖσι
1171 1161 1212 1202 δὲ
1231 1178 1265 1202 κ.
1281 1161 1322 1201 ’τ.
1344 1162 1395 1214 λ]
1427 1162 1503 1199 Vo-

839 1221 953 1258 culam
977 1220 1028 1260 δέ
1053 1234 1133 1258 cum
1150 1220 1446 1269 Schweighaeus.
1468 1223 1507 1257 et

838 1279 954 1315 Gaisf.
974 1278 1122 1318 inserui.
1167 1277 1226 1314 De
1250 1276 1428 1315 Matienis
1450 1277 1507 1312 di-

837 1336 953 1372 ximus
985 1336 1032 1372 ad
1067 1334 1093 1381 l,
1118 1336 1192 1380 72,
1223 1335 1271 1372 de
1296 1333 1508 1383 Suspiribus

837 1392 931 1437 adl,
957 1391 1044 1431 104.
1085 1391 1168 1428 Hoc
1190 1392 1303 1437 addo,
1336 1390 1506 1428 Maltebr.

838 1449 894 1486 l.l.
909 1448 1095 1486 Matienos
1112 1447 1288 1485 collocare
1312 1448 1349 1484 in
1370 1448 1413 1484 iis
1434 1450 1508 1484 ter-

836 1506 900 1553 ris,
932 1505 993 1542 ubi
1015 1504 1112 1542 lacus
1133 1504 1506 1554 Ourmiah‚Saspires

837 1563 874 1599 in
897 1563 1063 1599 Caucaso
1093 1562 1186 1599 circa
1206 1562 1332 1598 urbem
1353 1561 1506 1607 Erivan,

838 1623 879 1656 ut
909 1632 1003 1656 nunc
1035 1618 1251 1669 appellatur.
1325 1617 1506 1664 Alai-odii,

839 1677 900 1725 qui
930 1676 1039 1713 iidem
1062 1676 1142 1722 Vll,
1162 1677 1215 1716 79
1235 1681 1424 1721 vocantur,
1454 1674 1510 1711 vi-

837 1734 936 1770 cinas
956 1732 1011 1769 his
1025 1732 1195 1780 gentibus
1206 1732 1313 1768 sedes
1327 1743 1504 1782 occupas-

839 1803 878 1827 se
895 1789 1074 1825 videntur.
1114 1788 1187 1831 Qui
1206 1793 1325 1825 utrum
1336 1801 1403 1838 pro
1416 1787 1506 1824 Ala-

837 1859 967 1882 norum
998 1845 1194 1882 maioribus
1225 1846 1297 1882 sint
1327 1844 1503 1890 habendi,

837 1903 980 1952 quaerit
1000 1902 1132 1940 Ritter.
1152 1902 1354 1940 Erdkunde
1364 1900 1398 1938 ΙΙ
1417 1913 1503 1953 pag.

839 1959 932 2000 849.
954 1961 1048 1998 922.

897 2011 1102 2066 Μόσχοισι
1141 2012 1195 2062 δὲ,
1227 2013 1295 2054 καὶ
1335 2014 1504 2065 Τιβαρη-

838 2076 944 2112 νοῖσι
973 2088 1007 2111 κ.
1037 2087 1068 2110 τ.
1097 2071 1154 2122 λ.]
1196 2072 1299 2110 Haec
1330 2072 1507 2121 satrapia,

838 2131 1060 2167 observante
1098 2129 1254 2166 Rennel.
1290 2141 1375 2179 pag.
1408 2130 1505 2173 507,

839 2187 1016 2224 orientem
1037 2199 1162 2223 versus
1187 2198 1304 2235 usque
1330 2186 1379 2222 ad
1411 2184 1509 2221 Pha-

840 2244 927 2280 sidis
958 2247 993 2280 et
1019 2243 1107 2293 Cyri
1132 2244 1257 2280 fontes
1288 2241 1509 2292 pertinebat,

839 2300 1066 2337 occidentem
1115 2312 1242 2337 versus
1291 2311 1410 2348 usque
1458 2297 1509 2335 ad

840 2357 1158 2394 Thermodontem
1181 2355 1331 2392 fluvium
1351 2359 1388 2393 et
1408 2354 1510 2392 Pon-

839 2418 915 2451 tum
940 2413 1135 2458 Euxinum,
1166 2425 1187 2449 a
1205 2413 1359 2450 meridie
1378 2410 1509 2448 Arme-

839 2471 923 2508 niae
942 2470 1126 2507 montibus
1136 2469 1416 2506 terminabatur.
1438 2466 1510 2504 At-

840 2541 912 2576 que
938 2541 1020 2564 cum
1042 2527 1263 2577 Xenophon.
1288 2527 1326 2562 in
1347 2525 1509 2562 Anabas.

839 2584 885 2631 V,
904 2586 929 2625 3
942 2597 1045 2633 seqq.
1068 2583 1133 2620 has
1157 2583 1307 2621 easdem
1328 2583 1405 2619 fere
1418 2594 1510 2631 gen-

841 2645 898 2678 tes
919 2642 1084 2677 nominet
1106 2640 1151 2676 ab
1175 2640 1316 2677 oriente
1339 2639 1508 2675 occiden-

840 2701 916 2735 tem
940 2710 1066 2735 versus
1086 2696 1320 2747 proficiscens
1341 2706 1408 2744 per
1435 2698 1507 2731 ter-

839 2766 899 2790 ras
921 2753 1158 2799 Macronum,
1188 2752 1508 2800 Mosynoecorum,

841 2810 1044 2859 Chalybum
1065 2814 1104 2847 et
1123 2809 1404 2851 Tibarenorum,
1424 2804 1506 2841 He-

840 2867 996 2905 rodotus
1020 2866 1104 2912 Vll,
1127 2867 1180 2905 78
1199 2861 1381 2902 Rennelio
1402 2860 1506 2898 vide-

1507 400 1588 441 246
