1946 3272
461 229 517 267 7⁰

855 228 1323 268 HERODOTI

461 333 690 388 ρέστατον,
729 335 831 387 τοὺς
871 338 915 380 οἱ
946 339 1150 389 Φοίνικες
1187 338 1234 381 ἐν
1264 341 1363 394 τῇσι
1404 349 1609 394 πρωρῃσι
1647 343 1734 381 τῶν

434 411 455 444 3
469 405 684 460 τριήρεων
723 407 993 462 περιάγουσι.

1055 406 1102 458 ὃς
1141 408 1186 451 δὲ
1224 407 1407 460 τούτους
1447 408 1505 464 μὴ
1544 407 1760 458 &animal

462 475 544 529 ἐγώ
575 475 619 519 δέ
651 478 694 520 οἱ
723 479 942 534 σημανέω·
983 480 1205 532 πυγμαίου
1236 477 1397 533 ἀνδρὸς
1428 481 1604 535 μίμησίς
1634 480 1732 522 ἐστι.

457 543 637 602 Ἐσῆλθε
668 547 713 591 δὲ
742 549 815 592 καὶ
845 548 886 597 ἐς
915 551 1002 590 τῶν
1031 550 1261 603 Καβείρων
1288 549 1336 593 τὸ
1370 550 1491 606 ἱρόν,
1522 551 1565 601 ἐς
1596 551 1644 593 τό
1678 549 1732 594 οὐ

461 617 642 672 θεμιτόν
674 620 760 662 ἐστι
797 619 957 661 ἐσιέναι
996 616 1129 661 ἄλλον
1170 635 1218 674 γε
1249 619 1276 676 ἢ
1316 621 1393 664 τὸν
1425 622 1545 676 ἱρέα·
1595 626 1734 665 ταῦτα

462 687 507 731 δὲ
540 688 591 732 τὰ
622 689 850 745 ἀγάλματα
880 688 953 731 καὶ
984 689 1220 747 ἐνέπρησε,
1259 690 1399 735 πολλοὶ
1428 691 1761 745 κατασκώψας.5

406 870 547 915 septem
568 866 639 901 sint
656 867 752 916 apud
777 866 977 906 Phoenices
997 869 1071 906 Ca-

408 922 475 958 !›iri
492 948 502 967 ,
561 922 693 970 quibus
736 925 877 961 accedit
923 930 1070 961 octavus

407 978 578 1026 idemque
611 990 786 1027 praeses,
817 993 943 1018 omnes
977 994 1071 1031 pyg-

406 1034 521 1070 maie-<1
539 1034 654 1070 forma
673 1038 953 1086 repraesentati,
973 1038 1071 1087 apud

410 1091 610 1139 Aegyptios
625 1104 772 1140 quoque
784 1098 1071 1131 consentaneum

407 1151 476 1192 est,
505 1147 660 1184 totidem
684 1149 796 1186 fuisse
815 1150 970 1186 Cabiros
996 1151 1072 1188 sive

407 1215 565 1239 summos
581 1204 682 1252 deos,
705 1206 766 1254 qui
788 1219 831 1243 ex
851 1206 991 1243 illorum
1005 1208 1071 1244 do-

407 1260 522 1296 ctrina
548 1261 705 1309 primum
732 1262 883 1299 deorum
906 1263 1072 1300 ordinem

406 1315 631 1353 constituunt
661 1322 696 1354 et
723 1331 767 1355 ex
795 1318 855 1355 illo
883 1319 976 1369 ipso,
1008 1321 1071 1369 qui

406 1371 554 1420 reliquis
586 1385 759 1423 praeesse
792 1380 942 1425 putatur
974 1389 1072 1413 sum-

406 1441 485 1465 mus
507 1429 613 1476 deus,
624 1431 710 1467 editi
733 1444 761 1467 s.
782 1444 973 1470 emanasse
987 1446 1072 1483 per-

406 1485 591 1522 hibentur.
659 1487 888 1533 „Eiusmodi
929 1489 1071 1538 figurae

407 1546 617 1591 comparent
657 1544 694 1580 in
731 1545 848 1581 numis
888 1546 1071 1594 Cossyrae

406 1598 568 1647 itemque
587 1600 772 1638 consimile
795 1602 937 1649 signum
963 1602 1071 1639 fictile

407 1659 526 1692 exstat
550 1654 586 1691 in
613 1656 751 1693 British
773 1657 941 1695 Museum
967 1659 1070 1705 (Vid.

407 1710 528 1748 Terra
548 1717 647 1749 cotta
666 1712 694 1748 's
718 1714 761 1749 of
771 1713 831 1751 the
841 1714 975 1751 British
986 1715 1070 1751 Mu-

407 1780 507 1803 seum
530 1767 588 1804 ed.
602 1763 745 1806 Combe
766 1783 820 1807 nr.
841 1768 924 1819 42)Δ
959 1772 1071 1808 Corn-

406 1827 514 1873 parat
542 1824 608 1861 has
633 1838 895 1875 pygmaeorum
920 1828 1070 1864 deorum

407 1881 586 1928 imagines
615 1895 696 1918 cum
721 1883 1070 1931 septentrionalium,

407 1937 676 1974 Germanorum
692 1966 702 1984 ,
731 1938 991 1976 Britannorum
1016 1941 1071 1976 fa-

408 1992 500 2028 bulis
521 1992 653 2030 Editor
673 1995 793 2043 operis
816 1995 899 2032 'she
921 1996 1073 2045 History

409 2049 453 2085 of
482 2048 637 2097 English
678 2049 812 2100 Poetry
854 2052 900 2099 by
937 2051 1070 2088 Thoru.

408 2104 577 2141 Warton.
593 2105 660 2141 Ed.
680 2119 764 2143 nov,
786 2105 927 2156 (Lond.
944 2107 1071 2157 1824)

410 2161 506 2198 Pref.
527 2174 612 2212 pag.
632 2163 685 2201 39
703 2166 780 2200 not.
800 2163 893 2204 50.“
925 2163 991 2201 Cr.

466 2230 508 2270 ἐν
535 2232 625 2287 τῇσι
644 2227 826 2285 πρώρῃσι
854 2236 933 2272 τῶν
962 2231 1071 2286 τριή-

410 2286 527 2338 ρεων]
559 2288 692 2325 Glossa
725 2290 842 2334 (unde
875 2291 1008 2327 Suidas
1036 2296 1072 2329 et

410 2344 615 2394 Hesychius
640 2358 705 2382 sua
732 2346 862 2395 opinor
884 2348 1071 2385 desumse-

410 2403 512 2449 runt)
541 2402 589 2437 ad
616 2401 650 2440 h.
672 2401 694 2438 l.
724 2401 818 2440 θεοὶ
848 2402 888 2441 οἵ
921 2400 1071 2442 ΙΙαῑάϊ-

409 2472 472 2496 κοι
498 2456 723 2496 Φοινικικοὶ
746 2457 787 2496 ἐν
816 2462 926 2505 ταῖς
954 2456 1071 2511 πρύ-

410 2530 436 2564 μ
449 2528 470 2552 ν
483 2529 508 2551 α
521 2529 534 2552 ι
545 2529 564 2559 ς
585 2510 804 2565 ἷδρύμενοι.
837 2515 947 2553 Unde
960 2529 1071 2564 quae-

410 2571 457 2607 rit
479 2570 694 2619 Wesseliug.
709 2600 719 2618 ‚
750 2584 835 2607 num
858 2573 893 2608 in
913 2586 976 2608 suo
996 2573 1072 2609 He-

412 2627 531 2664 rodoti
569 2627 695 2664 codice
733 2627 913 2676 glossator
943 2629 1073 2677 legerit

411 2682 454 2721 ἐν
466 2685 557 2737 τῇσι
574 2679 789 2737 πρύμνῃσι.
831 2684 920 2728 Sed,
941 2687 1071 2722 eodem

412 2739 631 2787 Wesseling.
671 2744 864 2787 monente,
894 2741 927 2776 J.
955 2741 1072 2778 Swin-

411 2801 485 2833 ton.
510 2796 545 2832 in
568 2796 665 2834 Diss.
686 2797 733 2833 ‹le
759 2809 856 2833 num.
876 2798 1016 2834 Sainar.
1037 2804 1073 2835 et

412 2852 550 2891 Phoen.
583 2865 668 2903 pag.
686 2855 738 2893 60
766 2852 902 2903 [ibique
922 2853 1016 2891 Tab.
1041 2855 1070 2891 ll

1127 870 1191 919 sig.
1213 871 1249 912 5.
1298 870 1407 907 Conf.
1429 871 1573 908 Rasche
1601 872 1636 908 in
1668 871 1790 909 Lexic.

1128 928 1284 964 univers.
1314 927 1365 963 rei
1394 939 1534 964 numar.
1564 933 1649 964 vett.
1674 928 1736 974 lll,
1763 930 1790 967 2

1128 995 1213 1033 pag.
1239 981 1333 1022 614.
1355 982 1433 1031 Cr.]
1467 984 1702 1020 Sidoniorum
1725 997 1793 1021 nu-

1128 1052 1226 1076 mum
1247 1039 1419 1083 exhibuit,
1437 1040 1473 1075 in
1494 1052 1566 1088 quo
1585 1040 1687 1076 navis
1706 1053 1793 1077 con—

1129 1095 1292 1145 spicitur,
1324 1107 1418 1143 quae
1446 1095 1555 1132 hosce
1581 1096 1670 1133 deos
1696 1101 1792 1134 tute-

1128 1151 1220 1188 lares
1244 1152 1281 1187 in
1307 1164 1417 1201 prora
1443 1152 1613 1189 ostendit.
1664 1153 1792 1196 Quare

1128 1208 1249 1244 malim
1280 1208 1451 1256 equidem
1481 1221 1561 1245 cum
1592 1208 1791 1247 Ruhnken.

1128 1263 1150 1300 l.
1178 1264 1200 1301 l.
1233 1277 1319 1314 pag.
1347 1266 1425 1303 261
1456 1269 1628 1310 statuere,
1657 1266 1790 1302 Gram-

1127 1321 1279 1358 maticos
1310 1321 1398 1357 istos
1431 1320 1467 1356 in
1499 1321 1572 1357 suis
1606 1321 1790 1359 Herodoti

1127 1377 1226 1414 libris
1250 1377 1424 1415 mendose
1442 1378 1614 1427 scriptum
1631 1378 1791 1415 invenis-

1128 1446 1168 1471 se
1178 1429 1384 1487 πρύμνῃσι
1393 1447 1460 1483 pro
1473 1429 1666 1487 πρώρῃσι,
1681 1447 1791 1483 quam

1128 1503 1208 1527 cum
1230 1490 1378 1527 Selden.
1396 1490 1417 1526 l.
1442 1490 1464 1527 l.
1484 1490 1573 1528 haec
1591 1504 1712 1528 secum
1734 1503 1791 1528 re-

1127 1547 1330 1596 pugnantia
1344 1547 1394 1582 ita
1415 1546 1618 1594 conciliare,
1640 1552 1680 1584 ut
1693 1555 1790 1584 utra-

1128 1616 1200 1652 que
1223 1603 1322 1640 navis
1342 1616 1426 1652 pars
1447 1608 1609 1640 extrema
1632 1603 1791 1640 Pataeco

1127 1660 1234 1696 suerit
1255 1664 1398 1705 ornata,
1420 1660 1483 1707 qui
1502 1660 1539 1695 in
1559 1661 1673 1709 puppi
1692 1665 1792 1697 tutor

1128 1730 1156 1752 s.
1179 1716 1269 1752 deus
1291 1728 1521 1760 averruncus‚
1542 1716 1578 1751 in
1598 1729 1707 1765 prora
1727 1728 1791 1753 au-

1127 1776 1199 1809 tem
1220 1772 1320 1808 navis
1341 1772 1482 1821 insigne
1505 1773 1621 1809 fuerit.
1648 1793 1702 1799 —
1731 1772 1792 1810 De

1126 1829 1244 1865 form-:1
1278 1823 1437 1866 ὀπώπεε
1466 1830 1561 1865 conf.
1603 1832 1696 1865 nott.
1743 1829 1791 1866 ad

1126 1885 1156 1934 I,
1189 1886 1255 1924 68.

1185 1951 1261 2006 ἐγώ
1290 1951 1333 1992 δέ
1360 1953 1402 1992 οἵ
1427 1953 1634 2006 σημανέω]
1666 1956 1791 1995 Plures

1130 2010 1209 2048 libri
1229 2023 1296 2060 pro
1317 2009 1359 2048 οἵ
1376 2010 1547 2047 exhibent
1569 2006 1654 2051 ὦδε.
1704 2013 1792 2050 Par—

1130 2067 1240 2104 ticula
1273 2064 1335 2110 δέ,
1378 2079 1472 2115 quae
1507 2068 1601 2106 male
1632 2069 1737 2106 abest
1770 2081 1793 2107 a

1129 2124 1273 2160 duobus
1311 2123 1430 2169 libris,
1470 2123 1526 2161 hic
1559 2126 1595 2161 in
1624 2124 1793 2175 Apodosi

1130 2180 1301 2226 iteratur,
1341 2185 1514 2218 mouente
1557 2181 1714 2220 ix'erfer.
1753 2181 1791 2219 in

1130 2236 1224 2272 Actt.
1246 2235 1346 2286 phill.
1368 2236 1494 2273 Monn.
1519 2236 1532 2273 I
1552 2250 1637 2288 pag.
1657 2240 1791 2279 97.—

1129 2292 1252 2329 Verba
1278 2305 1380 2341 seqq.
1405 2291 1551 2341 ἐσῆλθε
1577 2292 1619 2332 δὲ
1641 2309 1676 2332 κ.
1705 2309 1735 2333 τ.
1757 2296 1789 2332 λ.

1129 2349 1288 2398 respexit
1301 2349 1436 2385 Strabo
1457 2350 1490 2385 X
1511 2363 1546 2399 p.
1562 2350 1643 2390 473
1665 2364 1692 2387 s.
1707 2349 1790 2391 725

1128 2403 1171 2441 Α.
1190 2427 1245 2431 -
1275 2405 1314 2440 ln
1335 2405 1406 2441 fine
1425 2418 1504 2455 cap.
1525 2419 1604 2443 cum
1634 2411 1789 2444 recentt.

1130 2461 1213 2497 edd.
1234 2461 1377 2498 exhibui
1403 2458 1523 2510 ὁμοῖα
1554 2465 1627 2501 τοῦ
1649 2461 1790 2511 Ἡφαί-

1130 2529 1236 2562 στου,
1271 2517 1332 2553 ubi
1352 2517 1461 2565 vulgo
1484 2519 1656 2555 insertum
1677 2522 1790 2563 τοῖσι,

1129 2574 1228 2621 quod
1268 2572 1436 2609 meliores
1480 2573 1559 2610 libri
1608 2576 1791 2623 ignorant.

1129 2629 1210 2666 Nec
1231 2629 1399 2677 agnoscit
1411 2628 1574 2667 Thomas
1592 2632 1693 2680 Mag.
1706 2645 1792 2681 pag.

1131 2684 1211 2724 649
1237 2685 1268 2721 h.
1300 2684 1322 2720 l.
1355 2687 1468 2722 citans
1499 2687 1546 2723 ol)
1575 2693 1790 2725 structuram

1130 2743 1226 2778 vocis
1258 2739 1397 2791 ὁμοῖος
1428 2755 1508 2778 cum
1535 2745 1711 2793 genitivo,
1743 2745 1791 2782 de

1129 2811 1202 2847 qua
1220 2799 1313 2836 conf.
1339 2797 1471 2834 Matth.
1492 2800 1559 2838 Gr.
1581 2800 1694 2852 (ἔπι-,ἓ1
1709 2802 1790 2841 386

1129 2859 1203 2892 not.
1223 2856 1248 2894 2
1266 2867 1353 2905 pag.
1375 2857 1467 2895 707.
