1863 3256
449 221 533 262 230

839 224 1307 263 HERODOTl

449 329 528 373 τὸν
556 331 684 387 χίλιοι
709 332 788 388 μὲν
809 333 1015 388 Περσέων
1043 332 1364 389 ἐδορυφόρεον,
1396 328 1478 386 εἶχε
1509 331 1553 375 δὲ
1580 334 1719 389 νομὸν

417 399 528 444 3τόν
565 418 610 445 τε
651 401 849 458 Φρύγιον
889 404 962 446 καὶ
1002 402 1173 447 Λύδιον
1220 405 1294 447 καὶ
1329 401 1535 445 Ἰωνικόν.

1596 405 1719 459 Πρὸς

444 475 582 516 ταῦτα
614 472 666 528 δὴ
698 468 760 516 ὧν
793 472 817 516 ὁ
847 478 1038 526 Δαρεῖος
1066 473 1169 516 τάδε
1201 472 1509 529 ἐμηχανήσατο.
1565 487 1719 530 συγκα-

449 542 574 594 λέσας
605 543 809 598 Περσέων
838 542 943 594 τοὺς
973 545 1320 599 δοκιμωτάτους,
1353 543 1466 599 ἔλεγέ
1493 556 1572 599 σφι
1595 547 1718 589 τάδε·

422 611 543 665 4,,ῗῼ
570 613 759 668 Πέρσαι,
798 615 862 664 τίς
892 613 946 656 ἄν
975 630 1049 670 μοι
1077 618 1207 658 τοῦτο
1237 612 1385 670 ὑμέων
1410 613 1607 668 ὑποστὰς
1637 616 1720 660 ἐπι.
1732 623 1776 658 7ο

449 767 519 809 τόν
538 770 656 820 χίλιοι
666 766 738 820 μὲν
761 768 948 819 Περσέων
968 768 1056 809 ἐδο-

394 822 611 877 ρυφόρεον]
671 826 890 876 Opportune
931 831 1058 863 monet

394 884 555 920 Heeren.
578 883 689 920 Ideen
708 882 743 928 l,
777 886 799 922 1
825 895 860 932 p.
881 881 963 924 493
984 884 1057 919 sin·

395 940 500 988 gulos
526 939 630 987 regni
648 943 816 988 satrapas
838 939 917 988 pari
934 939 1057 986 modo,

393 1008 466 1044 quo
494 1007 666 1043 magnum
697 994 889 1031 Persarum
916 1007 1054 1043 regem,

393 1057 432 1088 et
450 1052 498 1088 ad
522 1053 598 1088 eius
630 1052 742 1102 ipsius
772 1052 969 1100 exemplar,
988 1051 1058 1087 sibi

395 1107 500 1145 aulae
525 1108 678 1144 sormam
708 1107 963 1153 constituisse,
1001 1107 1057 1143 in-

394 1166 518 1213 deque
544 1177 606 1201 eos
635 1163 804 1201 habuisse
825 1175 908 1200 suos
929 1176 1058 1212 quem-

394 1233 466 1269 que
487 1222 634 1257 comites
654 1226 693 1258 et
716 1219 874 1265 aulicos,
903 1220 1058 1257 semina-

394 1289 473 1313 rum
496 1290 647 1326 gregem
665 1280 701 1314 et
719 1276 904 1314 eunuchos
924 1277 973 1313 ad
989 1276 1055 1313 has

394 1334 667 1380 custodiendas,
687 1332 859 1383 palatium
881 1345 954 1370 una
974 1345 1055 1369 cum

394 1390 581 1440 paradiso,
610 1391 646 1427 in
669 1402 740 1438 quo
762 1389 857 1426 seras
877 1401 1055 1426 venaren-

394 1452 471 1492 tur,
491 1446 579 1495 quin
598 1446 699 1496 ipsos
715 1445 902 1492 satellites,
924 1445 1055 1494 quibus

393 1502 499 1539 cincti
511 1503 549 1539 in
564 1502 745 1552 publicum
763 1502 964 1552 prodirent,
984 1501 1055 1538 alia

375 1558 431 1594 =id
447 1571 575 1608 genus.
625 1557 761 1606 Attigit
785 1558 874 1596 haec
891 1558 1053 1595 Brisson.

394 1615 442 1652 de
460 1628 537 1664 reg.
553 1615 654 1652 Pers.
673 1615 826 1665 princip.
848 1615 878 1662 Ι,
905 1614 995 1655 175.

452 1667 528 1722 εἶχε
558 1668 600 1710 δὲ
627 1668 754 1721 νομόν
781 1667 852 1709 τόν
883 1685 924 1709 τε
947 1666 1055 1721 Φρύ-

393 1741 482 1779 γιον
503 1742 537 1765 κ.
555 1742 587 1764 τ.
605 1725 650 1777 λ.]
683 1727 737 1764 Ex
757 1740 800 1765 eo
819 1729 899 1777 ipso
913 1756 923 1774 ‚
953 1728 1055 1776 quod

393 1783 515 1834 plures
533 1785 782 1834 praefecturae
798 1784 846 1821 ad
863 1797 971 1821 unum
989 1785 1055 1822 de-

394 1842 576 1878 ferrentur
609 1845 810 1890 satrapam,
851 1844 890 1877 ut
916 1840 986 1877 hoc
1014 1852 1057 1877 ex

394 1896 476 1934 loco
498 1897 651 1934 subinde
670 1897 804 1934 factum
824 1909 904 1934 esse
924 1896 1058 1934 intelli-

396 1953 515 2002 gimus
542 1954 658 2000 (conf.
687 1954 797 1990 etiam
816 1953 978 1989 Brisson.
1008 1953 1056 1990 de

394 2023 473 2058 reg.
492 2010 593 2047 Pers.
612 2010 764 2060 princip.
787 2009 814 2056 I,
837 2012 960 2057 170),
987 2009 1055 2046 ho-

394 2079 475 2103 rum
492 2066 757 2116 praefectorum
776 2066 979 2116 potentiam
998 2066 1055 2102 ni-

395 2123 464 2159 mis
488 2129 656 2169 auctam,
697 2123 839 2172 ipsique
862 2121 1053 2159 Persarum

392 2179 470 2228 regi
499 2179 737 2229 perniciosam
760 2179 896 2215 saetam
930 2179 1054 2225 fuisse,

394 2236 489 2272 bene
520 2235 655 2284 colligit
684 2235 842 2273 Heeren.
867 2235 898 2281 l,
922 2238 941 2275 1
968 2247 1053 2285 pag.

394 2291 476 2331 498
498 2304 597 2341 seq„
641 2292 777 2342 quippe
802 2292 899 2329 unde
924 2304 1053 2342 super-

394 2347 522 2384 borum
538 2349 802 2398 praefectorum
818 2349 979 2394 istorum,
991 2348 1054 2396 qui

393 2404 515 2439 omnia
547 2417 613 2453 pro
642 2417 706 2440 suo
739 2405 874 2453 quique
903 2405 1052 2441 arbitrio

393 2461 662 2507 transigerent,
712 2460 820 2510 plane
855 2465 896 2496 ut
921 2460 1051 2508 reguli,

394 2515 492 2551 haud
522 2528 604 2552 raro
639 2516 811 2552 tumultus
849 2517 1053 2553 exstiterint

394 2572 666 2620 seditionesque
680 2600 690 2617 ,
748 2573 878 2620 quibus
924 2573 1052 2608 summi

393 2627 586 2665 Persarum
607 2628 701 2676 regis
726 2629 902 2677 potestati
927 2641 965 2665 se
985 2642 1051 2678 pe-

394 2684 490 2721 nitus
503 2684 713 2721 subtrahere
729 2684 946 2721 studuerint.
979 2685 1054 2720 Cu-

397 2742 454 2777 ius
473 2740 524 2777 rei
546 2740 648 2790 plura
667 2753 710 2777 ex
734 2741 923 2777 Persarum
942 2740 1055 2777 histo-

398 2797 451 2834 ria
469 2797 630 2847 exempla
649 2796 768 2833 attulit
785 2797 942 2834 Heeren.
963 2796 985 2833 l.
1002 2796 1025 2832 l.

456 2849 548 2900 τούς
569 2848 877 2903 δοκιμωτάτους]
913 2852 965 2890 lta
977 2866 1056 2890 cum

1114 771 1192 808 aliis
1210 770 1443 808 Florentinus
1470 770 1571 808 liber.
1612 771 1683 809 Alii
1711 775 1775 812 λο-

1113 823 1373 879 γιμωτάτους,
1403 827 1587 877 probante
1606 828 1773 877 Schwgh.

1113 890 1196 934 post
1233 884 1281 921 W
1285 883 1475 932 esseling.,
1525 885 1588 933 qui
1635 886 1776 923 confert

1112 940 1182 987 111,
1206 940 1270 980 65.
1302 940 1373 986 lX,
1399 940 1460 980 15.
1481 939 1546 980 24.

1168 992 1347 1041 ’ὑποστάς
1378 995 1605 1035 ἐπιτελέσειε
1632 995 1772 1051 σοφίῃ]

1114 1051 1214 1089 Citat
1246 1052 1336 1089 haec
1354 1052 1521 1089 Eustath.
1552 1052 1598 1089 ad
1620 1053 1772 1090 Iliad..ll

1113 1121 1150 1158 p·
1181 1108 1274 1150 222.
1307 1110 1384 1155 22,
1414 1121 1442 1145 s.
1467 1109 1568 1155 168,
1603 1111 1676 1155 19,
1711 1109 1773 1146 ubi

1113 1163 1314 1203 τελέσειεν.
1343 1164 1403 1201 Ad
1421 1177 1545 1202 vocem
1568 1165 1691 1219 σοφίῃ
1712 1165 1773 1203 Tu

1113 1222 1237 1258 confer
1266 1220 1317 1257 Ill
1331 1248 1342 1267 ,
1374 1219 1412 1259 4.
1448 1222 1523 1265 85;
1571 1222 1619 1258 ad
1660 1222 1773 1258 dativi

1112 1290 1216 1314 usum
1244 1277 1281 1314 in
1304 1277 1358 1313 his
1389 1281 1427 1314 et
1449 1278 1683 1326 sequentibus
1702 1279 1771 1332 βίῃ

1113 1348 1153 1373 τε
1175 1332 1241 1372 καὶ
1261 1331 1382 1386 ὁμίλῳ
1402 1333 1534 1370 Matth.
1556 1334 1621 1370 Gr.
1645 1334 1710 1371 Gr.
1733 1335 1771 1386 §-

1113 1389 1194 1431 400
1219 1403 1274 1427 nr.
1297 1389 1321 1430 5
1355 1389 1432 1427 coll.
1450 1390 1590 1427 Herod.
1620 1390 1684 1437 lX,
1704 1392 1771 1431 59.

1112 1447 1171 1484 Ad
1193 1447 1305 1484 verba
1325 1446 1470 1495 σοφίης
1492 1445 1570 1486 δέει
1594 1448 1641 1484 ob
1669 1449 1774 1496 geni-

1111 1505 1223 1540 tivum
1243 1503 1337 1540 conf.
1358 1503 1493 1540 ibidem
1514 1516 1552 1553 p.
1577 1502 1669 1543 664.
1711 1504 1773 1541 Ci-

1110 1564 1166 1596 tat
1197 1560 1288 1597 haec
1314 1560 1394 1609 ipsa
1415 1559 1596 1597 Stobaeus
1624 1560 1697 1597 Tit.
1718 1560 1772 1601 48

1110 1617 1237 1666 p.326
1255 1629 1282 1652 S.
1295 1615 1376 1656 305
1389 1615 1468 1652 Vol.
1484 1616 1516 1652 ll
1536 1616 1652 1653 Gaisf.
1664 1638 1716 1643 -
1732 1617 1773 1654 ln

1110 1673 1168 1718 iis,
1180 1684 1275 1721 quae
1288 1684 1370 1708 mox
1382 1684 1477 1721 seq.:
1492 1670 1627 1722 ὑμέων
1649 1669 1698 1722 δὴ
1716 1667 1775 1712 οἶν

1110 1729 1169 1774 τίς
1185 1743 1253 1779 μοι
1269 1743 1302 1766 κ.
1313 1743 1344 1766 τ.
1357 1730 1388 1766 λ.
1400 1756 1411 1775 ,
1427 1728 1642 1778 particulam
1662 1725 1712 1767 ἂν
1730 1729 1775 1767 Ιί-

1112 1785 1315 1822 brariorum
1333 1786 1500 1822 socordia
1512 1785 1686 1824 excidisse
1696 1787 1774 1824 vult

1113 1841 1302 1879 Werferus
1322 1842 1358 1877 in
1377 1841 1476 1878 Actt.
1494 1841 1592 1892 phill.
1605 1841 1771 1881 Monacc.

1112 1899 1147 1944 J,
1178 1901 1203 1938 2
1232 1912 1268 1948 p.
1292 1900 1398 1945 257,
1438 1910 1658 1947 quamquam
1691 1900 1773 1948 ipse

1112 1955 1302 2001 nesciens,
1343 1966 1416 2003 quo
1438 1954 1517 1991 loco
1538 1955 1774 2005 probabiliter

1111 2010 1287 2061 particula
1308 2011 1354 2047 sit
1375 2011 1579 2048 inserenda.
1619 2011 1668 2048 At
1687 2024 1773 2049 vero

1112 2079 1192 2104 eam
1219 2067 1276 2104 hic
1299 2067 1445 2104 minime
1465 2068 1695 2105 inserendam
1715 2081 1773 2106 es-

1112 2135 1164 2170 se,
1185 2123 1316 2160 merito
1338 2128 1502 2161 statuere
1523 2124 1667 2162 videtur
1678 2125 1775 2162 Her-

1113 2192 1234 2216 mann.
1256 2180 1304 2216 ad
1325 2179 1448 2229 Viger.
1473 2193 1509 2230 p.
1531 2180 1625 2220 944.
1675 2181 1773 2218 Nam

1113 2249 1156 2273 ex
1177 2237 1480 2273 antecedentibus
1495 2237 1614 2274 verbis
1632 2236 1692 2282 τίς
1714 2233 1772 2274 ἅν

1112 2307 1179 2342 μοι
1212 2294 1328 2331 τοῦτο
1352 2315 1407 2320 -—
1428 2291 1655 2331 ἐπιτελέσειε
1689 2306 1774 2342 par-

1111 2349 1217 2386 ticula
1246 2353 1367 2386 mente
1394 2349 1539 2396 quidem
1572 2350 1772 2398 repetenda

1111 2410 1149 2442 et
1169 2406 1215 2441 ad
1238 2418 1340 2453 seqq.
1362 2405 1625 2441 subaudienda.
1690 2406 1772 2443 Hoc

1112 2462 1262 2498 Graecis
1300 2463 1472 2497 usitatum
1512 2474 1593 2498 esse
1634 2463 1772 2511 optime

1109 2522 1235 2554 monet
1277 2517 1373 2554 idem
1414 2517 1646 2554 Hermannus
1660 2546 1671 2564 ,
1717 2525 1771 2565 ut,

1110 2573 1171 2609 ubi
1213 2573 1327 2609 oratio
1370 2585 1414 2609 ex
1454 2574 1595 2610 duobus
1630 2579 1772 2612 constet

1110 2629 1277 2666 membris
1291 2657 1301 2674 ‚
1347 2643 1501 2677 quorum
1521 2630 1672 2667 alterum
1691 2643 1770 2668 cum

1111 2685 1224 2722 altero
1254 2685 1309 2722 vel
1341 2685 1410 2722 ulia
1444 2687 1584 2724 ratione
1615 2687 1769 2724 coniun-

1112 2747 1208 2777 ctum
1232 2742 1299 2787 sit,
1338 2742 1393 2778 vel
1417 2743 1490 2778 eius
1512 2744 1769 2793 repetitionem

1113 2797 1294 2846 quandam
1307 2799 1502 2845 contineat,
1518 2800 1555 2835 in
1566 2800 1771 2850 posteriore

1114 2854 1282 2891 omittant
1295 2851 1319 2893 ἄ
1326 2869 1357 2893 ιι.
1389 2855 1467 2893 Nec
1478 2855 1580 2894 aliter
1591 2854 1722 2893 Matth.
1733 2856 1769 2892 in
