1863 3256
379 120 461 160 454
767 116 1227 157 HERODoTl

379 225 456 269 τὸν
477 224 796 280 Σαλμυδησσὸν
826 224 990 279 ἔχοντες
1012 223 1217 278 Θρήϊκες,
1248 222 1320 265 καὶ
1349 218 1459 273 ὑπὲρ
1487 219 1629 263 Ἀπολ-

381 296 536 351 λωνίης
563 311 607 337 τε
637 296 709 338 καὶ
729 294 1011 348 Μεσαμβρίης
1039 292 1190 343 πόλιος
1215 290 1456 346 οἰκημένοι,
1486 288 1632 333 καλεύ-

381 382 503 422 μενοι
538 365 585 408 δὲ
614 361 886 417 Σκυρμιάδαι
923 362 996 404 καὶ
1026 364 1230 413 Νιψαῖοι,
1279 359 1461 416 ἀμαχητὶ
1497 360 1631 415 σφέας

382 434 543 485 αὐτούς
564 435 812 485 παρέδοσαν
833 432 1023 488 Δαρείῳ·
1060 433 1103 475 οἱ
1123 430 1167 474 δὲ
1186 430 1336 483 Γέται,
1366 430 1477 485 πρὸς
1498 429 1633 484 ἄγνω-
1643 437 1685 470 65

381 505 576 562 μοσύνην
610 499 896 556 τραπόμενοι,
945 500 1098 545 αὐτίκα
1128 501 1464 557 ἐδουλώθησαν,
1499 501 1632 557 Θρηΐ-

329 666 400 708 σόν
425 665 574 727 ἔχοντες
594 658 786 713 Θρήϊκες]
812 660 899 698 Aliis
921 664 977 698 est
1034 674 1062 698 s.
1102 661 1272 699 Messuri.
1306 683 1354 689 —
1416 662 1474 699 Cf.
1507 660 1686 697 Mannert.

325 721 492 773 Ἁλμυδη
498 714 609 765 σσός·,
638 731 704 755 nec
722 717 826 755 aliter
842 717 978 754 Plinius
1033 717 1100 754 Vll
1139 731 1176 767 p.
1213 717 1301 757 135.

328 780 376 816 H.
404 776 452 815 N.
484 775 555 821 lV,
587 774 638 814 18
665 773 824 810 etMela
853 772 909 818 ll,
939 775 980 817 2,

329 836 394 874 63.
431 834 482 868 At
504 825 784 880 Σαλμυδησσός
811 828 981 865 exhibent

329 900 478 938 quoque
508 886 673 924 meliores
689 883 770 921 libri
789 884 886 934 apud
907 883 984 919 Xe-

331 945 440 993 noph.
460 943 575 980 Anab.
597 941 676 987 Vll,
709 940 747 986 5,
780 942 844 986 12,
877 939 982 975 item-

329 1012 402 1049 que
432 999 585 1038 Diodor.
612 997 719 1043 XlV,
748 997 815 1037 37.
849 994 982 1032 Strabo

330 1055 399 1093 Vll
424 1067 510 1106 pag.
532 1055 613 1095 319
642 1065 670 1090 s,
691 1051 773 1093 492
793 1051 834 1088 A.
867 1050 946 1088 coll.
967 1050 983 1086 1

330 1123 416 1162 pag·
437 1110 532 1152 495
576 1111 628 1149 86
650 1107 691 1144 Α.
722 1112 757 1145 et
787 1107 849 1157 qui
878 1106 938 1144 alii
962 1118 985 1142 a

330 1167 522 1215 Kruegero
543 1165 591 1202 ad
607 1164 838 1214 Xenophont.
858 1163 882 1200 l.
896 1162 918 1198 l.
934 1161 984 1199 ci-

331 1227 466 1260 tantur.
494 1221 526 1258 E
538 1221 667 1270 quibus
678 1219 887 1268 intelligitur
900 1217 985 1255 Sal-

328 1278 524 1329 mydessum
545 1277 664 1314 vocari
684 1288 756 1313 non
770 1281 844 1312 tam
862 1275 985 1311 urbem

330 1335 419 1382 (nisi
437 1334 595 1381 regionis
610 1332 671 1368 illa
687 1332 794 1369 fuerit
802 1331 987 1380 cognomi-

331 1391 397 1437 na)
432 1401 540 1438 quam
568 1389 753 1436 regionem
783 1388 857 1424 sive
886 1398 986 1423 oram

333 1458 356 1482 a
391 1444 559 1492 Thyniae
589 1443 837 1494 promontorio
870 1455 988 1491 usque

333 1501 382 1537 ad
435 1499 591 1548 Bospori
638 1499 784 1535 Thracii
841 1499 987 1544 exitum,

334 1555 395 1592 ubi
426 1554 535 1591 Ponti
575 1559 631 1592 est
667 1566 733 1599 os,
770 1557 986 1604 porrectam,

333 1612 592 1661 importuosam
640 1609 734 1646 illam
774 1610 923 1658 quidem
950 1613 988 1646 et

334 1666 536 1703 hominibus
563 1665 751 1715 rapacibus
778 1665 987 1711 habitatam,

335 1723 400 1771 qui
420 1733 529 1759 naves
585 1721 862 1771 tempestatibus
909 1720 988 1757 illuc

336 1777 475 1815 delatas
504 1777 659 1828 diripere
686 1776 851 1814 solebant
872 1777 988 1826 ipsos-

335 1846 408 1881 que
453 1836 582 1870 nautas
627 1833 806 1870 abducere
853 1845 987 1869 servos.

333 1889 443 1927 Plura
488 1889 689 1939 interprett.
740 1889 788 1925 ad
836 1888 984 1938 Scymn.

331 1944 462 1982 Chium
492 1957 542 1981 vs.
569 1947 650 1985 723
679 1957 762 1994 pag.
783 1945 864 1984 390
888 1944 934 1980 T.
954 1944 986 1980 ΙΙ

332 2000 392 2037 ed.
423 1999 518 2036 Gail.
549 1999 731 2038 Mannert.
751 1999 818 2036 VII
846 2013 881 2050 p.
908 1999 986 2041 148

333 2067 437 2105 seqq.
459 2054 675 2093 Tzschucke
693 2056 741 2092 ad
759 2055 847 2092 Mel.
871 2056 925 2103 ll,
960 2057 987 2095 2

334 2124 421 2161 pag.
443 2113 497 2152 97
526 2124 602 2161 seq.
632 2114 725 2148 nott.
752 2124 880 2160 exegg.
905 2111 986 2149 Vol.

335 2166 389 2202 ΙΙΙ
412 2167 454 2203 P.
485 2167 519 2204 ΙΙ
548 2166 627 2204 coll.
655 2171 749 2205 nott.
780 2167 875 2204 critt.
902 2180 987 2218 pag.

337 2221 391 2261 94
409 2234 485 2270 seq.
506 2222 586 2260 Vol.
606 2223 638 2260 11
658 2222 698 2259 P.
720 2222 764 2262 ΙΙ.

392 2275 458 2314 καὶ
503 2275 602 2329 ὑπὲρ
644 2274 910 2330 Ἀπολλωνίης
948 2293 988 2318 τε

337 2329 405 2369 καὶ
427 2333 692 2384 Μεσαμβρίης
720 2331 857 2382 πόλιος
880 2335 988 2385 οἰκη-

337 2385 473 2436 μένοι]
504 2388 661 2426 Primum
689 2389 757 2428 καὶ
780 2396 863 2428 ante
886 2389 986 2441 ὑπὲρ

336 2454 358 2479 a
376 2442 587 2481 Florentino
617 2445 697 2483 cod.
721 2446 835 2482 abest.
877 2446 987 2483 Haud

338 2497 439 2536 male.
491 2498 549 2537 De
586 2499 773 2549 Apollonia
799 2502 887 2538 urbe
915 2503 987 2538 dixi

336 2554 384 2589 ad
403 2553 468 2601 lv,
498 2556 562 2595 90.
592 2554 803 2593 Mesembria
824 2557 870 2593 ad
892 2557 992 2595 Hae-

338 2608 385 2645 mi
430 2610 701 2648 meridionalem
750 2612 990 2650 declivitatem

333 2664 403 2701 sita
423 2665 569 2712 dicitur,
597 2679 690 2704 nunc
707 2667 742 2703 in
761 2668 875 2705 vicum
893 2682 990 2705 com-

337 2723 499 2768 mutata,
539 2722 597 2759 cui
626 2735 758 2761 nomen
790 2721 992 2761 Misserirz'a

1358 717 1572 754 Tzschucke
1610 716 1631 752 l.
1665 715 1688 752 l.

1036 786 1069 823 p.
1088 772 1140 812 94
1174 776 1263 808 nott.
1294 785 1422 821 exegg.
1454 787 1489 822 p.
1515 775 1564 812 91
1596 776 1687 809 nott.

1037 830 1130 865 critt.
1171 827 1221 864 Et
1248 829 1292 864 cf.
1317 828 1495 865 Herodot.
1519 828 1590 873 V‚1
1621 829 1689 875 33,

1038 885 1098 921 ubi
1117 888 1200 933 post
1219 884 1441 921 Graecorum
1451 883 1689 920 Asiaticorum

1039 940 1255 977 seditionem
1282 951 1304 975 a
1321 938 1434 976 Dario
1455 939 1690 989 compositam

1038 995 1235 1044 Byzantios
1273 994 1526 1032 Mesembriam
1566 995 1691 1031 condi-

1039 1052 1137 1089 disse
1165 1051 1316 1100 legimus
1344 1064 1410 1088 nec
1431 1051 1624 1088 admodum
1643 1050 1692 1087 illi

1039 1108 1233 1154 recedunt,
1280 1107 1364 1156 qui,
1412 1119 1484 1156 quo
1528 1112 1692 1157 tempore

1041 1164 1212 1201 adversus
1248 1163 1403 1212 Scythas
1435 1164 1614 1213 profectus
1646 1164 1692 1199 sit

1039 1220 1186 1265 Darius,
1206 1220 1330 1256 urbem
1348 1220 1495 1256 tradunt
1511 1219 1692 1256 conditam

1042 1288 1132 1313 esse.
1173 1274 1225 1312 At
1256 1275 1324 1311 hoc
1351 1276 1397 1313 de
1417 1274 1554 1312 colonia
1575 1276 1610 1311 in
1633 1287 1692 1311 ur-

1042 1332 1125 1369 bem
1157 1331 1228 1368 iam
1265 1335 1374 1368 antea
1417 1332 1597 1368 conditam
1627 1331 1691 1367 de-

1042 1400 1115 1424 nuo
1134 1387 1241 1424 ducta
1254 1387 1457 1436 intelligere
1473 1386 1602 1425 licebit.
1634 1386 1691 1423 Cf.

1042 1443 1378 1480 Raoul—Rochette
1394 1443 1490 1479 Hist.
1518 1443 1564 1479 de
1590 1442 1692 1479 l'eta-

1043 1499 1139 1535 bliss.
1160 1499 1196 1535 d.
1216 1497 1282 1537 col.
1305 1499 1371 1535 Gr.
1394 1498 1442 1535 ΙΙΙ
1461 1510 1546 1548 pag.
1567 1497 1661 1539 275.

1098 1548 1348 1605 Σκυρμιοῖδαι
1391 1552 1458 1592 καὶ
1496 1555 1691 1603 Νιψαῖοι]

1040 1609 1143 1647 Libri
1175 1623 1255 1647 cum
1289 1611 1485 1656 fluctuent,
1525 1609 1694 1658 equidem

1041 1666 1242 1714 Schweigb.
1266 1669 1303 1703 et
1321 1666 1435 1704 Gaisf.
1461 1666 1563 1715 sequi
1582 1666 1693 1703 satius

1043 1722 1139 1758 duxi.
1193 1721 1311 1770 Vulgo
1354 1722 1437 1758 olim
1466 1717 1693 1772 Κυρμιάναι

1042 1775 1110 1815 καὶ
1135 1780 1342 1826 Μυψαῖοι.
1387 1777 1468 1816 Nec
1494 1777 1566 1814 ulla
1597 1777 1694 1823 alibi,

1044 1834 1144 1882 quod
1178 1835 1309 1881 sciam,
1355 1835 1539 1882 utriusque
1576 1835 1695 1882 gentis

1042 1889 1191 1929 mentio.
1229 1890 1288 1927 Tu
1315 1891 1410 1927 conf.
1430 1890 1609 1927 Mannert.
1628 1889 1696 1926 V11

1041 1958 1128 1996 pag.
1154 1947 1219 1986 33.
1243 1966 1298 1973 ——
1336 1945 1392 1983 Ad
1417 1941 1583 1996 ἆμαχητὶ
1601 1945 1696 1984 cons.

1044 2001 1117 2047 lv,
1145 2003 1206 2042 11.

1097 2054 1196 2108 πρός
1231 2053 1521 2109 ἀγνωμοσύνην
1548 2053 1696 2108 τραπό-

1044 2112 1177 2165 μενοι]
1208 2114 1230 2152 ἰ.
1261 2127 1292 2152 e.
1319 2116 1528 2162 arrogantia
1549 2117 1696 2160 utentes,

1043 2171 1214 2206 obstinate
1249 2173 1464 2216 resistentes,
1508 2174 1550 2206 ut
1583 2170 1696 2206 inter-

1043 2230 1207 2276 pretatur
1229 2226 1431 2274 Schweigh.
1455 2226 1491 2261 in
1508 2224 1598 2262 Lex.
1616 2224 1693 2262 He-

1045 2282 1162 2318 rodot.
1194 2281 1254 2319 Tu
1272 2282 1344 2318 vid.
1367 2286 1455 2318 nott.
1477 2281 1524 2317 ad
1544 2281 1589 2326 ΙΙ,
1615 2283 1695 2321 172

1045 2341 1081 2374 et
1106 2338 1153 2374 de
1183 2338 1292 2374 verbo
1316 2335 1527 2387 τρέπεσθαι
1545 2337 1598 2382 ll,
1629 2334 1694 2377 45.

1045 2393 1108 2437 ΙΙΙ,
1126 2395 1180 2433 78
1199 2393 1320 2441 ibique
1336 2397 1429 2429 nott.
1447 2413 1503 2419 —-
1532 2392 1573 2429 In
1591 2404 1693 2441 seqq.

1045 2460 1123 2484 eum
1151 2448 1240 2484 Gais
1244 2449 1267 2484 f.
1306 2449 1437 2486 retinui
1472 2444 1696 2498 ἀνδρειότα-

1044 2518 1104 2541 τοι
1126 2502 1192 2541 nal
1216 2499 1470 2549 δικαιότατοι,
1500 2505 1597 2541 cuius
1617 2504 1695 2541 loco

1047 2571 1163 2608 nuper
1189 2565 1391 2610 receptum:
1434 2555 1698 2610 ἀνδρειότατοι

1047 2613 1114 2652 καὶ
1158 2611 1436 2664 γενναιότατοι.
1503 2616 1696 2665 Vulgatam

1048 2670 1237 2708 confirmat
1264 2672 1430 2710 Eustath.
1468 2672 1517 2710 ad
1546 2671 1697 2721 Dionys

1049 2726 1190 2776 Perieg.
1209 2726 1301 2769 304.
