1863 3256
25 327 27 365 ζ

10 395 26 484 ,ἒῖ

9 577 23 709 ἰ

7 710 15 818 l

1 819 13 889 l

1 891 12 963 i

0 958 12 1010 i

0 1018 11 1042 It

22 552 24 595 ἶ
68 554 182 591 fuisse
211 552 318 588 docet
344 549 506 586 Heeren.
533 547 556 585 Ι.
590 549 613 585 l.

533 208 879 251 THALIA.

129 322 297 380 διάτήν
312 322 514 378 ψάμμον·
555 319 602 362 ἐν
633 319 686 376 δὴ
718 315 782 363 niv
810 322 865 376 τῇ
893 317 1046 376 ἐρημίῃ
1076 317 1213 376 ταύτῃ
1244 321 1316 363 καὶ
1345 326 1398 378 τῇ
1411 331 1519 363 80ῩΙΠῊ
1547 336 1639 363 genna
1666 329 1734 357 vul-

122 394 284 452 ψάμμῳ
314 395 508 449 γίνονται
537 389 784 448 μύρμηκες,
828 389 1023 447 μεγάθεα
1054 390 1223 447 ἔχοντες
1252 397 1401 435 κυνῶν

673 547 732 586 De

68 610 158 660 ipsis
180 608 330 646 desertis
349 605 485 643 consul.
507 605 733 642 Wahl.Erd-

68 665 208 703 beschr.
230 676 262 700 v.
286 663 435 700 Ostind.
465 675 503 713 p.
526 661 603 702 481
627 675 732 711 seqq.

20 740 22 748 ²
66 721 149 762 744
166 732 243 769 seq.

124 777 300 830 γίνονται
329 770 554 826 μύρμηκες]
586 771 645 811 Ad
675 787 733 812 se-

65 846 180 885 quens
206 827 384 884 μεγάθεα
406 832 500 868 conf.
522 831 568 877 ΙΙ,
595 833 644 871 10
665 831 732 868 ibi-

66 903 137 941 que
151 895 241 926 nott.
258 911 308 917 —
329 889 388 925 Ad
401 901 475 925 rem
498 889 635 938 optime
653 900 732 924 mo-

64 947 142 986 nuit
163 946 322 984 I-Ieeren.
346 945 456 983 ldeen
476 945 505 992 I,
533 949 549 985 1
576 958 612 995 p.
634 946 729 992 342,

65 1004 142 1041 sive
166 1003 239 1041 veri
268 1002 357 1052 quid
379 1002 729 1039 inessestatuamus

63 1059 101 1098 in
131 1061 199 1097 hac
235 1060 283 1097 de
314 1059 473 1096 formicis
503 1059 728 1105 narratione,

69 1117 124 1154 cui
148 1116 323 1163 bestiola,
339 1128 433 1165 quae
455 1115 501 1152 ad
522 1116 636 1152 instar
660 1116 729 1152 cri-

8 1195 17 1209 ¹1
63 1174 136 1211 ceti
156 1174 192 1210 in
224 1178 359 1210 terram
392 1185 432 1209 se
461 1171 595 1218 abdat,
626 1184 730 1208 occa-

65 1231 205 1267 sionem
225 1229 380 1276 dederit,
412 1229 488 1265 sive
506 1228 627 1265 omnia
647 1227 728 1278 pla-

62 1299 110 1324 ne
151 1286 234 1323 ficta
275 1286 500 1330 iudicemus,
541 1285 629 1321 certi
670 1284 729 1321 vix

63 1343 262 1392 quidquam
292 1342 397 1378 nobis
414 1345 535 1379 terrae
555 1342 667 1391 ipsius
690 1345 728 1379 et

61 1399 290 1446 animalium,
321 1411 416 1448 qnae¹
441 1398 526 1445 alat,
558 1403 728 1435 naturam

0 1482 1 1487 ,
60 1456 315 1505 ignorantibus
336 1455 444 1492 statui
467 1467 598 1505 posse,
620 1468 728 1505 prae-

6 2453 7 2456 ’
62 2452 101 2483 lis
131 2454 238 2484 Indiae
274 2456 433 2492 continet,

63 1514 186 1550 sertim
207 1526 286 1549 cum
311 1513 495 1561 regioneS,
525 1512 572 1549 de
595 1512 728 1560 quibus

0 1573 13 1604 ,Q
60 1569 120 1607 hic
154 1582 296 1616 sermO,
337 1569 565 1606 orientalium
596 1568 725 1605 fabulis

12 1645 13 1651 ¹
61 1627 218 1664 maxime
257 1625 462 1664 celebratae
499 1626 571 1662 sint
612 1625 742 1673 (confi,

61 1682 211 1720 Excurs.
234 1683 282 1719 ad
304 1682 375 1729 ΙΙΙ,
399 1683 494 1729 98),
526 1694 621 1731 quae
641 1682 726 1719 inde

60 1752 129 1790 per
145 1752 290 1776 omnem
305 1739 496 1776 Orientem
515 1739 728 1776 Graeciam-

62 1809 136 1845 que
167 1797 260 1833 adeo
288 1800 515 1846 propagatae
546 1796 726 1833 fluxerint.

59 1852 194 1902 Neque
224 1857 347 1889 tamen
377 1866 521 1889 omnem
548 1854 728 1889 narratio-

0 1934 2 1943 ,
60 1921 144 1946 nem
176 1922 323 1959 prorsus
343 1909 465 1946 fictam
495 1909 726 1956 crediderim,

0 1973 1 2011 l
61 1979 143 2002 cum
172 1965 385 2003 Herodotus
416 1967 452 2002 iu
483 1965 565 2002 aula
591 1965 727 2003 Persa-

0 2027 2 2054 }
59 2035 140 2059 rum
170 2035 298 2071 regum
327 2022 472 2070 (Susis,
503 2023 634 2070 credo,
665 2023 727 2060 ubi

0 2083 1 2089 ’
59 2078 291 2117 Herodotum
332 2079 451 2130 ipsum
492 2080 604 2116 fuisse
644 2092 726 2117 cum

59 2134 290 2173 Dahlmanno
318 2137 355 2173 in
381 2135 523 2174 Herod.
557 2148 643 2186 pag.
669 2137 724 2178 77

62 2196 219 2230 statuere
249 2193 388 2244 placet)
416 2193 622 2230 huiusmodi
651 2194 726 2230 for-

58 2248 169 2297 micas
198 2250 236 2286 in
271 2251 377 2286 India
409 2254 536 2300 captas
571 2254 609 2287 et
639 2250 725 2288 inde

61 2306 231 2344 advectas
259 2306 306 2343 ali
327 2306 471 2344 scribat.
532 2306 600 2343 Cui
626 2306 725 2345 aliud

938 209 1002 248 111.
1316 217 1398 257 137

1456 369 1507 394 pm«
1527 364 1734 396 magnitudine

1457 398 1679 429 eruperantinm:
1703 406 1734 423 e-

1459 434 1574 461 gestum
1612 431 1649 457 ab
1688 430 1735 458 his

790 548 1001 587 recentioris
1022 547 1197 601 temporis
1208 546 1456 586 testimonium

789 605 894 642 addit
923 606 1096 643 Larcher.
1127 619 1171 644 ex
1197 605 1343 642 Thuan.
1372 605 1456 643 hist.

789 662 913 698 XXIII
939 676 975 713 p.
998 664 1074 704 461
1101 667 1137 701 et
1155 663 1337 712 Busbecq.
1356 662 1453 713 Epp.

791 717 903 756 'l'urc.
936 718 975 765 4,
1005 732 1026 756 a
1060 720 1252 757 Persarum
1283 731 1332 756 sc.
1365 731 1455 768 rege

789 788 886 812 anno
908 775 1075 812 MDLIX
1098 781 1280 813 oratorem
1311 776 1358 812 ad
1383 777 1455 812 So-

788 832 958 869 limanum
979 834 1127 870 missum
1141 833 1251 870 fnisse
1272 846 1352 869 cum
1374 845 1454 869 mu-

786 889 932 927 neribus
943 904 953 935 ·,
966 890 1059 926 inter
1069 903 1164 939 quae
1175 890 1253 940 ipsa
1263 887 1372 927 fuisse
1383 891 1457 926 sor-

787 946 1347 995 micamIndicammagnitudine
1358 947 1456 983 canis

788 1004 991 1050 mediocris,
1002 1003 1135 1040 animal
1154 1003 1306 1040 mordax
1321 1016 1362 1039 ac
1375 1016 1457 1041 sae-

786 1073 870 1096 vum
891 1059 940 1110 *).
1000 1059 1134 1108 Neque
1155 1073 1240 1097 vero
1271 1060 1455 1105 formicas,

787 1129 883 1165 quae
909 1115 1019 1165 vulgo
1047 1117 1235 1163 dicuntur,
1266 1115 1326 1153 hic
1348 1116 1454 1154 intel-

787 1172 847 1221 ligi
871 1173 1018 1219 debere,
1040 1173 1105 1210 sed
1125 1174 1264 1209 maiora
1284 1173 1456 1210 animalia

786 1228 940 1279 pellibus
979 1230 1130 1276 induta,
1161 1242 1233 1265 non
1262 1230 1380 1266 minus
1412 1243 1457 1267 ex

786 1285 901 1335 ipsius
941 1285 1125 1322 Herodoti
1173 1285 1296 1323 verbis
1337 1289 1455 1336 patet,

788 1355 898 1391 quam
914 1342 1167 1392 Megasthenis
1189 1357 1209 1380 e
1228 1343 1454 1390 testimonio,

786 1400 848 1448 qui
868 1400 947 1449 ipse
975 1401 1011 1436 in
1033 1399 1137 1435 India
1162 1399 1275 1450 pelles
1297 1399 1454 1449 vulpinis

785 1457 939 1494 maiores
957 1469 996 1494 se
1016 1456 1153 1494 vidisse
1179 1457 1336 1493 affirmat
1354 1456 1454 1506 apud

786 1512 931 1550 Arrian.
956 1513 1035 1550 lnd.
1068 1513 1131 1558 15,
1163 1514 1220 1550 cni
1242 1513 1328 1550 add.
1350 1514 1455 1550 Stra-

787 1571 871 1607 bon.
894 1570 964 1608 XV
992 1583 1028 1621 p.
1052 1572 1133 1611 706
1163 1582 1191 1606 s,
1215 1571 1333 1611 1032.
1357 1569 1388 1607 ΙΙ
1415 1584 1454 1620 p.

787 1629 840 1668 70
861 1640 888 1663 s.
915 1629 1006 1668 121.
1037 1625 1178 1664 Aelian.
1198 1627 1247 1664 H.
1268 1625 1314 1663 A.
1332 1626 1396 1674 ΙΙΙ,
1415 1624 1452 1666 4.

785 1684 966 1734 Pompon.
987 1682 1073 1720 Mel.
1095 1683 1157 1728 ΙΙΙ,
1177 1687 1202 1724 7
1234 1682 1270 1734 ξ.
1290 1686 1328 1723 2.
1359 1683 1452 1720 Plin.

785 1740 833 1777 H.
850 1741 897 1777 N.
912 1740 977 1786 XI,
991 1739 1240 1787 36 XXX11L
1253 1743 1317 1779 21.
1331 1736 1453 1777 Schol.

786 1798 833 1834 ad
856 1796 1029 1847 Sophocl.
1059 1796 1182 1845 Antig.
1205 1799 1326 1836 1037.
1351 1796 1453 1834 The-

784 1854 882 1891 mist.
912 1854 977 1890 Or.
998 1853 1138 1890 XXVII
1164 1866 1200 1904 p.
1226 1855 1308 1894 337
1332 1853 1375 1890 C.
1404 1853 1455 1891 D.

786 1911 892 1953 Quae
924 1923 1001 1946 cum
1030 1911 1082 1946 ita
1105 1910 1202 1956 sint,
1234 1911 1369 1947 Comes
1403 1911 1451 1948 de

784 1966 975 2004 Veltheim.
1004 1967 1041 2003 in
1070 1966 1328 2013 Commentat.,
1355 1979 1451 2015 quae

783 2024 1012 2061 inscribitur:
1043 2023 1153 2070 „Von
1176 2024 1247 2059 den
1275 2023 1452 2072 goldgra-

783 2081 930 2117 benden
945 2078 1114 2118 Ameisen
1131 2081 1206 2117 und
1219 2080 1371 2118 Greisen
1385 2081 1452 2117 der

782 2135 920 2174 Alten“
938 2137 1183 2185 (Vermischte
1196 2136 1296 2173 Aufs.
1314 2136 1398 2173 T.ll
1414 2151 1449 2187 p.

782 2197 865 2234 267
876 2194 1015 2243 seqq.)‚
1028 2194 1211 2231 Herodoti
1222 2194 1357 2230 hancce
1368 2206 1452 2230 nar-

781 2251 961 2288 rationem
978 2250 1130 2287 relatam
1146 2249 1221 2287 vult
1240 2251 1287 2287 ad
1310 2251 1386 2287 auri
1400 2250 1454 2286 lo-

781 2309 920 2346 tionem
948 2308 1134 2357 quandam
1156 2308 1192 2344 in
1217 2307 1272 2344 his
1296 2307 1451 2345 desertis

152 2406 186 2447 *)
211 2408 245 2439 In
266 2408 377 2439 codice
397 2405 581 2448 Misniensi,
617 2408 668 2448 qui
700 2409 869 2449 epistolam
896 2410 1023 2441 Ioannis
1052 2410 1231 2450 presbyteri
1256 2409 1296 2440 de
1314 2410 1453 2440 miracu-

478 2456 558 2485 haee
598 2456 765 2495 leguntur:

812 2479 833 2495 „
847 2458 880 2486 In
904 2456 1038 2495 quadarn
1066 2456 1229 2496 provincia
1251 2459 1361 2486 nostra
1380 2458 1453 2485 sunt

62 2499 211 2530 formicae
234 2501 264 2530 in
285 2502 500 2540 magnitudine
520 2502 708 2541 catulorum,
736 2502 891 2532 habentes
908 2502 962 2532 Vll
985 2502 1082 2542 pedes
1105 2505 1138 2532 et
1159 2503 1227 2532 alas
1243 2502 1348 2535 1v.—-
1366 2503 1452 2533 istae

62 2545 213 2576 formicae
232 2547 271 2577 ab
293 2557 407 2577 occasu
424 2548 500 2578 solis
518 2547 559 2577 ad
578 2551 679 2578 ortum
700 2551 861 2578 morantur
879 2549 935 2578 sub
958 2551 1045 2578 terra
1063 2551 1095 2578 et
1115 2548 1236 2578 fodiunt
1257 2548 1453 2588 purissimum

63 2599 172 2621 aurum
200 2595 269 2622 tota
294 2596 388 2623 nocte
415 2609 456 2616 -
485 2596 640 2632 quaerunt
669 2591 783 2624 victum
810 2604 897 2624 suum
927 2597 995 2625 tota
1020 2595 1083 2626 die.
1101 2612 1146 2616 -—
1173 2595 1205 2624 ln
1229 2597 1323 2624 nocte
1345 2597 1453 2624 autem

63 2636 193 2666 veniunt
219 2637 358 2669 homines
389 2639 429 2670 de
456 2640 577 2670 eunctis
599 2640 782 2670 civitatibus
805 2641 847 2670 ad
868 2641 1077 2680 colligendum
1097 2641 1199 2680 ipsum
1214 2650 1322 2670 aurum
1346 2643 1379 2670 et
1395 2641 1454 2669 im-

64 2685 182 2721 ponunt
200 2684 428 2723 eiephantibus.
450 2701 494 2707 —
519 2686 652 2718 Quando
671 2686 822 2717 formicae
841 2690 915 2717 sunt
933 2697 1028 2727 snpra
1046 2689 1183 2725 terram,
1215 2687 1315 2716 nullus
1333 2686 1376 2716 ibi
1395 2694 1452 2715 au-

64 2728 127 2759 det.
140 2728 314 2765 accedere,
351 2728 481 2771 propter
503 2732 723 2762 crudelitatem
745 2735 778 2762 et
793 2733 995 2764 ferocitatem
1015 2734 1187 2773 ipsa1·um.“
1234 2732 1349 2762 Attulit
1371 2731 1451 2760 haec

64 2773 242 2805 Tzschuck.
259 2775 300 2804 ad
319 2775 467 2817 Pompon.
491 2778 564 2809 Mel.
590 2778 650 2815 ΙΙΙ,
680 2781 698 2808 7
724 2778 756 2817 §-
773 2781 791 2808 2
821 2787 894 2819 pag.
914 2782 1000 2818 245,
1035 2780 1088 2809 ubi
1111 2779 1172 2809 boc
1199 2787 1320 2817 quoque
1350 2776 1451 2812 addit,

63 2819 218 2849 Arabicos
240 2819 414 2859 scriptores
437 2823 568 2862 eadem,
598 2834 679 2863 quae
702 2823 888 2855 Herodotus
905 2825 1030 2865 prodit,
1063 2824 1238 2863 iisdemque
1268 2822 1373 2853 verbis
1400 2830 1453 2851 re-

63 2864 160 2896 ferre.
209 2865 300 2896 Cons.
323 2867 421 2919 notio.
440 2871 473 2899 et
492 2872 574 2900 extr.
599 2870 631 2902 d.
651 2870 809 2902 Manuscr.
828 2871 869 2902 de
888 2871 919 2902 la
940 2871 1018 2902 bibl.
1036 2870 1077 2901 du
1095 2871 1170 2901 Roi.
1191 2870 1220 2902 ΙΙ
1239 2879 1270 2910 p.
1292 2869 1369 2898 420-
