1946 3272
628 197 978 239 THALlA.
1037 199 1101 237 111.

1447 207 1503 245 39

221 308 386 362 αὐτούς
420 309 464 360 ἐς
501 305 605 358 τούς
643 309 887 359 Αἰθίοπας,
938 307 1237 363 ἐντειλάμενος
1273 309 1326 351 τοὶ
1364 311 1503 366 λέγειν
1563 317 1645 360 204

217 381 320 438 χρὴ,
361 379 432 423 καὶ
462 381 586 434 δῶρα
613 379 852 435 φέροντας,
897 378 1159 435 πορφύρεόν
1188 395 1230 421 τε
1261 376 1382 434 εἷμα,
1428 383 1554 425 naiso

1557 370 1761 404 Elephantina
1787 379 1837 398 ur-

1560 404 1593 429 be
1605 405 1755 437 arcessiti,
1767 406 1832 431 mis-

1558 437 1582 462 si
1610 437 1649 463 ad
1674 438 1779 465 Aethio
1792 447 1835 466 »cs

216 449 402 508 χρύσεον
431 450 641 506 στρεπτὸν
669 449 999 505 περιαυχένιον,
1032 450 1103 494 καὶ
1133 449 1286 502 ψέλια,
1315 451 1390 494 καὶ
1420 452 1500 508 μύ-
1558 477 1621 508 οιψι
1642 471 1744 498 donis:
1804 481 1835 499 e-

187 529 305 577 2ρου
335 519 631 577 ἀλάβαστρον,
672 522 744 565 καὶ
776 524 1035 577 φοινικηίου
1067 524 1194 566 οἴνου
1235 521 1388 566 κάδον.
1447 525 1500 566 Οἱ

215 593 262 637 δὲ
289 594 502 644 Αἰθίοπες
531 593 675 644 οὑτοι,
714 591 757 643 ἐς
788 591 893 644 τούς
924 592 1140 650 ἀπέπεμπε
1184 593 1208 638 ὁ
1238 595 1495 651 Καμβύσης,

214 665 416 720 λέγονται
462 662 576 708 εἶναι
618 664 813 720 μέγιστοι
861 665 936 708 καὶ
975 664 1201 709 κάλλιστοι
1241 664 1498 722 ἀνθρώπων

375 813 486 863 Cap.
517 809 600 847 XX.

209 863 488 919 ἐντειλάμενος
515 864 562 906 ἰα’
582 864 708 919 λέγειν
730 865 820 920 χρή]

151 926 184 964 Ε
207 926 442 976 Wesselingii
464 926 550 963 edd.
576 931 821 975 propagatum

151 984 241 1021 suit:
272 979 320 1022 τά
343 997 391 1022 τε
414 981 540 1035 λέγειν
560 983 674 1032 χρῆν,
694 995 822 1031 quam-

151 1052 262 1090 quam
288 1040 504 1092 particulam
535 1053 575 1078 τε
603 1038 682 1075 libri
714 1040 822 1088 igno-

150 1102 249 1144 rant,
281 1098 444 1148 exceptis
464 1096 652 1134 Sancrosti
669 1095 760 1133 libro
783 1101 821 1134 et

149 1154 381 1202 Vindobon.,
413 1155 475 1203 qui
494 1166 574 1191 eam
596 1157 681 1202 post
701 1151 820 1192 ἐντει-

148 1206 321 1261 λάμενος
339 1210 531 1247 collocant.
592 1210 717 1253 Quare
738 1223 818 1247 cum

147 1280 240 1305 rece.
261 1268 346 1305 edd.
366 1267 479 1305 abieci
498 1281 550 1305 τε.
590 1269 678 1303 Mox
697 1279 717 1303 e
736 1267 819 1304 Me-

150 1324 270 1371 dieeo,
301 1324 519 1362 Florentino
546 1323 716 1372 binisque
738 1324 817 1361 aliis

147 1381 256 1418 codd.
273 1382 395 1431 recepi
416 1376 490 1433 χρή
508 1393 576 1432 pro
595 1382 710 1432 χρῆν,
731 1394 819 1431 pro-

147 1437 262 1476 bante
281 1437 483 1485 Matthiae,
515 1438 578 1487 qui
605 1440 706 1488 χρῆν
735 1438 818 1476 huic

145 1493 226 1532 loco
246 1495 441 1533 convenire
455 1495 533 1532 iure
554 1494 660 1531 nobis
676 1505 818 1544 'negare

145 1552 313 1600 videtur,
345 1553 463 1589 citans
495 1564 591 1601 quae
619 1552 816 1602 disputarit

145 1609 194 1645 ad
219 1607 387 1659 Euripid.
415 1609 506 1646 Hec.
536 1611 629 1650 262.
657 1609 814 1660 Hippol.

143 1665 240 1706 296.
271 1665 365 1706 344.
404 1664 584 1703 Androm.
619 1664 714 1707 424.
747 1667 814 1703 Gr.

145 1721 279 1759 Graec.
306 1720 343 1772 ἓ.
370 1721 451 1764 505
494 1727 570 1759 not.
603 1736 688 1772 pag.
717 1724 811 1764 958.

142 1797 199 1806 —-·
218 1776 279 1815 Ad
294 1779 394 1816 dona
419 1779 519 1828 quod
537 1779 682 1826 attinet,
713 1781 810 1817 conf.

141 1833 284 1873 Aelian.
313 1836 358 1872 V.
386 1835 436 1872 H.
465 1836 493 1884 Ι,
521 1838 589 1882 22,
623 1836 685 1872 ubi
716 1837 811 1873 inter

140 1891 241 1928 dona
271 1891 405 1940 legatis
437 1905 460 1929 a
491 1893 686 1930 Persarum
719 1906 809 1941 rege

139 1948 251 1985 tribui
271 1949 378 1986 solita
396 1954 645 1987 memorantur
659 1963 807 1999 quoque

139 2005 320 2052 armillae,
351 2011 502 2055 torques
532 2011 568 2043 et
600 2007 695 2043 stola
726 2007 808 2045 Me-

139 2062 232 2099 dica.
284 2062 398 2112 Atqui
418 2063 689 2100 Macrobiorurn
703 2065 805 2113 regio

138 2131 218 2156 cum
242 2132 332 2157 auro
353 2120 532 2167 abundet,
562 2120 653 2158 haec
679 2134 806 2158 mune-

136 2188 177 2212 ra
197 2189 219 2213 a
231 2176 417 2226 Cambyse
435 2191 501 2227 per
525 2177 720 2215 ludibrium
736 2191 804 2228 po-

136 2232 208 2269 tius
237 2234 349 2270 missa
382 2234 500 2271 videri
532 2234 607 2271 vult
641 2234 802 2272 Heeren.

135 2288 252 2327 ldeen
278 2290 302 2327 l.
328 2290 351 2327 l.
382 2304 468 2342 pag.
499 2291 602 2337 3463
637 2295 678 2328 ut
709 2291 803 2329 indi-

135 2347 357 2395 gnabundus
408 2347 681 2385 Macrobiorum
740 2362 803 2386 rex

134 2402 205 2440 alio
223 2404 328 2453 quasi
343 2404 422 2441 lusu
441 2405 686 2455 responderit.

193 2459 262 2499 καὶ
291 2460 426 2510 ψέλια,
455 2460 523 2500 καὶ
546 2457 678 2513 μύρου
706 2457 800 2500 α’λᾶ-

137 2515 325 2569 βαστρον]
357 2517 478 2567 ψέλια
504 2519 545 2567 (i.
568 2533 599 2557 e.
620 2519 800 2568 armillae)

136 2572 300 2623 plerique
323 2575 406 2612 libri
427 2577 524 2625 iique
546 2577 684 2626 optimi.
730 2576 800 2613 Alii

137 2627 310 2677 ψέλλια.
346 2632 407 2669 Τιι
433 2633 558 2670 confer
578 2633 626 2669 sis
645 2633 709 2680 lll,
732 2636 799 2673 22.

137 2683 199 2732 lV,
212 2690 301 2729 168.
320 2689 530 2736 ΙΧ,79.-
551 2685 681 2742 μύρου
701 2685 799 2728 οἷλᾶ-

137 2740 307 2794 βαστρον
337 2750 393 2784 est
416 2746 602 2784 vasculum
631 2760 651 2785 e
678 2746 799 2797 lapide

135 2796 344 2839 alabastrite
383 2805 588 2841 consectum
625 2804 799 2854 myrrhis-

135 2866 208 2903 que
234 2857 431 2907 repletum,
458 2860 568 2911 plane
594 2865 634 2898 ut
661 2860 797 2898 Plinius

880 811 1026 858 scribit,
1057 825 1079 849 a
1102 812 1291 850 Larchero
1311 811 1497 860 laudatus,
1519 812 1555 849 in

880 868 976 906 Hist.
1006 868 1096 907 Nat.
1126 869 1309 915 XXXVI,
1349 871 1374 910 8
1409 868 1486 917 (T.
1524 869 1554 906 11

880 939 915 976 p.
940 925 1066 975 734):
1110 926 1322 979 „Lapidem
1358 925 1554 963 alabastri-

880 987 945 1020 ten
967 1012 975 1020 .
997 1010 1006 1020 .
1026 1011 1035 1020 .
1060 988 1191 1021 cavant
1203 985 1251 1020 ad
1271 995 1357 1020 vasa
1384 996 1552 1031 unguen-

880 1040 996 1087 taria,
1028 1041 1201 1090 quoniam
1235 1041 1372 1092 optime
1405 1053 1550 1078 servare

879 1097 1091 1147 incorrupta
1119 1098 1296 1134 dicitur.“
1337 1098 1379 1133 In
1404 1096 1550 1146 Evang.

878 1153 1012 1190 Matth.
1042 1154 1177 1202 XXVI,
1201 1158 1226 1194 7
1272 1153 1376 1190 simili
1400 1167 1549 1204 prorsus

877 1211 987 1247 modo
1019 1209 1154 1259 legitur
1185 1204 1440 1261 α’λᾶβαστρον
1470 1206 1549 1261 μύ-

877 1281 964 1318 ρου.
1005 1266 1063 1305 De
1086 1280 1161 1317 quo
1182 1268 1338 1318 plurima
1359 1268 1547 1316 congessit

875 1323 1106 1362 Schleusner.
1131 1325 1168 1362 in
1194 1324 1287 1362 Lex.
1314 1325 1363 1362 N.
1385 1324 1428 1361 F.
1457 1337 1486 1361 s.
1509 1338 1544 1363 v.

875 1380 890 1418 1
918 1394 1006 1432 pag.
1035 1380 1127 1422 114.
1175 1381 1320 1429 „Adde
1347 1381 1544 1419 Winckel-

875 1439 999 1476 manni
1021 1452 1134 1489 opera
1144 1438 1225 1476 Vol.
1247 1439 1296 1476 lll
1316 1452 1350 1489 p.
1367 1441 1445 1480 126
1458 1452 1543 1488 sqq.

875 1499 911 1533 et
939 1509 973 1546 p.
1004 1494 1088 1536 354-
1106 1508 1188 1544 sqq.
1211 1497 1269 1533 ed.
1302 1508 1385 1532 nov.
1407 1495 1541 1533 Dresd.

874 1552 922 1589 G.
944 1553 993 1589 H.
1021 1552 1173 1589 Martini
1198 1554 1246 1590 ad
1273 1553 1299 1589 Ι.
1320 1554 1363 1589 A.
1381 1552 1544 1590 Ernestii

870 1608 1112 1657 Archaeolog.
1156 1623 1192 1659 p.
1227 1611 1305 1650 137
1333 1613 1372 1647 et
1399 1609 1545 1660 praeci-

871 1679 943 1716 pue
968 1666 994 1703 l.
1018 1667 1064 1703 G.
1095 1666 1313 1704 Schneideri
1343 1666 1539 1704 Annotatt.

870 1723 907 1758 in
938 1723 1238 1773 Theophrastum
1265 1724 1312 1761 de
1352 1723 1541 1760 Odoribus

870 1777 907 1830 ἓ.
928 1778 983 1820 40
1005 1793 1093 1830 pag.
1116 1781 1199 1820 665
1218 1782 1303 1830 sq.“
1325 1779 1392 1817 Cr.
1425 1780 1539 1824 Quod

867 1849 954 1874 vero
999 1849 1043 1873 ex
1084 1837 1254 1873 Eustath.
1297 1837 1346 1873 ad
1381 1837 1535 1874 Homer.

865 1906 901 1943 p-
926 1891 1021 1940 946,
1043 1893 1096 1934 53
1121 1906 1149 1930 s.
1176 1895 1272 1940 923,
1298 1896 1349 1934 10
1373 1898 1410 1930 et
1429 1894 1534 1930 Suid.

866 1963 894 1986 s.
930 1962 964 1987 v.
999 1945 1182 2000 λήκυθος
1223 1950 1444 1999 lVesseling.
1480 1951 1535 1987 in-

864 2011 1001 2044 sertum
1028 2006 1104 2043 vult
1132 2007 1320 2044 articulum
1349 2004 1420 2045 τόν
1449 2011 1535 2045 ante

863 2063 953 2101 haec
986 2064 1123 2111 verba,
1155 2076 1200 2101 eo
1228 2077 1304 2101 non
1332 2077 1425 2115 opus
1455 2077 1537 2102 esse

863 2125 961 2158 recte
981 2128 1109 2158 monet
1130 2121 1352 2170 Schweigh.,
1374 2135 1394 2158 a
1413 2133 1536 2170 gram-

863 2178 1003 2214 maticis
1014 2177 1103 2224 istis,
1125 2178 1188 2227 qui
1203 2178 1334 2227 prioris
1347 2178 1535 2214 cuiusdam

861 2234 1090 2284 grammatici
1132 2234 1427 2272 observationem
1466 2235 1531 2273 de-

861 2292 1096 2342 scripserint,
1141 2291 1261 2341 ipsum
1293 2292 1529 2329 Herodotum

860 2349 1066 2398 inspectum
1097 2361 1178 2386 esse
1204 2361 1359 2398 negans.
1387 2370 1439 2375 ——
1471 2347 1531 2386 De

854 2405 1059 2455 palmarum
1083 2407 1165 2442 vino
1186 2407 1283 2442 conf.
1307 2405 1344 2453 I,
1368 2404 1458 2447 194.
1484 2405 1530 2451 ΙΙ,

859 2464 912 2503 86
932 2463 1018 2512 ibiq.
1038 2467 1135 2499 nott.
1148 2461 1370 2512 Wesseling.
1388 2461 1528 2500 consuli

858 2518 934 2556 vult
955 2519 1091 2556 Athen.
1110 2518 1163 2556 XI
1189 2532 1226 2570 p.
1247 2517 1331 2560 473
1347 2520 1392 2557 B.
1441 2518 1528 2556 Pol-

855 2576 924 2613 luc.
946 2576 994 2623 X,
1017 2575 1084 2617 75.

914 2631 1094 2685 λέγονται
1122 2627 1226 2672 εἶναι
1252 2629 1426 2684 μέγιστοι
1453 2628 1523 2669 ’καὶ

857 2685 1058 2729 κάλλιστοι
1081 2684 1317 2741 ἀνθρώπων
1340 2684 1521 2735 πάντων]

858 2748 967 2784 Conf.
1026 2747 1198 2784 Eustath.
1261 2746 1310 2783 ad
1367 2745 1521 2791 Dionys.

857 2806 952 2845 218.
979 2803 1122 2841 Eadem
1142 2804 1238 2840 infra
1254 2801 1318 2849 ΠΙ,
1346 2798 1520 2841 114c011.

856 2860 946 2908 Vll,
976 2863 1050 2908 70,
1093 2860 1154 2897 ubi
1178 2860 1225 2897 de
1253 2855 1520 2906 Aethiopibus:

1559 503 1691 538 tlnopum
1729 505 1834 533 horum

1557 543 1683 571 corpora
1697 542 1725 565 et
1739 539 1833 573 leges.
