1863 3256
466 88 1141 128 MELPOMENE.1V.

1357 99 1439 137 4:37

175 197 342 253 ἐθηεῖτο
371 198 448 241 τόν
480 197 676 247 Πόντον,
717 197 846 241 ἐόντα
885 195 1154 253 ἀξιοθέητον.
1214 201 1432 252 πελαγέων

173 266 257 322 γὰρ
288 266 493 311 ἁπάντων
521 267 683 322 πέφυκε
712 267 1106 323 θωυμασιώτατος·
1157 270 1239 310 τοῦ
1276 267 1325 310 τό
1354 268 1432 323 μὲν

169 341 305 393 μῆκος
345 340 513 383 στάδιοί
552 342 631 383 εἰσι
673 338 827 383 ἑκατόν
865 339 938 383 καὶ
976 339 1105 394 χίλιοι
1142 338 1216 381 καὶ
1251 336 1427 393 μύριοι·

115 467 231 516 Gail.)
263 467 341 504 coll.
373 466 409 518 ᾗ.
441 468 506 508 24.
556 467 636 506 Alia
665 469 769 505 dabi-

111 536 190 559 mus
221 524 269 560 de
296 523 364 560 hoc
389 523 525 572 templo
557 525 604 560 ad
626 524 767 561 Herod.

113 578 296 627 1V,.87]
341 578 398 614 Ex
418 579 504 615 fano
531 579 660 628 ingens
681 592 767 629 ape-

111 635 273 671 riebatur
321 634 459 671 Pontus
514 636 767 685 patebantque

109 691 344 728 lustrantibus
410 694 538 741 petrae
595 692 767 741 Cyaneae

108 748 303 797 ipsumque
331 759 430 784 mare
462 747 654 785 clarissime
681 761 768 785 con-

110 803 271 853 spicique
298 803 335 840 in
364 803 459 841 hunc
481 809 635 854 possunt
656 805 765 850 diem,

110 860 264 897 docente
293 859 413 908 Gyllio
437 860 550 911 Bosp.
573 860 662 898 Thr.
684 860 763 898 Lib.

107 916 181 963 Ill,
212 916 276 957 5.“
333 916 394 954 Tu
421 917 506 954 add.
529 917 650 955 Kruse
671 916 765 954 Aus-

106 986 290 1023 messung.
331 977 400 1010 etc.
437 985 523 1022 pag.
564 976 600 1013 7.
641 976 678 1013 8
708 995 764 1002 -

106 1025 285 1080 ἑζόμενος
321 1026 364 1068 δὲ
400 1028 464 1068 ἐπι
496 1031 549 1067 τῶ
579 1030 653 1083 ἱοῷ
683 1043 763 1067 ver-

104 1086 149 1123 tit
167 1085 391 1135 Schweighn
427 1084 507 1122 ΙΙ)
492 1098 505 1122 ι
522 1070 576 1122 ‘ad
600 1086 762 1136 templum

104 1143 280 1186 residens;
305 1142 534 1191 improbante
552 1142 649 1179 Krus
652 1156 672 1179 e
694 1142 716 1178 l
738 1142 760 1179 l.

102 1212 189 1250 pag.
212 1200 251 1246 8,
273 1198 373 1247 quod
392 1197 556 1234 voculam
577 1196 630 1236 δ’
612 1213 629 1236 ε
651 1199 762 1236 inter-

102 1259 267 1305 pretatus
287 1255 334 1291 sit
354 1254 426 1301 ibi,
455 1255 626 1303 quoniam
645 1255 682 1292 in
702 1267 760 1292 er-

102 1324 221 1349 rorem
267 1309 371 1348 facile
405 1311 525 1348 induci
561 1312 757 1361 possimus,

102 1381 146 1406 ac
171 1369 201 1405 si
227 1380 271 1405 ex
295 1367 417 1404 insulis
447 1368 605 1416 Cyaneis
626 1367 758 1406 Darius

100 1426 257 1462 Pontum
277 1424 384 1461 fuerit
407 1424 692 1475 contemplatus·‚
721 1425 759 1462 id

101 1482 201 1531 quod
230 1493 274 1519 ex
295 1481 389 1517 lovis
417 1480 498 1518 Urii
525 1482 664 1531 templo
692 1494 760 1532 po-

100 1538 172 1574 tius
209 1537 318 1582 fecit·‚
364 1537 414 1573 ita
446 1541 483 1573 ut
510 1537 686 1585 particula
717 1534 759 1576 δὲ

100 1594 136 1631 h.
154 1593 177 1630 l.
198 1606 271 1630 non
289 1593 356 1630 nisi
372 1594 526 1630 orationi
543 1595 759 1631 continuan-

101 1650 172 1689 dae
189 1650 437 1688 inserviat.——
465 1648 556 1687 Mox
573 1650 660 1688 dedi
677 1664 757 1688 cum

99 1710 252 1745 recentt.
280 1706 365 1744 edd.
392 1705 551 1756 ἐθηεῖτο
578 1720 644 1756 pro
660 1706 756 1756 vulg.

100 1762 265 1814 ἐθηῆτο.
312 1761 395 1800 Vid.
423 1767 516 1800 nott.
546 1764 594 1800 ad
622 1763 660 1810 Ι,
694 1766 756 1803 10.

97 1820 221 1870 Atque
246 1820 298 1856 sic
326 1831 474 1868 quoque
498 1824 618 1856 exstat
638 1820 674 1857 in
694 1833 756 1857 co—

99 1876 187 1914 dicis
205 1875 363 1913 Palatini
380 1875 583 1927 Excerptis.

153 1939 518 1995 θωυμασιιότατος]
570 1945 755 1984 Sancrofti

98 2001 190 2039 liber
217 1996 570 2051 θωυμασιώτατον.
610 2002 659 2040 At
684 2003 756 2039 vid.

97 2057 232 2095 Matth.
261 2057 327 2095 Gr.
349 2058 414 2095 Gr.
442 2071 526 2108 pag.
548 2059 629 2100 836
658 2066 696 2097 et
712 2060 755 2096 cf.

99 2114 250 2151 Suidam
277 2127 306 2152 s,
334 2127 368 2151 v.
400 2111 605 2162 Εὔξεινος.
662 2115 711 2153 Τ.
739 2115 755 2152 Ι

98 2184 136 2221 p.
157 2172 251 2212 900.
283 2171 336 2208 Ac
354 2171 430 2208 iure
446 2171 588 2209 videtur
602 2172 755 2221 Breige-

100 2239 141 2263 ro
161 2226 185 2264 l.
202 2226 225 2265 l.
246 2239 332 2277 pag.
352 2228 407 2268 32
426 2228 638 2265 Herodotus
659 2228 755 2265 Pon-

99 2287 175 2319 tum
213 2295 301 2333 prae
328 2282 475 2333 reliquis
500 2284 661 2322 maribus
689 2285 756 2321 ad-

100 2339 290 2377 miratione
315 2341 471 2378 maxima
496 2341 649 2390 dignum
663 2341 757 2378 iudi-

99 2406 225 2441 casse,
259 2400 337 2433 tum
374 2398 422 2434 ob
453 2398 756 2446 magnitudinem,

99 2455 174 2487 turn
207 2452 306 2500 quod
335 2456 472 2490 tantam
502 2467 676 2503 aquarum
696 2467 756 2491 co-

99 2507 196 2557 piam
235 2511 310 2544 tam
345 2514 444 2546 arcto
471 2511 564 2547 freto
590 2511 627 2548 in
656 2510 756 2548 aliud

101 2563 243 2600 emittat
261 2575 370 2610 mare,
388 2570 466 2602 tum
483 2566 641 2616 denique
656 2567 757 2616 quod

101 2621 272 2656 fluctuum
295 2621 463 2669 saevitia,
493 2627 758 2673 ventorumque

102 2675 135 2712 vi
167 2688 209 2712 ac
230 2675 468 2726 procellarum
486 2677 624 2728 reliqua
645 2680 758 2718 maria

101 2736 262 2782 superet.

882 469 955 506 τοῦ
991 483 1033 507 το
1069 465 1140 518 μὲν
1171 469 1296 519 μῆκος
1329 462 1484 506 στάδιοί

827 522 902 562 εἰσι
932 520 1070 562 ἑκατὸν
1101 522 1168 562 καὶ
1192 524 1308 575 χίλιοι
1325 521 1392 562 καὶ
1411 519 1481 574 μύ-

825 577 928 630 ριοι]
969 578 1092 628 Vulgo
1124 576 1255 630 μῆκός
1284 580 1359 619 εἰσι
1391 575 1481 618 στά-

826 636 1070 684 6102‚q110‹1
1104 637 1251 674 retinuit
1289 636 1481 674 Matthiae.

824 714 879 720 —-
908 691 1089 729 Undecim
1118 692 1216 730 mille
1240 698 1383 730 centum
1403 698 1478 730 sta-

824 749 886 785 dia
914 752 1074 796 aequant
1104 749 1267 786 milliaria
1287 749 1479 787 Germani-

823 817 866 842 ca
898 804 1137 841 CCLXXVlI
1167 809 1204 843 et
1231 807 1331 855 quod
1353 818 1477 843 excur—

822 862 892 907 rit;
933 861 995 910 qui
1017 873 1186 899 numerus
1218 862 1311 899 iusto
1337 862 1480 900 videtur

822 917 978 963 nimius,
1008 929 1088 954 cum
1124 919 1326 955 accuratius
1363 918 1477 968 inspi-

821 973 930 1011 cienti
965 973 1119 1009 maxima
1148 973 1256 1010 Ponti
1286 974 1478 1023 longitudo

821 1030 867 1066 sit
894 1030 1007 1067 ferme
1032 1028 1169 1065 CXLll
1197 1029 1353 1066 milliarr.
1381 1030 1477 1068 Ger-

818 1086 982 1132 manice,
1000 1085 1088 1131 sive,
1105 1089 1142 1122 ut
1161 1085 1220 1122 alii
1239 1085 1377 1132 volunt,
1394 1085 1473 1126 CL.

818 1141 954 1177 Scribit
989 1140 1126 1178 Plinius
1150 1141 1200 1178 H.
1230 1141 1279 1181 N.
1309 1141 1382 1188 Vl,
1431 1144 1475 1181 1:

816 1197 1028 1234 Mensuram
1049 1197 1159 1234 Ponti
1187 1210 1209 1234 a
1228 1197 1398 1248 Bosporo
1428 1198 1474 1236 ad

814 1252 1037 1291 Maeoticum
1055 1252 1172 1290 lacum
1192 1254 1340 1303 quidam
1356 1255 1475 1292 fecere

814 1309 902 1347 XIV
929 1310 1081 1358 triginta
1108 1314 1192 1346 octo
1219 1309 1302 1347 mill.
1328 1310 1362 1348 D
1389 1323 1476 1360 pas-

815 1380 931 1403 suum.
960 1366 1223 1404 Eratosthenes
1248 1370 1390 1403 centum
1408 1368 1475 1403 mi-

815 1436 949 1461 norem.
995 1423 1160 1474 Agrippa
1191 1436 1212 1460 a
1241 1423 1475 1462 Chalcedone

816 1492 864 1528 ad
882 1491 1017 1528 Phasin
1035 1480 1074 1528 ἴ(
1095 1490 1208 1528 mill.“
1250 1491 1476 1534 Quibuscum

816 1548 1032 1585 convenient
1052 1551 1124 1584 octo
1140 1547 1234 1584 mille
1244 1547 1364 1584 stadia
1375 1548 1474 1597 apud

815 1604 987 1641 strabon.
1018 1604 1087 1641 ΧΠ
1121 1617 1206 1654 pag.
1228 1603 1310 1644 548
1337 1617 1365 1640 s.
1392 1602 1475 1644 824

815 1661 858 1698 C.
900 1659 1076 1698 Arrianus
1105 1660 1208 1711 ponit
1232 1672 1349 1696 novem
1379 1660 1475 1697 mille

812 1719 1037 1768 septingenta
1072 1717 1209 1763 stadia,
1250 1716 1472 1766 Agatheme-

812 1787 874 1811 rus
912 1787 971 1810 sex
1014 1773 1106 1810 mille
1137 1774 1257 1810 stadia
1286 1787 1309 1811 a
1341 1771 1470 1811 Tomis

814 1843 929 1882 prope
950 1831 1084 1868 Istrum
1115 1843 1230 1879 usque
1252 1830 1300 1866 ad
1322 1829 1467 1867 Phasin.

813 1888 918 1932 Quae
934 1900 1013 1924 cum
1033 1887 1083 1924 ita
1100 1886 1184 1933 sint,
1208 1886 1388 1935 Breiger.,
1406 1886 1470 1935 qui

811 1957 897 1995 pag.
932 1946 986 1984 27
1025 1956 1102 1993 seq.
1142 1946 1195 1983 30
1231 1947 1270 1980 et
1306 1946 1468 1980 veterum

814 2005 852 2038 et
883 2001 1125 2037 recentiorum
1162 2000 1209 2036 de
1238 1999 1349 2036 Ponti
1390 1998 1470 2035 lon-

812 2057 980 2105 gitudine
1040 2055 1184 2105 collegit
1240 2056 1471 2102 testimonia,

811 2114 1041 2151 Herodotum
1078 2112 1155 2149 vult
1188 2112 1327 2149 minora
1364 2111 1469 2148 adhi-

812 2170 933 2207 buisse
967 2170 1088 2206 stadia
1119 2169 1279 2217 marina,
1315 2181 1469 2217 quorum

812 2227 977 2264 undecim
997 2225 1092 2263 mille
1108 2230 1254 2263 centum
1271 2237 1377 2275 pares
1397 2225 1470 2261 sint

813 2282 1012 2333 Olympicis
1070 2282 1199 2319 stadiis
1245 2287 1326 2318 octo
1371 2280 1470 2318 mille

813 2339 1030 2387 octingentis
1057 2339 1264 2387 octoginta·‚
1317 2338 1386 2375 etsi
1412 2336 1469 2374 vel

812 2396 864 2432 sic
883 2396 1113 2433 Herodotum
1142 2408 1215 2432 non
1235 2394 1335 2432 recta
1349 2398 1469 2431 trans-

811 2453 895 2490 iisse
915 2453 1093 2500 Pontum,
1123 2452 1190 2489 sed
1217 2451 1327 2488 litora
1344 2450 1468 2499 legen-

812 2512 885 2547 tem
912 2511 1053 2546 statuas
1070 2521 1220 2546 necesse
1239 2511 1307 2546 est.
1347 2505 1469 2554 Atque

813 2565 852 2602 in
893 2578 936 2603 eo
975 2566 1056 2615 ipso
1085 2565 1310 2615 potissimum
1339 2561 1471 2599 insistit

813 2621 960 2660 Dureau
988 2621 1036 2659 de
1053 2621 1088 2659 la
1104 2620 1215 2658 Malle
1236 2616 1471 2667 Geographie

814 2678 993 2728 physique
1032 2682 1101 2715 etc.
1144 2689 1230 2726 pag.
1265 2675 1344 2714 178
1379 2685 1472 2720 seq·,

816 2747 896 2771 cum
914 2746 988 2771 non
1009 2738 1085 2770 tam
1107 2733 1154 2770 de
1177 2744 1221 2768 ea
1238 2728 1473 2778 cogitandum

1486 349 1561 388 821
