1863 3256
160 293 243 333 644
648 284 1183 326 EXCURSUSI

164 403 366 442 Mercurius
391 406 470 439 erat
490 402 542 439 vis
556 402 686 452 ficti-ix
712 413 755 437 ac
782 400 913 436 rectrix
935 401 971 434 et
996 398 1100 446 quasi
1122 408 1215 433 mens
1235 396 1371 434 mundi.
1419 393 1588 445 Uterque
1607 405 1670 431 au-

163 476 238 509 tem
261 470 367 508 adest
385 469 543 515 Osiridi,
574 472 612 507 et
634 467 838 505 Mercurius
867 468 906 502 et
930 462 1109 501 Minerva.
1173 463 1302 514 Itaque
1321 464 1374 501 rei
1390 463 1470 514 ipsa
1487 462 1581 500 ratio
1601 473 1670 512 po-

164 538 293 585 stulat,
322 540 362 573 ut
382 537 564 586 utriusque
585 538 690 573 etiam
714 537 861 569 tesserae
882 531 930 578 (τ
941 545 987 570 ετ
998 546 1019 583 ρ
1031 527 1162 583 ἄγων
1175 546 1195 571 ο
1207 546 1231 570 ν
1256 535 1289 569 et
1314 546 1335 569 τ
1346 546 1366 583 ρ
1380 530 1427 582 ίγ
1440 544 1471 569 ω
1482 544 1506 568 ν
1518 544 1538 569 ο
1551 531 1602 578 ν)
1631 531 1670 566 in

165 605 323 644 Osiridis
341 604 525 641 simulacro
541 603 655 653 Apide
683 602 926 650 apparuerint.
988 599 1095 643 Quae
1124 612 1205 636 cum
1234 601 1290 638 ita
1319 600 1412 645 sint,
1451 610 1522 647 ego
1551 595 1670 634 nullus

163 674 311 721 dubito,
354 674 438 723 quin
464 673 501 709 in
529 669 779 716 undetriginta
799 669 890 704 notis
908 666 1034 717 Apidis
1058 670 1090 703 et
1112 667 1386 717 quadrangulus
1408 669 1442 703 et
1465 664 1671 713 triangulus

158 742 299 792 fuerit,
334 740 486 790 adeoque
508 739 545 773 in
569 737 645 772 eius
657 734 777 784 fronte
805 737 910 772 etiam
937 748 1043 786 τετρ
1056 732 1081 773 οἱ
1094 750 1116 786 γ
1129 749 1158 773 ω
1171 732 1261 775 νοῧ
1285 740 1386 773 notae
1406 746 1530 772 sacrae
1548 733 1670 782 digni-

166 814 272 847 tatem
292 808 414 846 habere
429 804 592 854 potuerit.
650 801 783 853 Neque
806 804 902 841 enim
923 815 966 840 ex
989 806 1064 839 tam
1084 815 1280 853 paucorum
1305 803 1518 854 scriptorum
1538 805 1576 839 et
1593 813 1670 838 mo-

164 879 418 914 numentorum
438 870 600 920 reliquiis
621 882 702 908 eam
717 884 793 908 rem
814 871 955 908 definiri
974 882 1040 920 pro
1057 874 1157 907 certo
1179 884 1288 921 posse
1315 876 1480 922 apparet.
1537 870 1610 915 Et,
1640 869 1670 905 si

164 943 362 982 accuratius
388 938 510 976 omnia
542 937 888 988 circumspiciamus,
934 937 1021 974 illud
1050 937 1168 988 ipsum
1201 938 1421 987 quadratum
1453 937 1562 988 Apidi
1591 937 1672 973 iun-

165 1017 258 1049 ctum
286 1010 322 1046 in
354 1019 426 1044 uno
458 1005 647 1055 alteroque
675 1009 910 1044 monumento
937 1005 1130 1054 reperitur.
1187 1005 1241 1043 Ac
1260 1018 1412 1056 reapse,
1446 1006 1509 1054 qui
1537 1004 1573 1041 in
1594 1016 1673 1041 mu-

165 1079 257 1115 miae
278 1074 497 1113 Dresdensis
515 1074 671 1111 feminae
689 1073 875 1110 involucro
895 1073 1012 1123 pictus
1032 1071 1159 1109 visitur
1178 1071 1288 1123 Apis,
1326 1073 1357 1110 is
1380 1085 1453 1110 non
1474 1072 1585 1110 modo
1609 1071 1672 1109 tri-

165 1142 337 1193 angulum
359 1142 460 1178 iuxta
481 1154 520 1178 se
537 1141 697 1192 positum
714 1141 838 1186 habet,
868 1152 994 1178 verum
1015 1152 1126 1190 supra
1140 1140 1288 1177 dorsum
1311 1140 1422 1178 etiam
1440 1139 1671 1189 quadratum.

162 1211 268 1249 Haec
289 1210 383 1249 enim
406 1209 522 1258 figura
540 1208 764 1260 probabilior
782 1208 947 1245 videatur
976 1206 1042 1254 iis,
1082 1208 1145 1257 qui
1166 1206 1344 1257 Augustei
1367 1207 1447 1245 Vol.
1474 1208 1490 1244 Ι
1513 1206 1673 1245 tabulam

166 1282 193 1320 2
210 1277 437 1329 adspiciunt,
466 1288 574 1326 quam
595 1277 671 1313 avis
694 1280 758 1313 aut
777 1275 841 1312 loti
863 1276 974 1315 floris,
1034 1273 1258 1313 Alterutrum
1284 1277 1381 1313 enim
1399 1275 1584 1314 Beckerus
1607 1275 1630 1312 l.
1650 1275 1672 1312 l.

165 1359 275 1396 supra
304 1345 450 1382 dorsum
478 1356 657 1395 apparere
684 1343 840 1380 dictitat.
899 1343 1054 1390 Verum,
1084 1347 1166 1380 utut
1196 1347 1272 1390 est,
1311 1343 1381 1380 hoc
1405 1356 1513 1382 nemo
1537 1345 1671 1382 infitias

164 1413 286 1452 iverit:
313 1408 559 1463 τετράγωνον
579 1410 636 1448 vel
658 1411 812 1448 maxime
835 1411 1018 1459 pertinere
1037 1410 1084 1446 ad
1104 1410 1262 1447 Osiridis
1278 1411 1523 1459 simulacrum,
1553 1410 1672 1462 Apim.

274 1478 373 1516 Satis
409 1478 457 1515 de
492 1473 736 1531 τετραγώνῳ.
811 1477 1020 1515 Mutilatum
1063 1481 1185 1515 autem
1215 1478 1397 1516 Herodoti
1425 1478 1541 1516 locum
1576 1479 1674 1517 dicat

165 1547 345 1597 quispiam
366 1544 437 1582 alia
454 1541 602 1595 quoque
622 1547 669 1583 de
690 1558 810 1583 causa.
867 1544 1012 1583 Etenim
1039 1557 1130 1594 quas
1150 1544 1277 1595 Apidis
1306 1546 1482 1595 imagines
1504 1547 1674 1585 exhibent

167 1614 312 1652 tabulae
331 1611 595 1663 Aegyptiorum
617 1614 756 1664 pictae,
789 1611 1015 1662 anaglypha,
1045 1611 1188 1661 aliaque
1208 1612 1296 1649 artis
1314 1618 1573 1660 monumenta,
1595 1627 1675 1661 eae,

164 1685 306 1732 praeter
332 1683 445 1717 certas
474 1682 549 1718 eius
581 1681 678 1718 bovis
712 1683 833 1727 notas,
879 1692 972 1729 quas
1000 1679 1119 1716 adhuc
1153 1680 1361 1728 attigimus,
1405 1680 1553 1732 insuper
1590 1681 1674 1718 solis

167 1749 300 1787 discum
317 1751 409 1787 inter
428 1761 557 1786 cornua
574 1748 748 1796 locatum,
778 1751 820 1788 ut
843 1747 1034 1799 plurimum
1053 1748 1292 1798 spectandum
1313 1748 1492 1799 praebent
1509 1750 1558 1796 *).
1617 1748 1673 1787 Ac

254 1965 417 1995 memorat
439 1959 618 2004 τρίγωνον
642 1964 801 2005 tanquam
825 1959 1066 1994 foecunditatis
1091 1958 1269 2003 imaginem
1294 1958 1356 1993 διὰ
1383 1956 1427 1994 ‘co'
1450 1957 1583 2003 μόριον
1606 1960 1674 2004 τῆς

254 2017 424 2062 θηλείας,
450 2022 485 2050 et.
509 2015 658 2061 φάλητα
682 2018 717 2051 ἱιι
741 2017 931 2051 memoriam
956 2017 1103 2060 redigit:
1150 2028 1213 2049 nec
1237 2016 1320 2050 haec
1344 2016 1495 2060 symbola
1519 2028 1540 2050 a
1564 2017 1673 2050 trian-

255 2076 326 2119 guli
352 2083 388 2109 et.
412 2074 572 2120 quadrati
604 2073 855 2119 significatione
891 2073 925 2107 in
949 2074 1039 2107 notis
1065 2073 1184 2118 Apidis
1208 2073 1422 2108 excludenda
1444 2079 1534 2108 sunt.
1583 2074 1674 2108 Vide

255 2144 342 2177 quae
373 2132 417 2166 ad
441 2131 620 2166 Ciceronis
652 2131 675 2166 l.
701 2130 723 2164 l.
760 2130 802 2164 de
827 2130 1001 2166 Mercurio
1028 2131 1189 2173 Phalete,
1220 2143 1248 2166 s,
1274 2130 1497 2176 ithyphallico
1519 2131 1673 2175 apposui.

254 2190 304 2222 Et
326 2189 637 2234 Hermaphroditus
661 2186 760 2220 etiam
786 2188 850 2220 huc
875 2188 958 2221 facit
983 2187 1224 2232 quodammodo
1250 2200 1290 2223 ac
1321 2188 1451 2228 renus,
1475 2188 1529 2221 cui
1554 2190 1590 2222 et
1609 2185 1674 2234 ipsi

256 2247 497 2290 quaternarias
520 2256 679 2279 numerus
703 2244 836 2278 dicatus
861 2249 924 2279 est.
971 2246 1020 2280 Io.
1045 2245 1160 2290 Lydus
1184 2245 1236 2279 De
1260 2256 1381 2279 menss.
1405 2256 1438 2289 p.
1463 2246 1528 2279 87:
1553 2242 1576 2289 ἡ
1602 2243 1672 2289 γὰρ

256 2303 324 2336 τοῦ
349 2301 490 2342 παντὸς
515 2301 698 2345 αἰσθητοῦ
724 2299 835 2344 φύσις
860 2298 897 2335 ἐκ
920 2300 1107 2346 τεσσάρων
1125 2299 1201 2336 ἐστὶ
1225 2301 1423 2345 στοιχείων,
1449 2297 1543 2345 αὐτὴ
1570 2299 1603 2336 δ’
1626 2298 1673 2335 ἂν

260 2358 315 2402 εἴη
337 2358 430 2393 κατὰ
454 2358 544 2398 τοὺς
568 2356 814 2402 φυσιολόγους
836 2355 1036 2403 Ἀφροδίτη.

214 2438 247 2481 ’)
276 2436 363 2470 Vide
390 2437 437 2471 sis
459 2440 598 2472 tabulae
625 2438 756 2471 Isiacae
780 2437 882 2481 figur.
907 2439 949 2472 R.
979 2438 1058 2472 item
1085 2439 1336 2472 Monumentum
1362 2438 1548 2479 venetum,
1582 2438 1671 2482 quod

259 2506 302 2527 ex
326 2494 459 2528 Pricaei
493 2494 733 2528 commentario
768 2494 932 2528 desumsit
955 2496 1152 2529 Gronovius
1185 2501 1219 2528 et
1249 2496 1352 2528 habet
1375 2494 1480 2528 editio
1505 2495 1673 2530 Herodoti

255 2551 460 2595 Wesseling.
485 2551 527 2585 ad
554 2563 587 2596 p.
614 2553 701 2590 1663
739 2561 840 2593 porro
871 2564 960 2596 quae
992 2565 1034 2586 ex
1062 2554 1124 2585 hoc
1153 2562 1277 2594 genere
1302 2552 1428 2595 Caylus
1453 2551 1575 2586 Comes
1601 2564 1671 2586 me-

251 2614 360 2641 morat
384 2607 417 2640 in
442 2607 582 2641 Recueil
606 2607 639 2639 ‹l'
665 2607 804 2650 Antiqq.
832 2608 904 2639 Vol.
930 2608 945 2640 1
971 2620 1003 2652 p.
1032 2608 1074 2643 43
1099 2620 1171 2651 seq.
1197 2613 1231 2640 et
1255 2608 1322 2641 tria
1346 2608 1467 2652 Apidis
1492 2609 1671 2644 simulacra

253 2664 366 2698 Musei
392 2663 554 2708 Borgiani
580 2674 600 2696 a
624 2663 741 2706 Zoega
768 2663 811 2696 de
835 2663 1004 2698 Obeliscc.
1031 2676 1063 2708 p.
1090 2664 1157 2698 448
1183 2670 1387 2699 enumerata.
1437 2666 1575 2700 Pricaei
1600 2666 1671 2700 ico-

254 2733 328 2755 nem
352 2721 440 2755 illam
465 2721 555 2765 quod
580 2720 722 2759 attinet,
762 2719 892 2752 recedit
917 2721 973 2753 illa
999 2721 1132 2764 quidem
1170 2720 1204 2753 in
1239 2722 1510 2757 vestimentorum
1544 2735 1672 2768 genere

253 2778 397 2822 aliisque
421 2778 524 2811 rebus
549 2777 592 2810 ab
626 2776 765 2820 antiquo
800 2775 891 2809 cultu
916 2777 1183 2820 Aegyptiorum3
1231 2790 1292 2812 nec
1324 2779 1502 2823 τρίγωνον
1528 2791 1672 2825 expres-

255 2846 345 2867 sum:
379 2834 483 2868 nihilo
509 2838 620 2868 tamen
643 2833 754 2867 secius
778 2833 832 2866 vel
857 2833 998 2867 maxime
1022 2835 1247 2868 memorabilis
1271 2842 1324 2869 est
1348 2838 1529 2872 censenda.
1576 2837 1670 2871 Disci

252 2891 342 2924 inter
366 2891 450 2936 Apis
483 2891 537 2924 vel
561 2891 696 2925 Mnevis
728 2901 855 2924 cornua
888 2890 991 2925 locati
1016 2903 1058 2925 ex
1081 2902 1142 2924 suo
1167 2891 1241 2936 ipse
1265 2903 1378 2927 museo
1402 2893 1533 2939 aliquot
1555 2893 1669 2928 icones
