1863 3256
416 193 501 233 522

812 191 1279 232 HERODOTI

413 302 643 352 λασθέντες
671 301 755 345 ὑπὸ
790 304 1021 355 Πελασγῶν
1046 305 1133 343 τῶν
1162 300 1208 343 ἐκ
1228 304 1495 354 Βραυρῶνος
1523 305 1669 357 ληϊσα-

414 370 556 426 μένων
583 372 658 422 τὰς
684 371 927 427 Ἀθηναίων
954 375 1184 425 γυναῖκας,
1221 369 1310 415 ὑπὸ
1341 371 1508 415 τούτων
1537 373 1669 424 ἐξελα-

354 514 451 560 potes
476 511 786 557 Argonautarum,
825 519 853 544 S.
884 520 1013 555 eorum,

358 569 420 616 qni
438 569 522 602 muri
539 566 636 612 Argo
655 565 743 599 vet-n·
767 568 879 601 erant.
939 566 1013 603 Ubi

358 623 394 658 in
415 623 532 658 verbis
557 620 599 658 ἐκ
621 621 690 669 τῆς
710 614 872 670 Ἀργοῦς
892 633 935 658 ea
951 634 1014 658 va-

357 678 406 715 let
431 676 712 727 praepositionis
747 677 864 724 ratio,
902 690 1012 726 quain

357 734 392 769 in
415 737 506 769 nott.
529 732 575 768 ad
589 731 767 768 Plutarch.
784 732 907 781 Pyrrh.
931 746 1011 783 cap.

360 792 405 827 11
439 800 522 837 pag.
549 789 627 828 169
656 788 853 835 attigimus.
911 788 1010 827 Add.

357 845 515 892 Rriiger.
550 844 598 881 ad
627 843 797 893 Xenoph.
829 844 945 882 Anab.
982 846 1011 892 Ι,

355 903 394 945 2,
413 902 450 939 3.
492 899 601 949 Apud
622 900 951 948 Schweighaeuser.
975 901 1011 938 in

354 955 446 993 Lex.
474 956 616 994 Herod.
648 969 677 992 s.
703 968 737 992 ν.
763 953 955 1007 ἐπιβάτης
975 971 1012 1007 p.

355 1013 438 1052 250
457 1011 622 1050 invenio:
661 1040 687 1059 „
701 1011 741 1050 οἱ
763 1015 835 1062 τῆς
852 1009 1015 1065 Ἀργοῦς

354 1064 540 1118 ἐπιβάται
565 1070 850 1116 Argonautae;“
895 1071 1014 1107 minus

354 1130 532 1163 accurate.
569 1125 831 1163 Valckenaerio
852 1127 888 1163 in
908 1139 1013 1164 men-

355 1185 430 1219 tem
455 1185 608 1220 venerat
636 1180 678 1221 ἐκ
709 1185 806 1221 τῶν
835 1185 907 1233 τῆς
929 1178 1014 1234 Ἀρ-

354 1240 451 1289 γοῦς
468 1236 708 1289 ἕπιβατέων;
738 1252 810 1288 quo
830 1241 888 1277 vix
907 1253 1011 1290 opus.

353 1295 450 1331 Sunt
487 1302 628 1340 aulem,
678 1299 850 1333 monente
887 1290 929 1333 ‘C.
965 1296 1012 1333 O.

353 1349 510 1388 Miillero
539 1351 786 1398 (Orchomen.
820 1365 857 1402 p.
887 1353 1012 1400 307),

353 1407 442 1444 haec
457 1408 569 1446 verba
589 1420 697 1445 sensu
719 1408 838 1445 latiori
856 1421 923 1445 nec
944 1409 1012 1446 de-

354 1463 458 1499 finito
481 1464 704 1515 accipienda.
726 1486 782 1493 —ffl
820 1464 910 1501 Mox
932 1477 1010 1501 cum

353 1523 507 1558 recentt.
565 1520 691 1570 scripsi
737 1519 1013 1568 ἐξελασθέντες

353 1588 421 1626 pro
462 1574 733 1624 ἐξελαθέντες,
773 1582 815 1614 ut
847 1578 886 1623 l,
919 1579 1010 1617 168.

333 1665 336 1669 ,
356 1633 451 1672 173.
482 1633 545 1680 111,
566 1632 630 1672 46.
649 1633 722 1681 51,
750 1634 910 1682 itemque
930 1629 1012 1672 ὑπό

352 1684 506 1728 τούτων
528 1703 595 1740 pro
622 1686 702 1728 ὑπὸ
730 1688 925 1738 τουτέων,·
965 1690 1013 1727 de

353 1745 466 1795 ipsius
485 1746 708 1796 pronominis
728 1759 795 1783 usu
813 1748 906 1784 conf.
918 1750 1012 1783 nott.

353 1802 402 1839 ad
428 1802 489 1849 lV,
512 1805 603 1842 122.

409 1855 490 1897 ’ὑπὸ
506 1861 722 1910 Πελασγῶν
734 1861 816 1897 ταῖν
832 1856 873 1897 ἔκ
883 1860 1011 1910 Βραυ-

354 1916 484 1965 ρῶνος
515 1914 767 1966 ληϊσαμένων
795 1912 866 1961 τοὶς
890 1910 1012 1966 Ἀθη-

353 1971 480 2010 ναίων
503 1970 712 2024 γυναῖκας]
751 1971 921 2009 Brauron
944 1972 1010 2009 At-

353 2028 446 2064 ticae
464 2034 521 2065 est
538 2030 712 2079 oppidum
729 2042 802 2065 non
822 2030 947 2079 procul
962 2029 1009 2065 ab

353 2083 530 2132 Hymetto
565 2098 667 2123 mare
713 2098 838 2122 versus
880 2085 1011 2131 situm3

354 2141 415 2176 ubi
438 2154 545 2189 nunc,
575 2146 700 2178 vetere
720 2142 855 2191 oppido
874 2141 1012 2178 dudum

354 2196 500 2246 deleto,
559 2197 848 2245 Palaeobraona,
903 2197 1011 2248 paulo

353 2255 471 2301 magis
498 2254 722 2292 occidentem
754 2267 795 2291 ac
823 2254 1012 2292 meridiem

354 2321 488 2346 versus.
540 2310 614 2353 Qui
635 2311 733 2348 locus
753 2311 837 2347 olim
858 2311 1011 2360 insignis

353 2365 449 2401 sesto
487 2365 628 2403 Dianae
668 2366 869 2413 Tauricae,
916 2380 1011 2416 quae

353 2420 439 2457 inde
471 2422 577 2458 etiam
604 2423 849 2460 Brauronicae
877 2435 1011 2460 nomen

354 2481 564 2526 acceperat,
614 2479 785 2527 cuiusque
835 2481 1011 2528 templum

353 2533 515 2569 nonnihil
538 2538 714 2571 remotum
743 2535 788 2571 ab
818 2536 907 2571 urbe
927 2548 1012 2584 pro-

354 2590 433 2638 pius
467 2589 585 2639 ipsum
622 2603 722 2627 mare
758 2592 864 2626 situm
899 2591 1011 2628 fuisse

354 2645 576 2694 perhibetur.
637 2646 709 2683 Hic
742 2647 836 2683 enim
865 2647 1011 2695 iphige-

354 2702 451 2738 niam
471 2715 491 2738 e
510 2701 666 2739 Taurica
685 2707 779 2739 terra
797 2703 1010 2739 redeuntem

354 2757 538 2807 appulisse
556 2759 722 2795 serebant
740 2759 809 2795 uuit
825 2772 902 2795 cum
921 2759 1011 2796 Dia-

355 2826 424 2851 nae
444 2819 562 2852 statua
583 2815 742 2865 indeque
763 2815 926 2853 Athenas
944 2828 1009 2867 pe-

1068 509 1181 547 tiisse.
1221 510 1330 547 Plura
1350 510 1470 548 Kruse
1488 510 1613 547 Hellas
1637 509 1680 557 ΙΙ,
1700 513 1722 550 1

1068 580 1153 617 pag.
1182 568 1263 607 258
1297 579 1376 616 seq.
1435 566 1550 617 [„De
1583 567 1724 603 Dianae

1069 622 1247 660 Tauricae
1270 623 1505 672 religionibus
1524 636 1637 673 nuper
1659 635 1723 660 ex-

1067 684 1266 730 posuerunt
1299 679 1357 717 De
1393 679 1644 728 Stackelberg.
1686 679 1723 715 in

1069 748 1200 785 opere:
1257 735 1335 773 Der
1364 734 1633 785 Apollotempel
1677 748 1722 771 zu

1067 791 1206 828 Bassae
1225 804 1261 841 p.
1287 793 1365 832 135
1386 805 1487 840 seqq.
1507 798 1544 828 et
1557 792 1724 829 Broend-

1067 847 1149 883 sted
1167 847 1347 884 inReisen
1366 849 1439 883 und
1453 848 1724 885 Uutersuchun-

1069 915 1140 952 gen
1173 904 1208 939 in
1241 903 1519 941 Griechenland.
1572 903 1651 939 Vol.
1689 903 1722 940 ll

1068 971 1152 1010 pag.
1171 959 1252 999 265
1267 981 1323 987 —-
1340 961 1463 999 269.“
1491 957 1572 1008 Cr.]
1604 960 1725 1007 Atque

1069 1028 1136 1066 per
1168 1015 1272 1052 huius
1300 1017 1382 1053 sesti
1412 1016 1725 1065 opportunitatem

1069 1071 1226 1120 virgines
1250 1071 1337 1108 illud
1355 1071 1577 1109 celebrantes
1598 1071 1724 1109 Pelas-

1069 1128 1128 1177 gi,
1157 1128 1322 1177 Hymetti
1342 1128 1510 1175 accolae,
1548 1141 1613 1178 per
1638 1127 1726 1164 insi-

1070 1186 1149 1222 dias
1194 1184 1374 1234 simulque
1423 1185 1531 1222 etiam
1579 1184 1723 1220 ultionis

1069 1241 1270 1291 capiendae
1334 1253 1445 1278 causa
1463 1270 1475 1289 ‚
1560 1241 1724 1290 rapuisse

1069 1296 1322 1346 Lemnumque
1350 1298 1416 1346 (ab
1441 1297 1723 1335 Atheniensibus

1069 1354 1235 1390 nimirum
1256 1366 1334 1390 cum
1363 1355 1467 1391 eiecti
1495 1354 1637 1398 essent)
1657 1353 1723 1390 ab-

1068 1411 1213 1446 duxisse
1232 1414 1448 1456 narrantur,
1486 1414 1581 1448 teste
1604 1409 1725 1448 Hero-

1068 1466 1155 1502 doto
1170 1465 1233 1512 VI,
1256 1467 1356 1512 1383
1387 1468 1459 1515 qua
1472 1467 1508 1502 in
1526 1465 1641 1502 insula
1662 1465 1725 1515 qui

1049 1522 1153 1559 ¹olim
1171 1523 1412 1559 consederant
1432 1522 1581 1571 Minyae
1602 1521 1724 1570 Argo-

1068 1582 1216 1624 nautae,
1238 1578 1284 1614 ab
1301 1578 1428 1615 iisdem
1446 1577 1610 1626 Pelasgis
1630 1578 1724 1627 pulsi

1068 1633 1383 1671 Lacedaemonem
1423 1647 1463 1672 se
1506 1635 1725 1672 convertisse

1069 1691 1248 1728 dicuntur.
1336 1690 1571 1740 Argonautae
1628 1691 1724 1728 enim

1067 1746 1246 1785 Lemnum
1273 1747 1334 1784 ubi
1356 1747 1594 1797 appulerunt,
1645 1760 1724 1783 mu-

1068 1803 1196 1840 lierum
1214 1816 1289 1840 rem
1312 1803 1512 1854 publicam,
1544 1816 1653 1853 quam
1674 1803 1725 1839 ibi

1067 1861 1302 1897 constitutam
1325 1864 1557 1910 repererant,
1586 1860 1725 1897 maritis

1067 1929 1136 1966 per
1158 1928 1306 1953 uxorum
1326 1917 1484 1954 furorem
1513 1916 1725 1962 intersectis,

1067 1972 1266 2020 indignati,
1327 1972 1516 2010 Lemnicas
1559 1972 1724 2010 mulieres

1067 2029 1296 2066 matrimonio
1324 2030 1393 2066 sibi
1423 2030 1614 2066 iunxerunt
1638 2041 1726 2078 pro-

1068 2085 1211 2134 lemque
1228 2085 1315 2123 inde
1334 2090 1587 2136 susceperunt,
1615 2097 1724 2134 quam

1067 2141 1103 2179 h.
1131 2141 1155 2179 l.
1182 2142 1321 2179 verbis:
1366 2144 1447 2180 τῶν
1476 2141 1519 2180 ἐκ
1540 2144 1612 2192 τῆς
1632 2138 1722 2192 ’Λρ-

1067 2200 1165 2250 γοῦς
1202 2196 1420 2248 ἐπιβατέων
1447 2198 1603 2236 παίδων
1633 2201 1723 2235 παῖ-

1069 2255 1134 2300 δες
1155 2254 1301 2291 indicari
1320 2259 1456 2305 putem.
1485 2255 1592 2291 Coris.
1612 2254 1654 2290 C.
1674 2254 1722 2290 O.

1068 2310 1208 2348 Miiller.
1229 2310 1447 2348 Orchomen.
1466 2323 1552 2360 pag.
1573 2311 1721 2350 302—

1068 2368 1162 2407 307.
1203 2366 1258 2402 Ac
1277 2367 1422 2415 Minyas
1444 2378 1472 2402 s.
1492 2366 1724 2414 Argonauta-

1066 2435 1146 2459 rum
1167 2429 1331 2472 posteros
1349 2421 1490 2459 Lemno
1510 2423 1642 2459 eiectos
1666 2434 1724 2459 es-

1067 2491 1108 2515 se
1126 2490 1147 2514 a
1170 2478 1352 2526 Pelasgis,
1390 2483 1535 2527 praeter
1557 2478 1724 2515 Herodo-

1068 2539 1144 2570 tum
1175 2539 1356 2571 testantur
1384 2534 1541 2571 Pausan.
1571 2535 1650 2578 ΥΙΙ,
1682 2537 1730 2582 2,

1067 2593 1106 2629 2,
1148 2588 1316 2640 Apollon.
1346 2590 1467 2628 Rhod.
1494 2591 1567 2638 lv,
1601 2593 1722 2637 1760,

1067 2646 1138 2683 alii.
1193 2645 1326 2695 Neque
1352 2647 1554 2695 poenitebit
1580 2647 1646 2684 hac
1675 2648 1723 2684 de

1067 2715 1106 2739 re
1127 2703 1320 2739 contulisse
1343 2703 1515 2753 l'olyaeu.
1543 2703 1621 2748 Vll,
1651 2702 1721 2743 49.

1067 2758 1164 2805 wll,
1187 2761 1251 2798 71.
1294 2759 1412 2797 Yaler.
1432 2760 1576 2797 Maxim.
1602 2758 1662 2805 lV,
1684 2761 1721 2798 6.

1067 2813 1093 2854 4
1117 2814 1243 2865 (quem
1268 2827 1311 2853 cx
1331 2816 1522 2855 llerodoto
1549 2828 1613 2853 sua
1635 2815 1724 2853 hau-

1858 1891 1863 1995 l

1861 2001 1863 2074 l
