1863 3256
121 265 399 300 liniargimpoprl-

120 299 222 325 ιιιηιῐιΙ
229 299 316 332 beu(

121 341 159 359 ne
185 308 348 360 humanae
346 341 397 360 vc-

120 373 170 392 scu
176 371 255 394 ιιτιιι.

297 404 395 449 1οἸ

296 625 396 671 108

459 158 544 199 478

846 161 1307 201 HERODOTI

372 308 399 325 -
458 265 581 324 νόμῳ
620 266 767 311 οὐδενὶ
799 267 1046 324 χρεώμενοι.
1103 268 1288 324 νομάδες
1326 268 1373 312 δέ
1415 270 1515 313 εἰσι·
1560 270 1721 326 ἐσθῆτα
1786 281 1863 322 825

457 336 504 380 δε
524 338 737 393 φορέουσι
756 356 808 394 τη
825 342 1033 394 Σκυθικη
1051 337 1232 394 ὁμοίην·
1276 343 1478 395 γλῶσσαν
1509 340 1555 384 δὲ
1586 343 1719 398 ἰδίην·

453 405 887 463 ἀνθρωποφαγέουσι
926 408 972 451 δὲ
1011 412 1171 464 μοῦνοι
1203 410 1385 453 τούτων.

1455 410 1721 466 Μελάγχλαι-

455 494 526 521 νοι
557 479 602 521 δὲ
634 481 785 532 εἵματα
814 479 894 533 μὲν
917 481 1082 534 μέλανα
1112 480 1324 536 φορέουσι
1351 481 1528 533 πάντες,
1559 481 1630 525 ἐπ’
1662 477 1725 525 ὧν

456 548 531 590 καὶ
557 546 634 597 τοὶς
663 547 912 604 ἐπωνυμίας
942 550 1107 606 ἔχουσι·
1156 549 1332 607 νόμοισι
1370 554 1416 596 δὲ
1455 557 1777 596 Σκυθικοῖσι-55

399 765 435 800 in
474 762 628 799 formula
658 761 734 810 IV,
772 763 826 805 94
860 765 921 803 fin.
950 767 1056 804 obvia

398 816 523 865 θεούς
570 820 756 869 νομίζειν.
814 820 867 858 Ac
906 824 1056 873 propius

400 876 468 912 huc
502 879 668 925 spectare
708 877 854 914 videtur
894 879 930 925 1,
978 878 1058 920 142

398 933 581 983 γλῶσσαν
612 928 661 970 ου’
687 929 761 983 τήν
788 928 916 984 αὐτήν
940 949 1058 973 νενο-

398 987 556 1038 μίκασι,
589 988 649 1025 ubi
680 990 750 1026 vid.
781 995 875 1027 nott.
906 991 960 1037 11,
991 990 1057 1033 42.

388 1044 471 1091 IV,
505 1046 595 1085 183.
634 1044 687 1092 V,
720 1047 783 1086 97.
832 1046 891 1085 De
919 1047 1059 1085 Andro-

395 1100 530 1151 phagz's
550 1101 622 1138 vid.
644 1106 742 1139 nott.
764 1103 813 1139 ad
836 1103 904 1149 IV,
939 1106 1001 1145 18.

456 1156 607 1207 ἐσθῆτα
639 1179 691 1186 -
730 1157 898 1210 ὁμοίην]
945 1160 1059 1198 Plane

396 1215 527 1251 eadem
549 1213 730 1261 locutiol,
754 1216 846 1256 215.
870 1238 918 1244 —
953 1217 1059 1261 Quae

396 1271 572 1307 continuo
583 1273 919 1320 sequunturverba:
936 1275 1059 1324 γλῶσ-

398 1337 472 1365 σαν
504 1323 547 1365 δὲ
580 1326 689 1377 ἰδίην
719 1341 786 1378 per
816 1342 970 1378 zeugma
996 1343 1058 1368 ex-

394 1382 566 1433 plicanda
598 1395 702 1429 esse,
732 1385 782 1421 ita
811 1390 850 1422 ut
879 1399 923 1423 ex
952 1391 1057 1424 aute-

394 1439 543 1477 cedenti
566 1438 760 1491 φορέουσι
781 1446 903 1479 mente
922 1443 1058 1480 subau-

395 1495 516 1533 diatur
550 1494 682 1545 ἔχουσι
718 1497 773 1534 vel
807 1498 922 1536 simile
954 1500 1057 1547 quid,

395 1556 483 1601 post
514 1551 731 1600 Wesseling.
760 1555 899 1591 monuit
924 1554 1057 1593 Matth.

344 1659 347 1663 ἢ
396 1605 434 1658 5
459 1607 542 1648 634-
567 1621 654 1658 pag.
681 1611 800 1649 1307.
840 1610 965 1654 Quare
990 1611 1058 1648 mi-

396 1664 494 1701 nime
529 1676 621 1714 opus
660 1664 729 1702 hoc
767 1666 885 1716 ipsum
925 1665 1057 1717 ἔχουσι

396 1720 511 1757 textui
545 1721 726 1768 inserere,
762 1727 804 1759 ut
838 1723 1057 1772 quibusdam

395 1775 576 1826 placuisse
617 1778 745 1825 video,
786 1779 886 1817 libris
914 1781 1056 1832 scriptis

394 1834 697 1883 repugnantibus.

454 1884 850 1952 α’νθρωποφαγέουσι
860 1889 901 1931 δὲ
914 1894 1058 1943 μοῦνοι

394 1940 574 1996 τούτων]
610 1947 717 1986 Haec
744 1949 855 1986 verba
880 1950 980 1999 prius
1007 1950 1056 1987 ad

394 2014 476 2071 seq}
503 2015 581 2053 cap.
605 2004 842 2042 trahebantur
864 2011 950 2056 post
971 2019 1055 2044 ver-

392 2057 476 2095 ba'
459 2060 689 2110 επωνυμίας
713 2059 866 2111 ἔχουσι,
897 2075 970 2111 quo
993 2076 1056 2100 eo-

392 2114 477 2152 dem
501 2116 624 2153 retulit
644 2117 812 2155 Eustath.
835 2119 882 2155 ad
902 2119 1054 2168 Dionys.

392 2170 537 2221 Perieg.
567 2186 619 2210 VS.
642 2176 735 2214 309.
774 2174 965 2213 Meliorem
995 2189 1055 2212 or-

392 2227 515 2264 dinem
537 2230 694 2267 restituit
706 2231 826 2277 Reiz„
845 2244 953 2281 quein
973 2246 1054 2270 cum

391 2288 545 2321 recentt.
572 2286 657 2325 edd.
680 2299 804 2325 sumus
826 2289 950 2326 secuti.
981 2288 1055 2325 Pro

393 2333 787 2406 ἄνθρωποφαγέουσι
815 2349 935 2382 exstat
957 2358 1055 2394 quo-

393 2408 466 2444 que
484 2391 814 2449 ἅνδροφαγέουσι.
842 2399 953 2450 Apud
966 2401 1052 2439 Mel.

392 2451 449 2497 Π,
502 2455 549 2499 1,
602 2456 681 2494 120
728 2460 813 2493 sunt
855 2457 1054 2507 Anthropo-

387 2508 531 2557 phagi5
568 2511 668 2558 quod
700 2524 833 2549 nomen
860 2514 958 2550 unde
985 2515 1053 2550 ‹lu-

392 2569 491 2602 ctum
517 2566 586 2612 sit,
625 2567 804 2605 neminem
836 2569 940 2617 fugit.
986 2569 1053 2606 At-

392 2633 464 2670 que
494 2625 650 2659 testatur
672 2624 807 2660 Strabo
827 2624 892 2661 vn
913 2638 948 2675 p.
969 2627 1052 2667 302

392 2677 436 2714 C.
457 2691 494 2728 p.
517 2677 599 2719 463
621 2678 665 2716 Β.
695 2680 912 2730 Scytharum
941 2695 1052 2730 quos-

393 2734 478 2771 dam
497 2735 591 2772 adeo
612 2747 694 2774 esse
712 2737 907 2783 immanes,
938 2744 977 2775 ut
996 2738 1051 2775 vel

394 2790 550 2829 humana
566 2798 798 2831 vescerentur
812 2806 933 2833 carne.
963 2795 1051 2833 Inde

454 618 673 674 χρέωνται.
734 622 946 665 Βουδῖνοι
976 623 1043 671 δὲ,
1087 623 1218 674 ἔθνος
1257 623 1330 666 ἐὸν
1368 623 1478 680 μέγα
1515 624 1589 667 καὶ
1618 627 1722 667 πολ-

1113 766 1183 804 hoc
1195 780 1325 805 nomen
1337 769 1456 816 gentis
1467 768 1652 818 proprium
1665 769 1682 804 s
1680 769 1776 805 uisse

1114 829 1226 871 negat
1246 824 1406 861 Heeren.
1430 825 1541 862 Ideen
1567 825 1600 871 1,
1633 829 1658 866 2
1687 837 1774 875 pag.

1115 883 1195 920 277
1210 908 1221 926 ,
1252 880 1317 916 sed
1343 892 1364 916 a
1384 880 1534 918 Graecis
1554 882 1693 917 famoso
1716 881 1775 917 illo

1115 948 1159 972 ex
1173 948 1273 972 more
1284 936 1460 982 inditum3
1483 937 1672 986 ipsamque
1685 950 1775 985 gen-

1114 995 1190 1028 tem
1236 992 1284 1028 ad
1327 991 1526 1029 Bastarnos
1564 993 1776 1041 antiquissi-

1116 1060 1285 1096 mamque
1321 1048 1588 1086 Germanorum
1623 1050 1775 1100 stirpem

1115 1104 1241 1142 referri
1266 1116 1374 1154 posse
1402 1106 1603 1143 contendit.
1642 1104 1775 1154 Neque

1115 1173 1201 1198 vero
1214 1161 1280 1197 viri
1294 1162 1392 1198 docti
1406 1162 1593 1199 cuiusdam
1606 1161 1780 1210 probabi-

1116 1216 1157 1254 lis
1176 1218 1320 1254 videtur
1343 1218 1466 1267 opinio
1487 1219 1585 1268 apud
1605 1217 1777 1266 Schwgh.

1116 1273 1388 1323 Androphagos
1437 1276 1558 1312 crudis
1601 1287 1776 1323 equorum

1116 1330 1282 1367 carnibus
1312 1331 1424 1368 vitam
1452 1335 1678 1368 sustentasse
1711 1331 1777 1367 mi-

1115 1387 1210 1423 nime
1228 1386 1385 1423 human-:1
1401 1399 1531 1433 carne3
1571 1400 1651 1424 cum
1669 1400 1691 1424 a
1709 1386 1774 1424 tali

1114 1442 1327 1479 crudelitate
1383 1443 1626 1488 abhorreant,
1680 1456 1776 1493 quae

1114 1498 1187 1545 lv,
1222 1499 1300 1538 119
1331 1499 1534 1538 tradantur.
1581 1500 1775 1550 Pomponii

1113 1554 1235 1591 Melae
1260 1552 1598 1605 Anthropophagos
1630 1556 1666 1592 in
1696 1556 1774 1605 agri

1113 1610 1400 1648 Smolenscensis
1412 1617 1448 1649 et
1458 1612 1686 1662 Vitepcensis
1699 1615 1774 1649 tra-

1113 1667 1228 1704 ctibus
1250 1668 1370 1716 egisse
1396 1668 1619 1706 existimarat
1641 1668 1773 1718 Bayer.

1115 1724 1273 1774 Opuscc.
1296 1737 1382 1774 pag.
1404 1727 1469 1766 90.

1318 1781 1427 1833 Cap.
1458 1781 1569 1818 CVII.

1171 1831 1482 1888 Μελαγχλαινοι]
1508 1837 1567 1876 De
1580 1837 1648 1875 hac
1662 1841 1775 1887 gente

1113 1894 1186 1930 vid.
1215 1898 1309 1931 nott.
1337 1894 1385 1930 ad
1411 1894 1486 1939 IV,
1519 1897 1585 1935 20
1622 1894 1775 1932 Bastar-

1112 1951 1168 1987 nis
1188 1951 1371 1987 accenseri
1390 1950 1516 1988 volunt
1532 1951 1719 1989 Gatterer.
1738 1954 1775 1988 et

1111 2006 1271 2044 Heeren.
1303 2006 1326 2043 l.
1352 2006 1375 2043 l.
1417 2006 1477 2044 Ad
1499 2019 1632 2045 nomen
1652 2007 1773 2057 gentis

1111 2063 1271 2114 pertinet
1299 2062 1399 2100 Mela
1427 2063 1481 2112 II,
1524 2067 1546 2105 Γ,
1591 2062 1773 2115 §.107:

1110 2119 1423 2166 „Melanchlaenis
1444 2125 1524 2157 atra
1540 2121 1652 2158 vestis
1673 2124 1711 2158 et
1730 2132 1774 2157 ex

1112 2189 1156 2214 ea
1185 2178 1361 2214 nomen.“
1398 2177 1477 2214 coll.
1505 2176 1543 2222 Ι,
1576 2178 1648 2224 19,
1681 2176 1772 2217 105.

1111 2231 1164 2270 Ac
1192 2234 1376 2270 referente
1397 2232 1553 2270 RenneI.
1581 2245 1666 2282 pag.
1689 2230 1773 2273 415

1112 2288 1349 2326 Tamerlanes
1395 2289 1431 2325 in
1471 2289 1626 2326 Caucasi
1658 2289 1771 2326 Indici

1111 2345 1294 2382 montibus
1315 2344 1446 2382 tribum
1466 2344 1652 2394 quandam
1670 2345 1772 2383 inve-

1111 2402 1185 2446 nit,
1214 2413 1323 2450 quam
1349 2402 1532 2438 vocabant
1551 2400 1771 2451 Suzposhian

1111 2458 1133 2494 i.
1173 2469 1207 2494 e.
1246 2469 1357 2504 mgra
1395 2461 1486 2494 veste
1512 2457 1687 2497 indutam,
1714 2479 1770 2486 —

1110 2514 1181 2550 Pro
1210 2508 1278 2551 ἐπ’
1303 2514 1359 2551 ὡν
1384 2514 1444 2551 alii
1463 2515 1570 2551 codd.
1593 2509 1668 2552 ἀπ’
1691 2515 1770 2563 ών;

1109 2570 1156 2607 de
1174 2582 1246 2618 quo
1264 2570 1335 2606 vid.
1355 2575 1446 2607 nott.
1469 2571 1517 2607 ad
1536 2569 1607 2619 lv,
1638 2568 1704 2612 45.

1302 2626 1409 2677 Cap.
1439 2626 1569 2664 CVIII.

1168 2681 1355 2721 Βουδῖνοι
1378 2680 1420 2721 δὲ
1450 2706 1499 2710 —
1532 2679 1706 2735 γλαυκόν
1728 2697 1768 2722 τε

1108 2740 1190 2776 πᾶν
1213 2738 1384 2788 ἰσχυραῖς
1401 2738 1482 2778 ἐστὶ
1502 2739 1569 2779 καὶ
1589 2735 1765 2791 πυῤῥόν]

1107 2795 1165 2833 De
1185 2794 1345 2833 Butlim's
1365 2797 1519 2834 diximus
1538 2797 1586 2834 ad
1607 2796 1672 2844 IV,
1699 2798 1766 2838 21.
