1863 3256
416 110 976 157 MELPOMENE.

127 230 454 287 φοιβόλαμπτος
476 222 729 281 γενόμενος·
763 217 1021 274 Ἰσσηδόνων
1049 217 1094 260 δὲ
1124 216 1395 271 ὑπεροικέειν

124 298 441 357 Ἀριμασπούς,
471 295 635 350 ἄνδρας
654 288 1058 347 μουνοφθάλμους·
1099 287 1211 340 ὑπὲρ
1234 288 1280 331 δὲ
1299 288 1396 330 τού-

121 390 232 422 των,
262 387 368 420 τους
394 363 735 424 χρυσοφύλακας
758 360 956 417 Γρύπας·
995 358 1167 404 τούτων
1197 360 1265 411 δὲ,
1293 360 1398 410 τοὺς

96 454 119 486 ΞΖ
126 439 466 499 Τπερβορέους,
507 434 779 491 κατήκοντας
807 433 877 477 ἐπὶ
907 431 1153 476 θάλασσαν.

1211 428 1401 481 τούτους

123 519 187 560 ὠν
235 528 402 562 παντας
441 508 556 564 πλην
590 506 917 563 Τπερβορέων,
963 501 1194 558 ἀρξάντων
1229 498 1400 557 Ἀριμα-
1419 509 1459 542 15

125 589 262 632 σπῶν,
295 582 514 626 αἰεὶτοῖσι
533 575 873 634 πλησιοχώροισι
895 576 1189 618 ἐπιτίθεσθαι·
1218 574 1293 616 καὶ
1316 571 1404 617 ὑπὸ

123 657 202 713 μὲν
220 654 499 710 Ἀριμασπῶν
523 648 788 702 ἐξωθέεσθαι
809 647 855 691 ἐκ
881 650 956 702 τῆς
974 644 1116 702 χώρης
1132 643 1402 702 Ἰσσηδόνας·

121 725 210 771 ὑπὸ
229 726 275 770 δὲ
301 722 574 780 Ἰσσηδόνων,
605 717 813 770 Σκύθας·
848 719 1117 774 Κιμμερίους
1137 718 1196 770 δὲ,
1231 717 1396 761 οἰκέον-

121 815 198 850 τας
227 797 296 841 ἐπὶ
325 799 378 851 τῇ
408 796 532 851 νοτίῃ
561 791 785 849 θαλάσσῃ,
838 788 926 835 ὑπὸ
958 789 1176 834 Σκυθέων
1204 789 1399 846 πιεζομέ-

67 913 141 957 Qui
180 912 277 949 idem
311 925 398 961 pag.
434 911 514 951 281
554 908 736 948 Issedones

66 969 220 1006 laudans
254 970 363 1005 iustos
388 969 556 1018 piosque,
600 967 736 1004 bellum

67 1026 164 1063 istud
182 1026 278 1062 inter
287 1025 459 1075 Gryphos
473 1029 508 1061 et
522 1022 735 1073 Arimaspos

68 1087 237 1132 gestum,
272 1082 319 1119 de
352 1095 426 1130 quo
452 1081 623 1118 cecinerit
648 1080 736 1116 Ari—

69 1143 188 1186 steas,
228 1151 303 1175 non
330 1137 428 1174 aliud
458 1137 570 1174 fuisse
590 1136 739 1183 bellum,

67 1196 137 1232 nisi
153 1194 364 1243 religiosum
377 1193 633 1242 antiquissimo
646 1198 740 1230 tem-

66 1265 157 1303 pore
186 1251 280 1288 inter
307 1249 437 1287 Turan
460 1255 497 1288 et
525 1250 609 1287 lran
640 1262 738 1287 com-

67 1309 240 1354 missum3
280 1319 353 1356 quo
386 1307 468 1358 ipso
493 1307 651 1350 factum,
698 1309 740 1342 ut

67 1365 213 1417 piorum
265 1363 515 1414 iustorumque
563 1363 680 1401 cultus
718 1376 739 1400 e

69 1427 168 1459 terra
198 1419 283 1458 Iran
318 1420 443 1471 pulsus
477 1421 665 1458 devenerit
702 1419 739 1456 in

70 1478 218 1516 deserta
231 1477 413 1527 Scythica.
426 1498 482 1504 -
494 1475 550 1514 Ac
571 1478 617 1514 (le
636 1477 739 1513 fonte

71 1535 100 1572 si
142 1546 386 1584 quaeramus,
438 1534 537 1572 unde
575 1533 738 1570 Aristeas

70 1591 241 1629 carminis
279 1596 535 1640 argumentum
577 1590 739 1641 petierit,

70 1660 93 1686 a
125 1647 351 1685 Milesiorum
385 1647 524 1684 colonis
555 1648 602 1684 ad
631 1646 741 1684 Ponti

71 1717 171 1741 oram
186 1704 276 1741 haec
297 1704 480 1754 accepisse
501 1710 649 1755 poetam
668 1708 741 1740 sta-

72 1762 144 1798 tuit
162 1759 321 1797 Volcker
343 1760 461 1809 Myth.
488 1762 630 1810 Geogr.
655 1773 740 1809 pag.

76 1818 180 1864 183,
210 1817 371 1866 itemque
391 1818 490 1867 prius
512 1818 555 1854 C.
579 1818 624 1855 O.
644 1816 744 1854 Min-

71 1873 127 1911 ler
148 1873 237 1911 Dor.
267 1874 283 1910 1
309 1887 347 1924 p.
376 1875 458 1915 275
489 1887 564 1911 non
591 1874 661 1911 alia
684 1875 743 1910 via

72 1934 188 1980 atque
220 1942 286 1976 ea,
339 1931 413 1979 qua
454 1943 521 1968 sua
562 1932 743 1982 acceperit

72 1986 310 2034 Herodotus,
348 1986 531 2025 Aristeam
555 2001 619 2024 sua
641 2000 743 2025 acee-

73 2043 173 2095 pisse
196 2048 311 2090 ratus,
341 2055 363 2081 a
383 2044 534 2082 Graecis
553 2045 664 2082 Ponti
688 2049 743 2081 at-

74 2112 148 2149 que
169 2100 412 2149 Borysthenis
440 2101 570 2138 accolis
585 2131 595 2148 ‚
636 2101 744 2138 Mile-

75 2157 136 2194 siis
155 2157 405 2207 potissimum3
449 2159 548 2194 unde
572 2159 743 2196 devenire

74 2214 241 2265 potuisse
260 2215 309 2250 ad
328 2214 614 2263 Proconnesius,
639 2219 678 2252 et
696 2216 744 2252 ad

74 2271 174 2321 ipsos
193 2270 368 2308 Milesios.

133 2379 436 2435 φοιβόλαμπτος
457 2379 686 2437 γενόμενος]
721 2385 743 2420 ἰ.

78 2452 110 2477 e.
132 2439 264 2478 Phoebi
294 2443 437 2479 numine
468 2440 646 2492 afflatus,
688 2440 745 2478 da·-

79 2497 161 2532 vino
190 2499 362 2535 instinctu
384 2502 508 2536 motus.
550 2499 630 2535 Vox
650 2513 744 2547 φοι-

81 2548 304 2604 βόλαμπτος
333 2556 517 2593 invenitur
544 2556 644 2606 apud
665 2555 742 2604 Ly-

80 2610 255 2660 cophron.
276 2624 329 2648 vs·
349 2612 471 2653 1460.
511 2610 571 2650 Ad
593 2616 744 2650 senten-

80 2666 169 2703 tiam
202 2667 311 2713 facit,
354 2669 454 2718 quod
482 2669 577 2707 iufra
598 2667 661 2716 IV,
687 2671 741 2709 79

81 2723 129 2760 de
140 2696 328 2760 Bacchicis
349 2725 460 2773 orgiis
477 2725 626 2775 legitur:
648 2723 744 2796 '34⁶⁶'-

83 2794 130 2827 ας
149 2776 171 2820 ὁ
183 2775 281 2826 θεός
297 2776 508 2832 λαμβάνει·
532 2784 608 2822 νῦν
626 2784 743 2829 οὑτος

794 906 815 948 ὁ
837 907 990 959 δαίμων
1005 905 1071 945 καὶ
1090 904 1156 946 τὸν
1175 904 1370 959 ’ὑμέτερον
1390 906 1461 958 βα-

796 963 903 1004 σιλέα
924 961 1129 1015 λελάβηκε.

853 1020 1061 1067 οἰκέοντας
1082 1018 1146 1059 ἐπὶ
1174 1021 1224 1072 τῇ
1249 1019 1362 1072 νοτίῃ
1387 1022 1461 1056 θα-

794 1074 942 1132 λάσσῃ]
996 1077 1165 1114 Australe
1194 1088 1315 1121 mare,
1361 1075 1462 1124 quod

796 1135 1067 1185 septentrionali
1106 1132 1211 1184 (sive
1247 1132 1462 1169 mediterra-

795 1190 894 1242 neo)
933 1192 1155 1241 opponitur,
1205 1190 1351 1225 rubrum
1392 1189 1464 1224 dici

795 1260 915 1295 mare,
952 1249 1028 1285 sive
1062 1248 1243 1284 Oceanum
1271 1244 1466 1282 australem

797 1305 1005 1343 monuimus
1026 1305 1073 1342 ad
1096 1304 1139 1351 ll,
1163 1303 1256 1344 158.
1287 1302 1347 1339 Ad
1363 1302 1464 1350 quod

797 1376 898 1400 mare
911 1374 1019 1399 nemo
1040 1361 1233 1411 quisquam
1247 1372 1336 1396 sane
1350 1371 1466 1408 quae-

795 1424 851 1457 ret
877 1419 1106 1455 Cimmerios.
1162 1416 1329 1467 Caspium
1366 1428 1463 1451 mare

796 1480 861 1513 aut
888 1475 1024 1513 Pontus
1045 1475 1220 1512 Euxinus
1246 1487 1319 1523 quo
1343 1473 1463 1510 minus

796 1532 1042 1581 intelligatur,
1081 1532 1209 1568 habita
1241 1543 1290 1568 sc.
1319 1529 1464 1567 ratione

798 1590 938 1627 Oceani
972 1587 1293 1639 septentrionalis,
1335 1587 1374 1623 id
1395 1598 1463 1622 usu

797 1646 944 1695 linguae
966 1645 1135 1696 impediri
1161 1644 1340 1682 existimat
1355 1643 1464 1680 Wes-

800 1703 987 1751 selingius.
1027 1703 1096 1747 At,
1126 1702 1195 1737 nisi
1215 1702 1339 1750 inepte
1358 1700 1464 1736 fabu-

798 1760 912 1796 latum
940 1773 1021 1797 esse
1049 1760 1149 1796 dicas
1168 1758 1370 1803 Aristeam,
1406 1756 1464 1792 vix

800 1817 897 1854 aliud
920 1829 1020 1853 mare
1047 1821 1181 1866 poeta,
1222 1827 1242 1851 e
1263 1814 1363 1851 cuius
1386 1825 1466 1850 car-

800 1874 897 1911 mine
916 1873 1133 1910 Herodotea
1166 1873 1369 1916 fluxerunt,
1410 1870 1466 1906 in-

800 1929 967 1979 telligere
1005 1929 1128 1980 potuit
1168 1932 1278 1977 atque
1311 1925 1466 1964 Pontum

799 1987 1001 2033 Euxinum,
1028 1999 1135 2036 quem
1155 1985 1295 2035 νοτίην
1314 1981 1466 2022 θάλασ-

802 2056 876 2083 σαν
896 2044 986 2080 dixit
1012 2047 1181 2093 respectu
1207 2042 1333 2078 habito
1354 2041 1465 2078 maris

801 2100 956 2138 borealis
997 2101 1073 2137 sive
1112 2099 1252 2136 Oceani
1291 2097 1467 2147 glacialis,

801 2170 920 2207 eoque
943 2158 1067 2194 maiori
1098 2156 1176 2193 iure
1197 2156 1316 2193 dicere
1335 2155 1469 2205 potuit,

802 2215 853 2261 si,
896 2215 997 2264 quod
1022 2214 1190 2262 Breiger.
1217 2211 1377 2250 Difficill.
1406 2213 1470 2248 As.

800 2284 887 2322 pag.
913 2274 965 2311 10
988 2271 1198 2315 contendit,
1238 2269 1332 2306 haec
1357 2267 1467 2306 maris

802 2327 969 2366 australis
1001 2326 1201 2378 appellatio
1229 2339 1303 2362 non
1333 2326 1395 2362 uni
1420 2324 1469 2361 illi

801 2385 914 2431 mari,
946 2385 1048 2434 quod
1066 2384 1229 2421 Indicum
1251 2383 1328 2420 sive
1348 2383 1469 2419 Ocea-

801 2455 888 2479 num
933 2440 1132 2478 australem
1168 2440 1277 2488 vulgo
1321 2443 1467 2485 vocant,

801 2499 910 2536 fuerit
930 2498 1105 2550 propria,
1144 2497 1210 2534 sed
1230 2500 1317 2547 apta
1337 2496 1467 2544 cuique

801 2556 914 2602 mari,
944 2556 1044 2592 cuius
1064 2555 1171 2591 situm
1192 2550 1467 2591 meridionalem

802 2612 861 2649 alii
883 2613 990 2661 eique
1016 2610 1290 2662 septentrionali
1319 2613 1467 2646 contra-

801 2670 893 2707 rium
930 2669 1092 2706 indicare
1138 2667 1295 2705 voluerit
1328 2668 1466 2702 auctor.

800 2725 933 2776 Itaque
961 2730 1061 2763 recte
1091 2725 1140 2762 de
1171 2723 1287 2760 Ponto
1315 2721 1468 2758 Euxino

801 2782 859 2820 hic
901 2782 1140 2832 cogitandum
1177 2793 1258 2818 esse
1298 2781 1468 2816 statuunt

1457 317 1494 342 Sc
1498 303 1607 355 filiae,

1456 325 1560 384 metii,
1579 337 1667 377 alteri
1688 352 1733 378 al

1457 383 1530 411 teris
1550 385 1645 411 couliu
1629 393 1692 412 nes.

1454 727 1535 765 287

1038 110 1099 149 lV.
1315 113 1397 151 299

1489 216 1514 242 Η
1518 225 1534 250 )
1560 225 1592 243 er
1580 217 1699 251 rborel,

1455 249 1538 283 Grjp
1551 251 1590 283 ιί,
1622 238 1720 277 Atinia

1455 284 1519 316 epi,
1566 271 1591 309 Ιιῖ
1595 284 1677 310 vedu
1691 293 1734 318 e‚s

1654 318 1675 342 (“
1679 293 1731 344 iiu-
