1863 3256
531 230 1356 282 ADHERODOT.111‚28.
1621 244 1704 284 645

184 355 291 381 nemo
319 344 460 392 nescit,
506 343 576 381 iam
613 346 755 382 veteres
796 348 1020 394 conquestos
1054 357 1156 393 esse,
1201 345 1496 389 Herodoteorum
1528 353 1699 393 librorum

182 411 405 462 exemplaria
424 411 588 450 mutilata
609 416 855 463 corruptaque
875 409 986 459 vulgo
1007 411 1104 449 ferri.
1163 412 1244 452 Nec
1274 414 1359 452 alibi
1393 419 1539 467 ignotus
1561 421 1700 460 Nostro

182 479 279 518 inter
298 479 450 518 buculae
470 493 606 518 cornua
627 478 647 520 ὁ
676 482 750 520 τοῦ
770 478 888 532 ’ἡλίου
912 474 1058 526 κύκλος
1076 480 1346 533 μεμιμημένος
1376 481 1561 534 χρύσεος,
1603 502 1696 539 quae

182 548 292 585 verba
317 546 487 597 leguntur
508 548 543 585 in
565 547 645 586 loeo
668 549 716 587 de
738 561 847 586 vacca
866 548 1043 597 Mycerini
1066 548 1120 595 ΙΙ,
1152 550 1243 592 132.

293 614 345 652 At
363 628 452 653 vero
473 614 530 652 hic
555 615 634 666 ipse
659 616 758 654 locus
773 644 784 663 ,
825 629 906 653 cum
936 620 1064 652 nostro
1092 618 1334 668 compositus,
1377 631 1436 657 me
1456 619 1492 656 in
1511 606 1591 658 eam
1615 635 1696 661 sen-

180 683 330 720 tentiam
355 681 524 728 deducit,
562 685 604 718 ut
630 694 705 719 non
727 686 804 720 tam
833 696 854 720 a
881 683 1035 721 librariis
1054 688 1233 723 curtatam
1253 686 1347 724 hanc
1366 687 1414 725 de
1433 686 1552 738 Apide
1573 700 1697 726 narra-

179 750 318 788 tionem
341 750 518 796 arbitrer‚
556 761 665 798 quam
691 750 740 787 ab
759 752 839 801 ipso
865 750 1042 801 scriptore
1066 753 1231 791 consulto
1258 758 1506 803 contractam,
1543 767 1590 793 ne
1609 755 1697 794 libe-

178 819 252 856 rius
278 817 400 868 eloqui
418 818 627 864 videretur,
666 830 762 867 quae
793 832 860 856 suo
882 832 926 857 ex
948 819 1080 856 iudicio
1104 821 1152 858 ad
1182 821 1375 861 interiores
1397 823 1594 872 religiones
1612 836 1697 874 per-

177 887 347 925 tinerent.
404 885 504 924 Nam
531 886 561 922 si
579 884 746 923 hocloco
776 887 980 925 addidisset
1010 888 1150 926 discum
1173 889 1327 928 solarem
1350 891 1445 928 notis
1470 890 1529 929 dei
1550 889 1695 942 Apidis,

176 967 332 1006 pronum
365 957 442 992 erat
466 953 514 990 ad
535 952 834 1002 intelligendum,
873 955 1051 1004 Mycerini
1082 956 1192 994 filiam
1222 958 1375 996 Osiridis
1408 959 1446 996 in
1477 959 1626 997 modum
1658 960 1696 997 in

177 1021 299 1074 Apide
320 1021 503 1073 sepultam
520 1022 690 1071 adeoque
709 1026 890 1060 sacratam
910 1036 1002 1062 esse.
1063 1024 1184 1068 Quam
1202 1027 1491 1065 taciturnitatem
1510 1027 1695 1077 quomodo

175 1090 411 1142 postmodum
431 1090 622 1128 Historiae
642 1091 740 1141 patri
757 1091 846 1128 vitio
864 1092 1044 1130 verterint
1063 1091 1260 1143 Aegyptii,
1291 1094 1417 1132 docuit
1435 1108 1503 1133 nos
1520 1095 1693 1134 Aelianus

175 1159 256 1198 loco
275 1171 388 1211 supra
404 1158 564 1196 laudato.
620 1158 669 1195 Et
687 1159 756 1196 iam
777 1158 1010 1207 mirabimur,
1041 1159 1225 1210 hodieque
1239 1161 1472 1201 Herodotum
1489 1163 1567 1201 aliis
1584 1164 1692 1212 igno-

175 1231 318 1266 rantem
337 1227 453 1265 videri
481 1231 517 1265 et
540 1227 670 1265 rudem
698 1240 819 1265 rerum
849 1228 1010 1266 omnium
1038 1228 1333 1275 reconditarum
1367 1229 1473 1267 nimis
1505 1229 1692 1268 credulum

172 1295 249 1335 aliis
270 1299 310 1334 et
327 1294 448 1333 alieno
465 1294 546 1332 loco
566 1293 788 1345 loquacem?
838 1295 894 1333 Ac
913 1295 1112 1345 siquando
1132 1296 1273 1334 Noster
1290 1297 1551 1335 reconditiores
1570 1310 1690 1336 rerum

173 1376 300 1402 causas
325 1375 401 1400 non
427 1367 502 1400 tam
529 1363 651 1413 aperit
675 1375 717 1400 ac
735 1362 912 1409 recludit,
953 1374 1062 1412 quam
1081 1369 1294 1403 reverenter
1313 1365 1516 1414 significat:
1553 1366 1690 1404 factum

172 1436 230 1471 est
254 1432 332 1471 fere
357 1443 380 1469 a
410 1430 674 1469 recentioribus
702 1431 966 1482 scriptoribuS,
1004 1434 1044 1467 ut
1071 1444 1115 1469 ea
1141 1444 1217 1469 non
1242 1445 1310 1483 pro
1340 1433 1481 1483 scriptis
1498 1432 1689 1480 haberent,

171 1503 271 1538 certe
296 1512 372 1537 non
395 1512 439 1538 eo
465 1498 703 1547 adhiberent,
748 1511 822 1548 quo
843 1511 906 1538 eas
928 1511 1054 1536 causas
1085 1499 1238 1538 aliorum
1264 1500 1480 1552 scriptorum
1500 1512 1543 1538 ac
1559 1512 1691 1538 monu-

172 1571 378 1606 mentorum
396 1579 490 1619 ope,
519 1567 643 1617 quoad
664 1566 741 1604 eius
762 1566 841 1605 fieri
858 1570 1005 1618 posset,
1036 1571 1209 1606 eruerent
1228 1572 1267 1607 et
1285 1569 1517 1620 explicarent.
1537 1569 1630 1596 —“

263 1740 439 1771 enumerat
462 1734 750 1781 Payne-Knight
778 1734 813 1768 in
847 1734 936 1768 libro
960 1735 1070 1769 bonae
1093 1735 1206 1780 frugis
1230 1735 1422 1781 plenissimo
1444 1735 1586 1781 Inquiry
1609 1736 1681 1771 into

262 1795 322 1829 the
345 1793 541 1840 symbolica}
564 1792 751 1838 Language
776 1793 815 1827 of
833 1791 967 1827 ancient
986 1796 1041 1826 art
1065 1793 1132 1828 and
1156 1792 1361 1838 mythologie
1386 1795 1418 1836 §.
1443 1794 1489 1829 32
1511 1804 1544 1838 p.
1569 1794 1625 1828 23.
