1863 3256
453 240 1013 283 MELPOMENE.

166 351 395 408 νεμόμενοι
432 352 511 409 τὴν
549 350 660 407 πρὸς
696 350 880 404 ἕσπέρην
911 350 1082 406 χώρην,
1123 350 1246 406 μέχρι
1269 350 1423 409 Ἀφρο-

1072 243 1136 282 IV.
1341 250 1424 290 575

1498 359 1535 386 G·
1541 361 1559 387 1ῑ
1552 369 1696 421 ieramrriae
1719 369 1738 389 a

1519 398 1563 420 ιιιι
1611 397 1637 421 ι
1743 411 1755 415 -

137 424 364 474 Ξδισιοὶδος
401 423 552 480 νήσου.
612 424 657 467 ἐν
688 423 733 466 δὲ
761 426 822 479 τῷ
859 421 1015 477 μεταξύ
1046 421 1207 466 τούτου
1235 422 1362 480 χώρῳ
1395 426 1420 481 ἡ
1414 396 1754 520 ’15ἵ1,“,ἵ,,,”ἵ,,,·ξ“,“·1ῃ“1

163 510 207 537 τε
231 494 402 537 Πλατέα
431 499 564 550 νῆσος
595 495 824 545 ἐπικέεται,
854 493 933 550 τὴν
963 494 1133 537 ἔκτισαν
1154 496 1421 548 Κυρηναῖοι·
1493 493 1582 550 ,ξῇῗῇ
1541 498 1586 519 ²¹⁰¹
1568 502 1622 584 ,ἵξῃ
1617 503 1673 560 ,““,’ῃ,
1654 495 1740 553 ᾞξῗῃ,

1482 561 1510 582 et
1529 559 1576 583 .er
1661 561 1754 587 nasci-

1497 593 1528 614 tu
1535 568 1672 626 ‘'Si'lphiu

161 565 236 608 καὶ
264 565 310 607 ἐν
338 583 390 621 τῃ
419 563 582 623 ἠπείρῳ
601 568 842 617 Μενελάϊος
871 563 1002 621 λιμήν
1032 564 1132 616 ἐστι,
1162 565 1234 608 καὶ
1249 563 1424 619 Ἄζιρις,

103 794 171 831 cho
195 792 258 841 (cf.
281 794 434 842 Voyage
453 795 522 830 etc.
552 805 637 842 pag.
660 792 759 839 116)

103 850 151 886 de
175 850 241 886 hac
265 851 381 887 insula
410 850 610 886 accuratius
642 850 761 897 inqui—

102 919 184 943 rere
201 919 274 942 non
293 906 445 943 licuisse.
473 927 529 931 —
557 905 615 942 De
631 905 760 943 Platea

101 963 197 999 conf.
220 966 313 999 nott.
337 964 384 1000 ad
403 963 464 1008 lV,
490 961 582 1002 151.

159 1014 388 1066 Μενελάΐος
442 1014 589 1068 λιμην]
660 1017 760 1055 Inter

101 1075 271 1123 Cyrenen
312 1081 424 1125 atque
452 1078 660 1124 Aegyptum
700 1074 758 1111 hic

100 1136 227 1182 portus
259 1132 372 1179 situs,
409 1145 432 1168 a
461 1130 655 1177 Menelao,
695 1131 757 1180 qui

100 1201 144 1224 ex
169 1188 337 1238 Aegypto
366 1189 432 1236 fug
418 1188 510 1224 iens
543 1189 656 1235 (conf.
682 1187 757 1224 He-

99 1245 177 1281 rod.
198 1244 251 1290 ll,
285 1246 379 1292 119)
405 1246 441 1280 in
463 1242 508 1280 Li
499 1244 617 1292 bjam
640 1256 757 1293 appu-

99 1300 161 1347 lit,
191 1302 238 1337 ad
259 1298 458 1337 Ardaniam
487 1301 672 1348 regionem
695 1312 756 1336 su-

97 1369 164 1407 pra
183 1357 438 1394 Paraetonium
466 1355 508 1406 (i.
530 1369 560 1393 e.
581 1357 628 1392 ad
650 1368 755 1392 occa-

97 1426 175 1449 sum
199 1414 427 1460 paraetonii)
458 1416 552 1450 teste
581 1412 753 1450 Strabon.

95 1468 112 1506 I
143 1481 228 1518 pag.
259 1471 312 1510 40
340 1482 368 1505 s.
390 1472 443 1510 68
463 1468 505 1505 A.
543 1468 623 1506 coll.
649 1468 753 1504 XVII

93 1538 180 1576 pag·
201 1528 280 1566 838
301 1538 328 1562 S·
352 1525 457 1567 1195
479 1526 521 1562 C.
553 1526 694 1574 Scylac.
715 1538 750 1574 p.

94 1583 149 1622 45
181 1582 299 1619 Huds.
329 1595 365 1631 p.
396 1584 480 1622 308
512 1581 630 1627 Gaii,
683 1594 752 1616 no-

94 1651 179 1676 men
200 1639 382 1688 accepisse
404 1639 528 1675 fertur.
559 1638 642 1674 Vid.
662 1638 753 1674 Cor-

94 1694 165 1732 nel.
186 1694 282 1746 Nep.
305 1693 440 1743 Agesil.
466 1697 525 1735 17.
568 1693 751 1730 Mannert.

94 1751 129 1787 X
153 1763 238 1801 pag.
257 1753 321 1792 86.
347 1752 411 1791 87.
449 1750 507 1788 De
525 1751 631 1787 Azz'rz'
653 1751 750 1786 conf.

92 1806 158 1854 IV,
190 1807 266 1847 157
298 1807 421 1856 ibique
449 1808 597 1844 citatum
629 1806 749 1844 Pacho

94 1860 193 1915 (coll.
214 1877 360 1913 quoque
379 1878 415 1914 p.
433 1861 528 1916 87),
569 1864 631 1913 qui
659 1864 750 1900 sines

92 1920 210 1970 silphii
231 1921 496 1958 accuratissime
513 1920 559 1957 ab
580 1920 752 1957 Herodo-

91 1980 130 2012 to
148 1977 296 2013 indicari
319 1990 359 2015 se
384 1978 502 2027 ipsum
535 1977 750 2014 observasse

92 2036 270 2078 testatur,
311 2047 390 2070 cuni
414 2047 457 2071 eo
476 2033 640 2070 nimirum
668 2034 748 2069 loco

93 2089 312 2138 laserpitium
335 2090 452 2126 ἀργίας
481 2090 610 2139 (quam
642 2090 748 2138 plan-

92 2150 167 2182 tam
200 2158 267 2194 pro
285 2150 445 2183 veterum
466 2146 595 2196 silphio
617 2145 746 2195 habet)

91 2214 253 2239 crescere
275 2202 433 2252 incipiat.

147 2255 215 2296 καὶ
237 2254 278 2296 τὸ
307 2259 467 2308 σίλφιον
491 2254 647 2308 ἄρχεται
669 2252 747 2297 cin&

89 2310 247 2364 τούτου]
290 2315 383 2351 Cum
404 2315 458 2352 his
486 2319 523 2352 et
544 2328 645 2364 seqq.
667 2328 747 2352 ver-

89 2371 146 2408 bis
175 2384 323 2421 prorsus
357 2376 562 2420 congruunt
587 2371 746 2421 Scylacis

90 2427 200 2464 verba
220 2426 241 2463 l.
264 2427 286 2464 1.
322 2428 487 2476 longiora
518 2440 623 2476 quam
653 2440 747 2476 quae

90 2483 234 2531 integra
280 2485 542 2521 adscribantur.
619 2484 745 2521 Theo-

89 2539 238 2588 phrasto
259 2546 427 2588 auctore,
453 2554 560 2590 quem
582 2541 746 2589 sequitur

89 2595 166 2632 sere
196 2595 328 2631 Plinius
354 2597 403 2633 H.
433 2597 481 2634 N.
509 2597 563 2642 V,
593 2597 641 2643 5,
680 2610 746 2647 per

89 2655 246 2700 quatuor
261 2651 356 2689 mille
375 2654 492 2690 stadia
510 2653 667 2702 Libyam
686 2667 747 2690 oc-

92 2711 201 2754 cupat
223 2706 410 2756 silphium,
442 2710 642 2758 largissime
661 2723 747 2760 pro·

90 2763 240 2799 veniens
261 2764 355 2799 circa
380 2765 507 2813 Syrtes
527 2771 562 2802 et
580 2766 747 2814 Euespe-

92 2819 200 2856 ridas.
240 2818 309 2855 Alii
330 2820 377 2856 ad
399 2821 543 2858 deserta
561 2822 639 2859 loca
660 2822 747 2859 illud

91 2875 275 2924 ablegant.
306 2874 414 2912 Plura
437 2876 575 2926 Thrige
596 2879 631 2915 in
649 2878 745 2916 Hist.

819 792 953 840 Cyren.
983 805 1019 842 p.
1051 794 1132 833 239
1164 806 1239 842 seq.
1263 790 1358 841 (coll.
1381 792 1477 832 Gail.

819 849 866 885 ad
887 849 1025 898 Scylac.
1050 848 1072 885 l.
1096 849 1117 886 l.
1138 863 1225 899 pag.
1252 850 1373 898 509),
1415 850 1476 898 qui

817 905 913 941 idem
941 906 976 941 in
1006 906 1154 954 copiosa
1181 906 1260 952 illa,
1298 919 1404 955 quam
1429 907 1476 943 (le

816 961 945 1011 silphio
957 962 1117 999 exhibuit
1131 993 1140 1008 ‚
1162 963 1406 1013 disputatione
1433 961 1473 1012 §-

816 1019 870 1058 57
885 1032 920 1067 p.
933 1020 1009 1058 ⁶231
1026 1041 1081 1045 -—
1094 1018 1174 1058 248
1194 1019 1292 1056 locos
1311 1024 1472 1056 veterum

816 1075 979 1126 potiores
1000 1076 1046 1111 de
1062 1074 1191 1124 silphio
1211 1074 1354 1123 collegit
1370 1076 1473 1112 item-

814 1144 885 1179 que
907 1132 1144 1168 recentiorum
1165 1133 1212 1169 de
1233 1145 1276 1168 eo
1299 1132 1472 1180 disquisi-

813 1188 930 1224 tiones
952 1193 1117 1224 accurate
1132 1189 1315 1234 indicavit,
1336 1201 1372 1237 p.
1388 1190 1468 1228 231

812 1248 885 1279 not.
899 1245 964 1283 98.
996 1243 1049 1280 Ac
1065 1245 1260 1293 praecipue
1281 1244 1472 1281 consulen-

812 1300 1133 1348 dusTheophrast.
1150 1300 1246 1337 His-t.
1261 1300 1381 1337 Plant.
1403 1300 1468 1346 VI,

812 1357 848 1394 3.
862 1355 1064 1392 Dioscorid.
1076 1356 1140 1401 Ill,
1154 1357 1218 1396 94.
1233 1356 1298 1396 95.
1316 1356 1407 1393 Plin.
1422 1356 1470 1393 H.

810 1410 860 1448 N.
884 1411 970 1447 XIX
995 1413 1077 1460 (3),
1104 1414 1136 1450 1.
1168 1413 1286 1459 XXII,
1306 1415 1382 1458 233
1412 1414 1469 1449 in-

810 1472 866 1504 ter
895 1469 1116 1505 recentiores
1138 1468 1199 1505 Tu
1230 1473 1377 1518 praeter
1404 1470 1472 1505 do-

810 1524 990 1561 ctissimos
1015 1524 1261 1574 Theophrasti
1289 1526 1471 1576 interpre-

809 1584 878 1627 tes,
892 1581 1081 1618 Bodaeum
1097 1594 1138 1617 ac
1150 1582 1403 1631 Sprengelium
1423 1582 1467 1619 cf.

807 1637 1035 1687 potissimum
1076 1637 1230 1675 Salmas.
1270 1639 1317 1675 ad
1349 1638 1465 1676 Solin.

808 1707 844 1742 p.
864 1692 1115 1735 249—270.
1138 1696 1219 1733 720
1241 1707 1346 1743 seqq.
1371 1696 1465 1735 899.

806 1749 866 1787 De
890 1749 1033 1789 homon.
1063 1750 1096 1786 h.
1118 1750 1138 1785 i.
1157 1762 1241 1799 pag.
1264 1749 1354 1791 144.
1384 1750 1469 1788 Bel-

807 1805 877 1854 ley.
904 1805 1014 1843 Mem.
1051 1807 1097 1844 de
1124 1806 1261 1843 l’Acad.
1298 1808 1333 1845 d.
1358 1807 1466 1847 Inscr.

807 1861 965 1899 XXXVI
981 1877 1016 1914 p.
1038 1865 1088 1903 18
1109 1875 1210 1911 seqq.
1224 1890 1234 1909 ‚
1265 1868 1300 1901 et
1319 1865 1380 1912 qui
1400 1877 1467 1900 nu-

806 1920 963 1969 perrime
984 1920 1074 1957 haec
1099 1920 1267 1957 tractavit
1282 1920 1466 1968 Bottiger.

805 1976 872 2012 Isis
905 1978 1010 2016 1829
1042 1990 1078 2027 p.
1105 1977 1186 2016 318
1204 1998 1260 2002 —
1276 1977 1359 2017 324
1383 1976 1464 2014 incl.

808 2032 990 2082 Silplzium
1007 2034 1102 2070 enim
1123 2032 1199 2069 sive
1218 2032 1463 2082 Laserpitz'um

805 2091 908 2138 (nam
931 2088 1061 2135 Laser,
1084 2093 1231 2126 auctore
1251 2089 1380 2136 Plinio,
1402 2103 1465 2126 vo-

804 2151 907 2183 catur
927 2150 1067 2194 succus)
1081 2146 1304 2194 Cyrenaicae
1320 2147 1462 2195 regioni

803 2203 990 2253 proprium
1013 2204 1089 2240 sere
1109 2202 1174 2238 snit
1196 2203 1273 2239 iure
1293 2202 1377 2241 inde
1397 2203 1463 2240 ha·

803 2259 919 2296 bitum
935 2260 1029 2296 inter
1043 2258 1238 2308 praecipua
1253 2259 1362 2306 (lona,
1382 2260 1463 2307 qui-

805 2315 871 2351 bus
893 2315 988 2352 illam
1010 2316 1195 2364 regionem
1224 2319 1352 2352 natura
1376 2316 1463 2353 bea-

802 2372 864 2407 vit.
908 2371 989 2421 lpsa
1013 2372 1139 2421 planta
1159 2370 1215 2408 vel
1241 2372 1360 2421 potius
1382 2385 1463 2408 suc-

804 2440 866 2464 cus
898 2428 985 2465 inde
1008 2434 1156 2477 paratus
1184 2428 1337 2477 ipsaque
1359 2429 1463 2465 radix

803 2484 840 2520 in
868 2497 906 2521 re
927 2485 1068 2521 medica
1090 2496 1208 2533 aeque
1231 2488 1342 2533 atque
1375 2485 1462 2521 culi-

802 2541 904 2577 naria
919 2541 1000 2587 (ubi
1017 2541 1256 2577 condimentis
1275 2541 1461 2590 pretiosis-

803 2597 900 2633 simis
918 2598 1194 2643 accensebatur)
1204 2597 1460 2641 adhibebatur,

803 2653 990 2702 multaque
1022 2654 1098 2691 eius
1132 2666 1199 2704 per
1232 2658 1344 2689 totam
1385 2654 1461 2689 sere

803 2711 1054 2759 antiquitatem
1087 2711 1204 2754 sama,
1246 2716 1285 2744 ut
1313 2708 1382 2744 dici
1407 2708 1462 2744 vix

802 2767 935 2816 possit,
977 2772 1205 2816 quantopere
1233 2764 1318 2800 inde
1343 2763 1459 2811 Cyre-

802 2835 975 2860 naeorum
1005 2835 1092 2872 opes
1121 2834 1142 2858 e
1174 2819 1291 2868 silphii
1322 2831 1460 2855 merca-

803 2883 882 2916 tura
921 2879 1151 2929 potissimum
1200 2874 1459 2925 provenientes

1481 621 1556 648 Pla-t

161 635 240 691 τήν
277 652 319 678 οι
347 639 595 692 Κυρηναῖοι
633 639 801 680 οἴκεον·
848 652 921 679 και
956 635 1004 679 τὸ
1044 638 1219 693 σίλφιον
1248 634 1423 691 ἄρχεται
1480 662 1514 682 os
1524 603 1702 691 'sjrffi'fflug
1717 602 1754 654 ‘¹¹¹¹
