1863 3256
70 1026 100 1048 ει
130 1019 343 1055 Hellespontici

69 1054 139 1085 quid
166 1057 288 1080 narrent
305 1052 341 1079 de

69 1088 219 1120 Zalmoxi,
255 1094 342 1122 quem
397 1079 497 1113 τον,

86 1119 274 1155 Pythagorae
298 1120 328 1146 in

70 1153 159 1180 Samo
204 1153 344 1181 serviisse

72 1186 183 1214 dicunt·

388 117 470 158 456

796 113 1252 154 HERODOTI

390 240 455 274 τες
495 228 574 267 τοῦ
612 223 975 279 ἀποπεμπομένου
1026 221 1142 275 παρα
1180 221 1255 263 τὸν
1295 219 1512 274 Ζάλμοξιν
1565 221 1639 272 τὰς

388 299 530 349 χεῖρας
568 295 641 337 καὶ
677 293 781 344 τούς
819 292 976 343 πόδας,
1019 289 1351 346 ἀνακινήσαντες
1382 289 1536 340 αὐτὸν,
1572 307 1636 346 με-

362 366 555 419 4τέωρον
591 365 785 418 ριπτεῦσι
823 361 865 411 ἐς
905 361 980 412 τὰς
1014 360 1182 416 λόγχας.
1238 360 1293 415 ἢν
1331 359 1409 414 μὲν
1447 360 1499 416 δή
1535 359 1639 404 ἄπο-

388 433 506 491 θάνῃ
537 432 796 484 α’ναπαρεὶς,
827 435 939 473 τοῖσι
962 430 1006 474 δὲ
1029 432 1150 481 ἵλεως
1178 427 1200 472 ὁ
1226 428 1329 480 θεὸς
1352 430 1491 473 ὁοκέει
1510 429 1639 474 εἶναι·

389 504 446 561 ἦν
477 505 521 547 δὲ
563 502 618 557 μὴ
656 499 882 556 ἀποθάνῃ,
920 501 1141 544 αἰτιῶνται
1172 499 1307 543 αὐτὸν
1338 500 1416 543 τόν
1447 500 1640 557 ἄγγελον,
1654 510 1697 543 80

366 573 582 629 ὅφάμενοί
620 587 696 625 μιν
736 572 874 625 ἄνδρα
912 570 1049 614 κακόν
1085 568 1207 615 εἶναι.
1265 571 1557 628 αἰτιησάμενοι
1597 573 1643 616 δὲ

395 647 573 692 τοῦτον,
625 641 758 685 ἄλλον
802 641 1128 695 ἀποπέμπουσι·

396 716 529 765 ζῶντι.

1183 641 1449 686 ἐντέλλονται
1494 643 1539 685 δὲ
1584 642 1644 685 ἔτι

594 707 727 756 Οὗτοι
766 715 808 756 οἱ
848 710 973 756 αὐτοὶ
1004 711 1183 767 Θρήϊκες
1218 712 1290 754 καὶ
1319 712 1427 766 πρὸς
1457 712 1644 769 βροντήν

396 797 438 825 τε
458 782 530 824 καὶ
557 781 781 838 ἀστραπὴν
809 780 1054 834 τοξεύοντες
1084 780 1173 824 ἅνω
1201 781 1309 837 πρὸς
1337 782 1412 826 τὸν
1441 783 1642 837 οὐρανὸν,
1657 790 1699 823 85

397 850 616 895 ἄπειλεῦσι
652 855 715 908 τῷ
751 856 866 908 θεῷ,
910 849 1073 894 οὐδένα
1102 851 1235 894 ἄλλον
1264 852 1372 895 θεόν
1401 855 1645 907 νομίζοντες

269 921 334 967 95
394 919 505 965 εἶναι
535 923 571 964 εἰ
599 921 656 977 μὴ
688 921 766 965 τόν
791 921 1014 978 σφέτερον.

86 987 195 1014 Graeci
214 986 326 1013 Pontici

1076 921 1153 973 Ὡς
1183 921 1228 964 δὲ
1258 920 1339 976 ἐγώ
1370 922 1648 978 πυνθάνομαι

400 996 487 1036 τῶν
515 991 592 1036 τὸν
604 990 920 1048 Ἑλλήσποντον
951 991 1180 1036 οἰκεόντων
1205 989 1421 1047 Ἑλλήνων
1442 994 1514 1037 καὶ
1533 992 1646 1037 Πόν-

400 1136 549 1176 λεῦσαι
596 1133 643 1177 ἐν
684 1133 843 1192 Σάμῳ·

348 1271 479 1313 αὐτῶν
517 1271 581 1313 ἐπὶ
616 1269 737 1327 τούτῳ
776 1271 995 1323 ταχθέντες.

346 1330 447 1368 Libri
477 1342 549 1366 non
578 1330 775 1374 addicunt3
818 1342 884 1367 nec
909 1343 997 1367 sane

345 1386 489 1423 videtur
507 1398 587 1423 esse
602 1386 853 1423 necessarium.
882 1387 999 1423 Recte

347 1441 461 1478 Miot:
509 1454 585 1488 „un
619 1443 752 1478 certain
786 1441 921 1478 nombre
957 1442 998 1478 de

347 1497 452 1534 Gates
478 1509 512 1532 se
530 1500 681 1545 rangent
702 1499 740 1533 in
763 1497 884 1543 ordre,
915 1497 999 1534 cha-

348 1565 415 1589 cun
448 1551 553 1589 d'eux
578 1556 707 1590 tenant
726 1564 772 1589 en
797 1553 893 1589 main
913 1554 999 1589 trois

348 1607 519 1658 pique5.“
551 1628 606 1637 --
654 1606 712 1644 Ad
751 1603 1001 1658 διαλαβόντες

342 1663 444 1700 conf.
467 1662 540 1710 lv,
571 1665 625 1704 68
654 1664 775 1712 ibique
795 1669 887 1702 nott.
930 1664 1000 1701 Pro

350 1721 423 1758 τοῦ
468 1713 801 1770 ἀποπεμπομένου
840 1720 1002 1770 plerique

349 1774 458 1812 codd.
495 1771 588 1821 τούς
636 1770 1002 1827 ἀποπεμπομένους.

349 1829 400 1867 At
441 1829 590 1880 vulgata
630 1829 824 1868 Abreschio
857 1845 1003 1881 quoque

349 1886 504 1936 probata
531 1887 578 1923 ad
607 1885 825 1925 Aristaenet.
855 1901 891 1938 p.
924 1888 1001 1928 156

349 1946 538 1992 praestare
568 1942 722 1981 videtur.
762 1944 871 1988 Quod
906 1945 1003 1981 idem

352 1997 620 2048 Wesselingio‚
683 1998 762 2036 aliis
827 1999 1003 2050 placuisse

350 2054 468 2091 video.

409 2108 613 2159 ῤἰπτεῦσι]
643 2108 876 2148 Florentinus
897 2110 1003 2149 liber:

354 2164 546 2212 ῥίπτουσι.
603 2164 652 2202 At
687 2165 758 2203 vid.
793 2166 1002 2204 Buttmann.

353 2220 513 2257 Gramm.
544 2221 610 2258 Gr.
645 2222 728 2259 mai.
759 2221 791 2259 11
821 2235 905 2272 pag.
937 2224 1002 2264 30.

354 2277 420 2316 31.
451 2276 548 2312 Infra
561 2276 622 2323 lv,
647 2278 726 2317 168
739 2290 862 2315 omnes
883 2279 1003 2325 codd„

354 2335 528 2379 quantum
545 2333 632 2376 scio,
654 2331 779 2382 ῥίπτει
798 2339 831 2370 et
845 2334 908 2381 IV,
925 2336 1002 2375 188

354 2385 553 2434 ῥιπτέουσι
589 2387 666 2424 coll.
693 2386 783 2433 Vll,
813 2391 878 2430 50.
911 2390 1003 2437 vlu,

354 2441 418 2482 53.
451 2463 498 2469 —
548 2442 587 2478 ln
619 2454 720 2491 seqq.
750 2456 816 2493 pro
844 2445 1005 2491 τοισίδε,

354 2498 454 2546 quod
473 2497 603 2534 Matth.
625 2499 791 2545 retinuit,
820 2500 904 2537 dedi
922 2514 1002 2537 cum

355 2553 556 2603 Schweigh.
594 2558 630 2590 et
661 2554 778 2590 Gaisf.
809 2559 909 2594 τοῖσι
942 2554 1002 2602 δὲ;

354 2620 436 2646 nam
480 2609 547 2646 loci
592 2609 683 2647 ratio
724 2610 849 2647 similis
895 2616 1004 2661 atque

353 2663 406 2711 11,
435 2665 501 2704 39.

410 2715 628 2772 α’πειλεῦσι]
652 2720 827 2772 Respexit
840 2721 1005 2759 Eustath.

528 1063 604 1106 τόν
633 1062 850 1118 Ζάλμοξιν
878 1066 1060 1114 τοῦτον,
1099 1062 1225 1106 ἐόντα
1254 1061 1515 1116 ἄνθρωπον,
1552 1065 1649 1108 δου-

913 1136 1145 1178 δουλεῦσαι
1195 1132 1241 1176 δὲ
1291 1132 1539 1190 Πυθαγόρῃ
1586 1136 1647 1191 τῷ

1052 1274 1098 1311 ad
1118 1273 1267 1323 Dionys
1282 1272 1423 1322 Perieg.
1440 1272 1531 1314 304.
1543 1292 1596 1299 —
1615 1271 1703 1309 Mox

1053 1331 1193 1380 scripsit
1219 1326 1317 1368 θεὸν
1345 1330 1569 1379 νομίζοντες
1588 1324 1702 1373 εἶναι,

1053 1398 1132 1423 cum
1180 1385 1262 1422 alibi
1311 1386 1448 1422 dicatur
1494 1385 1561 1421 hoc
1597 1396 1703 1422 sensu

1053 1438 1152 1480 θεόν
1191 1440 1386 1490 νομίζειν,
1427 1442 1559 1477 omisso
1593 1440 1704 1477 verbo

1056 1493 1181 1543 εἶναι,
1212 1497 1289 1533 deos
1307 1509 1375 1533 esse
1396 1496 1541 1533 credere.
1583 1495 1706 1541 Confi,

1056 1566 1102 1590 ne
1120 1552 1243 1602 plura,
1265 1552 1475 1589 Stallbaum.
1496 1552 1545 1589 ad
1565 1550 1704 1589 Platon.

1056 1608 1259 1659 Euthyphr.
1282 1621 1367 1658 pag.
1392 1610 1442 1648 13
1464 1620 1566 1657 seqq.

1253 1665 1360 1713 Cap.
1390 1664 1503 1701 XCV.

1112 1718 1178 1766 Ὡς
1202 1716 1243 1758 δὲ
1263 1717 1335 1771 ἐγώ
1352 1719 1627 1769 πυνθανομαι]
1650 1717 1707 1755 Ad

1059 1780 1272 1813 structuram
1291 1775 1357 1813 loci
1378 1777 1471 1814 conf.
1488 1775 1619 1813 Matth.
1642 1775 1706 1812 Gr.

1058 1833 1123 1869 Gr.
1143 1845 1180 1882 p.
1194 1832 1375 1874 1059.—
1393 1833 1497 1876 Quae
1512 1835 1709 1880 sequuntur

1057 1888 1191 1934 verba,
1230 1888 1316 1925 satis
1352 1889 1500 1932 docent,
1538 1887 1709 1924 Herodo-

1058 1951 1132 1981 tum
1169 1945 1286 1995 ipsum
1325 1944 1503 1983 Thraciae
1539 1955 1639 1980 oram
1667 1954 1709 1979 ac

1058 2000 1166 2038 Ponti
1208 2000 1336 2037 Euxini
1387 2000 1494 2037 litora
1546 2000 1709 2036 visitasse

1061 2056 1295 2104 Graecasque
1338 2055 1408 2093 illic
1449 2056 1534 2092 sitas
1576 2055 1709 2091 adiisse

1060 2111 1240 2156 colonias3
1269 2125 1486 2161 quamquam
1507 2112 1543 2148 in
1563 2111 1708 2148 interio-

1060 2168 1108 2204 ris
1145 2167 1324 2205 Thraciae
1360 2169 1524 2216 regiones
1564 2167 1708 2202 minime

1059 2228 1270 2274 penetrasse
1301 2224 1482 2274 putandus
1515 2222 1592 2259 erit.
1650 2221 1709 2258 Cf.

1059 2279 1184 2327 Heyse
1210 2292 1246 2329 p.
1279 2282 1368 2320 128.
1398 2300 1451 2305 —
1489 2276 1710 2327 Hellesponti

1060 2347 1191 2372 nomen
1227 2334 1343 2372 latiori
1378 2346 1484 2371 sensu
1521 2334 1576 2370 hic
1607 2333 1708 2369 adhi-

1059 2391 1170 2427 bitum
1206 2391 1357 2427 videtur.
1412 2390 1517 2426 Conf.
1545 2393 1634 2425 nott.
1662 2388 1709 2425 ad

1058 2445 1124 2491 IV,
1155 2445 1220 2486 85.

1097 2501 1307 2539 δουλεῦσαι
1326 2497 1367 2538 δὲ
1384 2495 1621 2554 Πυθαγόρῃ]
1636 2499 1709 2536 Ea-

1059 2556 1141 2593 dem
1162 2556 1320 2604 Hesych.
1339 2556 1360 2593 Ι.
1383 2555 1404 2592 Ι.
1423 2556 1575 2605 etDiog.
1590 2557 1708 2594 Laert.

1061 2614 1081 2648 Ι.
1094 2611 1117 2649 l.
1132 2611 1263 2649 Valent
1273 2617 1394 2649 autem
1404 2613 1491 2649 haec
1501 2613 1608 2650 verba
1619 2624 1711 2661 quo-

1062 2667 1257 2705 dammodo
1312 2669 1361 2705 ad
1397 2668 1577 2705 Zalmoxis
1617 2673 1709 2705 tem-

1062 2736 1152 2774 pora
1191 2724 1406 2762 definienda.
1446 2723 1615 2774 Namque
1640 2723 1710 2771 Py-
