1863 3256
456 136 1144 185 MEUPOMENE.1V.

1354 144 1435 183 381

132 250 335 296 3ἐσδιδοῖ
361 252 404 303 ἐς
434 249 584 294 αὐτόν.
644 249 687 302 ἐξ
712 246 935 303 Ἰλλυριῶν
959 245 1004 289 δὲ
1029 245 1143 300 ῥέων
1164 245 1274 301 πρὸς
1296 249 1438 304 βορῆν

164 324 328 380 ἄνεμον
362 323 549 379 ’Ἄγγρος
596 319 811 376 ποταμός,
869 318 1065 375 ἐσβάλλει
1104 317 1148 369 ἐς
1193 319 1347 361 πεδίον
1384 318 1433 362 τό

169 394 480 452 Τριβαλλικὸν,
512 393 587 438 καὶ
606 394 648 445 ἐς
667 390 889 447 ποταμόν,
922 388 1149 445 Βρόγγον·
1185 386 1208 431 ὁ
1230 389 1275 432 δὲ
1296 387 1436 444 Βρόγ-

133 470 242 523 4γος
272 466 313 518 ἐς
342 467 421 509 τὸν
439 465 626 519 Ἴστρον.

160 537 346 593 γάλους,
387 537 411 580 ὁ
436 536 607 592 Ἴστρος
644 535 826 579 δέκεται.

148 692 318 746 ’Ἄγγρος
364 689 562 743 ποταμὸς]
622 692 767 741 Angms

103 756 159 790 est
193 750 349 788 Morava
385 749 554 796 Serve'ae,
595 748 767 798 Brongus

101 812 225 845 autem
248 806 405 844 Morava
425 807 641 856 Balgarz‘ae.
683 807 766 844 vid.

103 865 289 902 Gatterer.
316 865 337 901 l.
366 865 388 901 l.
420 877 507 914 pag.
538 866 616 909 33,
656 876 766 913 quem

101 926 304 971 sequuntur
355 921 531 960 Larcher.
582 922 618 957 in
668 920 704 957 T
707 921 766 957 ab.

103 978 241 1027 Geogr.
269 992 306 1028 p.
330 979 411 1019 567
440 982 476 1016 et
494 978 678 1015 Mannert.
699 977 767 1014 Vll

102 1047 190 1086 pag.
207 1033 346 1076 1lcoll.
376 1035 571 1073 Reichard.
594 1033 765 1084 pag-433

103 1091 165 1141 qui
184 1103 423 1141 quaecunque
434 1103 518 1128 mox
529 1092 575 1129 de
587 1090 700 1140 Carpi
709 1095 765 1127 at-

103 1160 175 1197 que
183 1149 271 1198 Alpi
281 1148 419 1186 Noster
430 1147 574 1195 afferat,
595 1160 640 1185 ea
651 1146 766 1197 expli-

101 1205 175 1242 cari
204 1217 314 1255 posse
343 1209 474 1254 negat,
504 1209 544 1241 ut
568 1216 657 1241 sane
675 1203 765 1240 falsa

101 1273 184 1298 esse
222 1260 495 1312 perhibeantur.
545 1260 625 1298 Nec
647 1260 765 1309 magis

100 1317 212 1354 salsos
239 1330 320 1355 esse
349 1330 411 1355 eos
431 1317 670 1363 crediderim,
702 1317 765 1366 qui

100 1374 204 1424 Alpis
239 1374 387 1412 nomine
418 1373 580 1411 Rhenum
614 1374 766 1411 indicari

99 1435 242 1481 putent.
291 1429 346 1468 Ac
376 1432 522 1468 fluvium
555 1430 662 1480 Alpin
690 1443 765 1468 non

100 1487 211 1537 longe
253 1501 276 1525 a
313 1489 480 1536 margine
510 1488 661 1525 occidua
692 1492 766 1525 ter-

100 1557 165 1582 rae
207 1544 439 1582 Herodotum
494 1545 561 1581 sibi
618 1545 766 1583 finxisse

102 1614 123 1639 e
143 1602 262 1638 verbis
282 1614 387 1651 seqq.
409 1602 456 1639 de
466 1602 548 1638 Istri
567 1614 673 1639 cursu
692 1601 767 1639 col-

101 1657 181 1707 ligit
209 1658 381 1695 Bredow.
413 1658 523 1708 Spec,
552 1657 691 1708 Geogr.
730 1662 767 1696 et

101 1713 305 1764 Uranolog.
348 1715 491 1753 Herod.
526 1728 612 1765 pag.
645 1715 767 1752 XXIV

100 1775 177 1807 not.
227 1771 308 1808 Nec
337 1773 454 1821 magis
485 1773 651 1809 assentiri
682 1785 767 1822 pos-

101 1840 179 1864 sum
200 1827 423 1876 Niebuhrio,
454 1829 515 1878 qui
536 1829 633 1866 Hist.
657 1830 765 1867 Rom.

101 1883 116 1920 l
148 1897 185 1934 p.
219 1884 298 1926 149
325 1886 383 1923 ed.
412 1899 484 1923 sec.
521 1885 596 1923 sive
628 1885 765 1936 Carpin

100 1940 175 1978 sive
194 1941 305 1991 Alpz'n
330 1955 397 1993 pro
418 1946 545 1979 nostro
562 1943 673 1980 fluvio
693 1942 765 1980 Ιηη

98 1996 228 2035 haberi
268 1998 355 2036 vult.
423 1999 495 2044 Qui
537 1999 636 2036 idem
672 2001 765 2038 Ver-

99 2054 239 2091 mischt.
265 2055 413 2093 schrift.
435 2056 449 2092 Ι
477 2070 513 2107 p.
537 2055 631 2097 374.
663 2057 763 2095 Hist.

98 2109 207 2147 Rom.
239 2111 270 2148 ll
297 2125 334 2162 p.
357 2112 438 2155 578
456 2114 515 2150 ed.
533 2125 603 2150 sec.
622 2113 680 2150 vix
699 2126 765 2151 au-

99 2167 276 2213 diendus,
328 2170 429 2218 quod
471 2170 636 2218 Arzgrum
684 2183 765 2209 esse

98 2225 290 2262 contendit
308 2227 456 2264 fluvium
471 2226 565 2263 Drz'n
588 2231 623 2264 et
645 2226 766 2265 Bron-

100 2293 185 2329 gum
205 2294 302 2319 nune
321 2284 443 2320 vocari
465 2283 600 2320 Savum
630 2282 766 2336 (Sau)·‚

102 2350 210 2386 quam
230 2339 386 2377 eandem
398 2340 483 2377 olim
494 2340 644 2378 Peuceri
654 2342 766 2380 fuisse

101 2396 321 2433 sententiam
333 2425 346 2444 ‚
373 2409 394 2435 e
411 2396 586 2435 Larcheri
606 2402 693 2435 nota
711 2399 767 2436 in-

102 2449 236 2499 telligo.

160 2505 200 2552 ἐς
235 2508 375 2548 πεδίον
404 2506 446 2549 vd
485 2507 762 2563 Τριβαλλικὸν]

106 2560 267 2600 Triballi
297 2566 367 2615 ipsi
399 2567 499 2617 apud
530 2568 765 2606 Herodotum

103 2618 227 2656 nullibi
248 2628 590 2671 commemorantur,
616 2626 677 2675 qui
696 2626 766 2663 hoc

103 2688 175 2712 uno
206 2675 286 2713 loco
313 2677 550 2718 Triballorum
576 2681 766 2731 planitiem

102 2733 280 2773 nominat.
342 2733 453 2784 Apud
509 2737 765 2787 Thucydidem

102 2788 269 2839 aliosque
306 2790 478 2840 frequens
509 2793 615 2831 huius
644 2796 764 2845 gentis

691 462 808 507 οὕτω
839 460 1140 517 ἀμφοτέρους,
1180 458 1332 510 ἐόντας
1363 466 1485 515 gas-25

895 532 942 576 ἐκ
984 532 1031 575 δὲ
1069 535 1146 588 τῆς
1185 530 1436 586 κατύπερθε

824 687 986 736 mentio,
1024 701 1120 737 quae
1155 689 1242 727 olim
1280 689 1395 728 libera
1422 701 1490 727 nec

825 745 980 793 Odrysis
1011 745 1193 793 subiecta,
1225 746 1407 784 Thraciae
1433 759 1493 784 ac-

824 806 994 839 censetur
1023 804 1195 851 gentibus
1219 808 1257 840 et
1281 815 1377 852 quae
1398 808 1492 840 tem-

823 871 954 909 porum
985 859 1141 896 decursu
1171 861 1319 898 sedibus
1342 859 1492 897 mutatis

825 915 872 951 ad
914 914 1072 953 Pontum
1112 915 1293 954 Euxinum
1331 918 1492 966 Istrique

824 972 1034 1009 inferiorem
1052 985 1195 1010 cursum
1215 974 1332 1023 magis
1353 973 1490 1023 magis-

824 1041 896 1078 que
911 1030 1116 1078 processise
1135 1031 1290 1067 videtur.
1323 1030 1379 1067 Cf.
1391 1031 1488 1067 Gat-

823 1089 932 1122 terer.
957 1086 980 1121 1.
1008 1085 1030 1122 l.
1062 1098 1147 1136 pag.
1169 1088 1224 1127 37
1257 1100 1362 1136 seqq.
1404 1085 1489 1124 Tri-

824 1141 996 1178 ballorum
1028 1142 1200 1192 planities
1229 1144 1279 1180 ad
1307 1143 1490 1181 Moesiam

823 1198 1034 1235 interiorem
1085 1199 1163 1236 sive
1211 1200 1260 1237 ad
1309 1200 1490 1248 Serviam,

824 1267 920 1303 quae
950 1268 1047 1292 nunc
1074 1260 1247 1303 vocatur,
1276 1256 1489 1306 pertinebit.

822 1310 1009 1349 Mannert.
1030 1311 1098 1349 Vll
1115 1326 1151 1363 p.
1179 1315 1229 1354 11
1262 1314 1309 1351 de
1339 1326 1384 1350 ea
1403 1313 1491 1351 Ser-

822 1369 903 1406 viae
923 1368 1077 1419 planitie
1099 1370 1252 1418 cogitat,
1278 1382 1374 1420 quae
1394 1383 1491 1407 nune

823 1426 1049 1463 nominatur:
1106 1427 1323 1478 Amselfeld,
1371 1440 1490 1478 prope

824 1482 1015 1521 Kossova:
1061 1483 1215 1533 insignis
1249 1485 1308 1522 illa
1339 1485 1490 1533 quidem

825 1539 967 1577 duabus
1003 1542 1138 1590 pugnis
1165 1553 1262 1579 anno
1300 1543 1408 1583 1389
1451 1544 1490 1578 et

827 1595 936 1637 1448
959 1598 1172 1635 commissis.
1214 1599 1264 1635 At
1283 1597 1489 1636 Niebuhrio

824 1652 846 1689 l.
876 1652 897 1688 l.
926 1654 1035 1691 latius
1053 1655 1216 1704 patuisse
1237 1656 1380 1693 videtur
1397 1654 1489 1692 haec

823 1709 994 1760 planities
1021 1724 1241 1761 omnemque
1259 1711 1488 1761 Hungariam

823 1767 1030 1805 inferiorem
1052 1769 1397 1819 comprehendisse3
1436 1768 1490 1805 ita

821 1827 862 1860 ut
893 1823 1136 1862 Triballorum
1163 1826 1336 1876 planities
1360 1825 1490 1862 Slavo-

822 1880 906 1918 niae
933 1886 1046 1931 atque
1065 1882 1280 1932 Hungariae
1305 1882 1487 1920 inferioris

821 1949 972 1988 campos
1003 1938 1157 1989 planos,
1188 1953 1282 1990 quos
1304 1939 1487 1977 Herodoti

822 1999 945 2033 aetate
964 1995 1116 2033 Triballi
1145 2001 1360 2045 tenuerunt,
1399 2000 1489 2046 post

822 2051 911 2089 alias
952 2053 989 2089 in
1025 2057 1143 2090 terras
1188 2055 1320 2092 cedere
1357 2053 1485 2099 coacti,

822 2109 1155 2159 comprehenderit.
1176 2111 1258 2148 Vid.
1270 2111 1367 2148 Hist.
1377 2111 1486 2148 Rom.

822 2165 855 2203 ΙΙ
874 2179 911 2216 p.
935 2167 1018 2207 578
1038 2179 1115 2216 seq.
1139 2168 1195 2205 ed.
1223 2181 1294 2206 sec.

880 2221 922 2261 ἐκ
942 2220 984 2261 δὲ
1006 2225 1079 2274 τῆς
1095 2220 1326 2276 κατύπερθε
1355 2219 1488 2276 χώρης

822 2274 1064 2330 Ὀμβρίκων]
1104 2281 1218 2331 Haud
1241 2282 1331 2319 alios
1355 2282 1412 2319 hic
1430 2281 1487 2318 in-

824 2337 937 2386 telligi
973 2336 1119 2374 Umbros
1158 2343 1271 2388 atque
1313 2352 1424 2390 supra
1456 2338 1487 2384 I,

825 2394 900 2441 94,
931 2400 1157 2445 compertum
1178 2395 1317 2443 habeo,
1337 2400 1486 2445 gentem

823 2451 899 2491 scil.
925 2453 1082 2490 maxime
1111 2453 1304 2492 florentem
1334 2458 1373 2491 et
1401 2456 1487 2490 ante

820 2508 1057 2546 Etruscorum
1079 2509 1271 2560 imperium
1297 2510 1404 2547 valde
1422 2522 1485 2547 ex-

822 2569 977 2603 tensam.
1007 2565 1141 2616 Neque
1161 2567 1267 2605 aliam
1288 2567 1381 2604 ultra
1394 2566 1487 2603 Uni-

821 2622 909 2660 bros
929 2622 1058 2661 Italiae
1078 2628 1227 2672 gentem
1251 2624 1390 2662 Noster
1418 2634 1486 2658 no-

821 2680 916 2717 visse
937 2680 1100 2727 videtur,
1140 2693 1232 2730 quos
1252 2681 1353 2731 ipsos
1378 2678 1487 2715 forsi-

821 2741 886 2774 tan
907 2737 1024 2786 magis
1047 2737 1332 2787 septentrionem
1359 2746 1484 2772 versus

821 2794 1029 2831 habitantes
1057 2794 1125 2830 sibi
1154 2793 1274 2830 animo
1297 2792 1484 2842 cogitave-
