<?xml version="1.0" encoding="UTF-8"?>
<!DOCTYPE html PUBLIC "-//W3C//DTD XHTML 1.0 Transitional//EN"
    "http://www.w3.org/TR/xhtml1/DTD/xhtml1-transitional.dtd">
<html xmlns="http://www.w3.org/1999/xhtml" xml:lang="en" lang="en">
 <head>
  <title>
</title>
<meta http-equiv="Content-Type" content="text/html;charset=utf-8" />
  <meta name='ocr-system' content='tesseract 3.04.00' />
  <meta name='ocr-capabilities' content='ocr_page ocr_carea ocr_par ocr_line ocrx_word'/>
</head>
<body>
  <div class='ocr_page' id='page_1' title='image "./musaeher02hero/musaeher02hero_0213.png"; bbox 0 0 1863 3256; ppageno 0'>
   <div class='ocr_carea' id='block_1_1' title="bbox 0 0 5 205">
    <p class='ocr_par' dir='ltr' id='par_1_1' title="bbox 0 0 5 205">
     <span class='ocr_line' id='line_1_1' title="bbox 0 0 5 47; baseline 0 0"><span class='ocrx_word' id='word_1_1' title='bbox 0 0 5 47; x_wconf 84' lang='grc' dir='ltr'>ι</span> 
     </span>
     <span class='ocr_line' id='line_1_2' title="bbox 0 57 3 138; baseline 0 0"><span class='ocrx_word' id='word_1_2' title='bbox 0 57 3 138; x_wconf 67' lang='grc' dir='ltr'><strong>ἱ</strong></span> 
     </span>
     <span class='ocr_line' id='line_1_3' title="bbox 0 184 3 205; baseline 0 0"><span class='ocrx_word' id='word_1_3' title='bbox 0 184 3 205; x_wconf 84' lang='grc' dir='ltr'>Ι</span> 
     </span>
    </p>
   </div>
   <div class='ocr_carea' id='block_1_2' title="bbox 0 321 352 408">
    <p class='ocr_par' dir='ltr' id='par_1_2' title="bbox 0 321 352 408">
     <span class='ocr_line' id='line_1_4' title="bbox 0 321 352 408; baseline -0.006 -21"><span class='ocrx_word' id='word_1_4' title='bbox 0 321 2 408; x_wconf 82' lang='grc' dir='ltr'>Ι</span> <span class='ocrx_word' id='word_1_5' title='bbox 21 348 122 394; x_wconf 83' lang='grc'>109</span> <span class='ocrx_word' id='word_1_6' title='bbox 169 341 309 386; x_wconf 80' lang='grc' dir='ltr'><em>οὐδὲ</em></span> <span class='ocrx_word' id='word_1_7' title='bbox 295 343 352 386; x_wconf 86' lang='grc' dir='ltr'><em>ε’ν.</em></span> 
     </span>
    </p>
   </div>
   <div class='ocr_carea' id='block_1_3' title="bbox 167 405 1445 538">
    <p class='ocr_par' dir='ltr' id='par_1_3' title="bbox 167 405 1444 538">
     <span class='ocr_line' id='line_1_5' title="bbox 168 405 1444 470; baseline -0.006 -12"><span class='ocrx_word' id='word_1_8' title='bbox 168 416 303 470; x_wconf 87' lang='grc' dir='ltr'><em>βίοισι</em></span> <span class='ocrx_word' id='word_1_9' title='bbox 328 409 732 464; x_wconf 82' lang='grc' dir='ltr'><em>ὑπόπτεροιὸφιες,</em></span> <span class='ocrx_word' id='word_1_10' title='bbox 763 411 799 452; x_wconf 81' lang='grc' dir='ltr'>εἰ</span> <span class='ocrx_word' id='word_1_11' title='bbox 829 408 1024 464; x_wconf 78' lang='grc' dir='ltr'><em>ἐγίνοντο</em></span> <span class='ocrx_word' id='word_1_12' title='bbox 1057 425 1116 460; x_wconf 85' lang='grc' dir='ltr'>ως</span> <span class='ocrx_word' id='word_1_13' title='bbox 1144 406 1171 464; x_wconf 81' lang='grc' dir='ltr'><strong><em>ἡ</em></strong></span> <span class='ocrx_word' id='word_1_14' title='bbox 1204 405 1337 463; x_wconf 82' lang='grc' dir='ltr'><em>φύσις</em></span> <span class='ocrx_word' id='word_1_15' title='bbox 1368 406 1444 450; x_wconf 81' lang='lat' dir='ltr'><em>av’-</em></span> 
     </span>
     <span class='ocr_line' id='line_1_6' title="bbox 167 474 1445 538; baseline -0.006 -9"><span class='ocrx_word' id='word_1_16' title='bbox 167 490 281 529; x_wconf 88' lang='grc' dir='ltr'><em>τοῖσι</em></span> <span class='ocrx_word' id='word_1_17' title='bbox 328 483 528 538; x_wconf 80' lang='grc' dir='ltr'><em>ὑπάρχει,</em></span> <span class='ocrx_word' id='word_1_18' title='bbox 581 480 664 525; x_wconf 80' lang='grc' dir='ltr'>οὐκ</span> <span class='ocrx_word' id='word_1_19' title='bbox 711 480 768 523; x_wconf 73' lang='grc' dir='ltr'><em>ἄν</em></span> <span class='ocrx_word' id='word_1_20' title='bbox 809 474 866 537; x_wconf 78' lang='grc' dir='ltr'><em>ἦν</em></span> <span class='ocrx_word' id='word_1_21' title='bbox 913 478 1105 536; x_wconf 77' lang='grc' dir='ltr'><em>βιώσιμα</em></span> <span class='ocrx_word' id='word_1_22' title='bbox 1152 476 1445 532; x_wconf 76' lang='grc' dir='ltr'><em>ἀνθρώποισι.</em></span> 
     </span>
    </p>
   </div>
   <div class='ocr_carea' id='block_1_4' title="bbox 569 153 1040 199">
    <p class='ocr_par' dir='ltr' id='par_1_4' title="bbox 569 153 1040 199">
     <span class='ocr_line' id='line_1_7' title="bbox 569 153 1040 199; baseline -0.013 0"><span class='ocrx_word' id='word_1_23' title='bbox 569 153 916 199; x_wconf 87' lang='lat' dir='ltr'><strong>THALIA.</strong></span> <span class='ocrx_word' id='word_1_24' title='bbox 974 155 1040 194; x_wconf 88' lang='lat'><strong>111.</strong></span> 
     </span>
    </p>
   </div>
   <div class='ocr_carea' id='block_1_5' title="bbox 1356 159 1439 199">
    <p class='ocr_par' dir='ltr' id='par_1_5' title="bbox 1356 159 1439 199">
     <span class='ocr_line' id='line_1_8' title="bbox 1356 159 1439 199; baseline 0.012 -1"><span class='ocrx_word' id='word_1_25' title='bbox 1356 159 1439 199; x_wconf 84' lang='lat'>201</span> 
     </span>
    </p>
   </div>
   <div class='ocr_carea' id='block_1_6' title="bbox 171 262 1444 324">
    <p class='ocr_par' dir='ltr' id='par_1_6' title="bbox 171 262 1444 324">
     <span class='ocr_line' id='line_1_9' title="bbox 171 262 1444 324; baseline -0.006 -7"><span class='ocrx_word' id='word_1_26' title='bbox 171 270 193 316; x_wconf 88' lang='grc' dir='ltr'>ὁ</span> <span class='ocrx_word' id='word_1_27' title='bbox 224 272 352 324; x_wconf 82' lang='grc' dir='ltr'><strong>τόκος</strong></span> <span class='ocrx_word' id='word_1_28' title='bbox 381 270 489 322; x_wconf 77' lang='grc' dir='ltr'><em>ἐστὶ,</em></span> <span class='ocrx_word' id='word_1_29' title='bbox 517 268 591 312; x_wconf 84' lang='grc' dir='ltr'>καὶ</span> <span class='ocrx_word' id='word_1_30' title='bbox 619 266 670 311; x_wconf 86' lang='grc' dir='ltr'>τὸ</span> <span class='ocrx_word' id='word_1_31' title='bbox 693 264 903 322; x_wconf 85' lang='grc' dir='ltr'><em>παράπαν</em></span> <span class='ocrx_word' id='word_1_32' title='bbox 926 266 1114 309; x_wconf 81' lang='grc' dir='ltr'><em>λείπεται</em></span> <span class='ocrx_word' id='word_1_33' title='bbox 1136 262 1305 308; x_wconf 80' lang='grc' dir='ltr'><em>αὐτέων</em></span> <span class='ocrx_word' id='word_1_34' title='bbox 1324 262 1444 320; x_wconf 78' lang='grc' dir='ltr'><em>ὑγιες</em></span> 
     </span>
    </p>
   </div>
   <div class='ocr_carea' id='block_1_7' title="bbox 401 332 1780 440">
    <p class='ocr_par' dir='ltr' id='par_1_7' title="bbox 401 332 1780 440">
     <span class='ocr_line' id='line_1_10' title="bbox 401 332 1780 440; baseline -0.006 -57.864"><span class='ocrx_word' id='word_1_35' title='bbox 401 340 483 391; x_wconf 79' lang='grc' dir='ltr'>Ὣς</span> <span class='ocrx_word' id='word_1_36' title='bbox 513 338 559 382; x_wconf 79' lang='grc' dir='ltr'>δὲ</span> <span class='ocrx_word' id='word_1_37' title='bbox 588 338 662 382; x_wconf 83' lang='grc' dir='ltr'>καὶ</span> <span class='ocrx_word' id='word_1_38' title='bbox 696 339 740 381; x_wconf 87' lang='grc' dir='ltr'>αἱ</span> <span class='ocrx_word' id='word_1_39' title='bbox 771 337 934 393; x_wconf 77' lang='grc' dir='ltr'><em>ἔχιδναί</em></span> <span class='ocrx_word' id='word_1_40' title='bbox 963 353 1032 388; x_wconf 90' lang='grc' dir='ltr'>τε,</span> <span class='ocrx_word' id='word_1_41' title='bbox 1066 335 1139 380; x_wconf 82' lang='grc' dir='ltr'>καὶ</span> <span class='ocrx_word' id='word_1_42' title='bbox 1170 337 1213 378; x_wconf 85' lang='grc' dir='ltr'>οἱ</span> <span class='ocrx_word' id='word_1_43' title='bbox 1243 335 1289 378; x_wconf 78' lang='grc' dir='ltr'><em>ἐν</em></span> <span class='ocrx_word' id='word_1_44' title='bbox 1317 332 1437 390; x_wconf 84' lang='grc' dir='ltr'><em>Ἀρα-</em></span> <span class='ocrx_word' id='word_1_45' title='bbox 1449 338 1551 432; x_wconf 49' lang='grc' dir='ltr'>75ἒῖΓ</span> <span class='ocrx_word' id='word_1_46' title='bbox 1546 347 1579 371; x_wconf 73' lang='lat'>1¹⁰</span> <span class='ocrx_word' id='word_1_47' title='bbox 1584 346 1631 365; x_wconf 56' lang='grc' dir='ltr'>τεῦ</span> <span class='ocrx_word' id='word_1_48' title='bbox 1593 342 1780 440; x_wconf 45' lang='grc' dir='ltr'>,10ξέἣεὶτὲ</span> 
     </span>
    </p>
   </div>
   <div class='ocr_carea' id='block_1_8' title="bbox 138 549 1448 608">
    <p class='ocr_par' dir='ltr' id='par_1_8' title="bbox 138 549 1448 608">
     <span class='ocr_line' id='line_1_11' title="bbox 138 549 1448 608; baseline -0.004 -11"><span class='ocrx_word' id='word_1_49' title='bbox 138 559 257 599; x_wconf 73' lang='grc' dir='ltr'><em>Ξνῦν</em></span> <span class='ocrx_word' id='word_1_50' title='bbox 301 553 367 607; x_wconf 83' lang='grc' dir='ltr'>δ’,</span> <span class='ocrx_word' id='word_1_51' title='bbox 415 553 547 598; x_wconf 75' lang='grc' dir='ltr'><em>ἐπεαν</em></span> <span class='ocrx_word' id='word_1_52' title='bbox 592 553 877 608; x_wconf 81' lang='grc' dir='ltr'><em>θορνύωνται</em></span> <span class='ocrx_word' id='word_1_53' title='bbox 915 551 1026 596; x_wconf 76' lang='grc' dir='ltr'><em>κατά</em></span> <span class='ocrx_word' id='word_1_54' title='bbox 1067 549 1234 606; x_wconf 80' lang='grc' dir='ltr'><em>ζεύγεα,</em></span> <span class='ocrx_word' id='word_1_55' title='bbox 1285 551 1361 594; x_wconf 82' lang='grc' dir='ltr'>καὶ</span> <span class='ocrx_word' id='word_1_56' title='bbox 1400 549 1448 593; x_wconf 76' lang='grc' dir='ltr'><em>ἐν</em></span> 
     </span>
    </p>
   </div>
   <div class='ocr_carea' id='block_1_9' title="bbox 168 620 877 683">
    <p class='ocr_par' dir='ltr' id='par_1_9' title="bbox 168 620 877 683">
     <span class='ocr_line' id='line_1_12' title="bbox 168 620 877 683; baseline -0.001 -14"><span class='ocrx_word' id='word_1_57' title='bbox 168 625 279 683; x_wconf 83' lang='grc' dir='ltr'><em>αὐτῇ</em></span> <span class='ocrx_word' id='word_1_58' title='bbox 307 620 336 683; x_wconf 82' lang='grc' dir='ltr'><em>ᾗ</em></span> <span class='ocrx_word' id='word_1_59' title='bbox 366 624 390 669; x_wconf 86' lang='grc' dir='ltr'>ὁ</span> <span class='ocrx_word' id='word_1_60' title='bbox 411 626 545 682; x_wconf 85' lang='grc' dir='ltr'><em>ε’ρσην</em></span> <span class='ocrx_word' id='word_1_61' title='bbox 566 643 617 683; x_wconf 87' lang='grc' dir='ltr'>τη</span> <span class='ocrx_word' id='word_1_62' title='bbox 638 624 877 682; x_wconf 76' lang='grc' dir='ltr'><em>ἐκποιήσει,</em></span> 
     </span>
    </p>
   </div>
   <div class='ocr_carea' id='block_1_10' title="bbox 909 619 1446 677">
    <p class='ocr_par' dir='ltr' id='par_1_10' title="bbox 909 619 1446 677">
     <span class='ocr_line' id='line_1_13' title="bbox 909 619 1446 677; baseline -0.006 -10"><span class='ocrx_word' id='word_1_63' title='bbox 909 621 1177 677; x_wconf 72' lang='grc' dir='ltr'><strong><em>απιδυμένου</em></strong></span> <span class='ocrx_word' id='word_1_64' title='bbox 1202 619 1343 666; x_wconf 73' lang='grc' dir='ltr'><strong><em>αυτοῦ</em></strong></span> <span class='ocrx_word' id='word_1_65' title='bbox 1365 620 1446 677; x_wconf 70' lang='grc' dir='ltr'>τήν</span> 
     </span>
    </p>
   </div>
   <div class='ocr_carea' id='block_1_11' title="bbox 167 693 1504 754">
    <p class='ocr_par' dir='ltr' id='par_1_11' title="bbox 167 693 1504 754">
     <span class='ocr_line' id='line_1_14' title="bbox 167 693 1504 754; baseline -0.004 -13"><span class='ocrx_word' id='word_1_66' title='bbox 167 696 326 753; x_wconf 75' lang='grc' dir='ltr'><em>γονὴν,</em></span> <span class='ocrx_word' id='word_1_67' title='bbox 363 695 391 754; x_wconf 84' lang='grc' dir='ltr'><em>ἡ</em></span> <span class='ocrx_word' id='word_1_68' title='bbox 429 696 568 753; x_wconf 80' lang='grc' dir='ltr'><em>θήλεα</em></span> <span class='ocrx_word' id='word_1_69' title='bbox 606 696 785 740; x_wconf 83' lang='grc' dir='ltr'><em>ἅπτεται</em></span> <span class='ocrx_word' id='word_1_70' title='bbox 824 699 901 752; x_wconf 83' lang='grc' dir='ltr'>τῆς</span> <span class='ocrx_word' id='word_1_71' title='bbox 939 697 1105 751; x_wconf 81' lang='grc' dir='ltr'><em>δειρῆς,</em></span> <span class='ocrx_word' id='word_1_72' title='bbox 1153 694 1228 738; x_wconf 81' lang='grc' dir='ltr'>καὶ</span> <span class='ocrx_word' id='word_1_73' title='bbox 1257 693 1504 750; x_wconf 76' lang='grc' dir='ltr'>ἐμφῦσα,80</span> 
     </span>
    </p>
   </div>
   <div class='ocr_carea' id='block_1_12' title="bbox 138 766 854 826">
    <p class='ocr_par' dir='ltr' id='par_1_12' title="bbox 138 766 854 826">
     <span class='ocr_line' id='line_1_15' title="bbox 138 766 854 826; baseline 0.001 -16"><span class='ocrx_word' id='word_1_74' title='bbox 138 767 255 812; x_wconf 60' lang='lat' dir='ltr'>Smin</span> <span class='ocrx_word' id='word_1_75' title='bbox 286 766 396 812; x_wconf 83' lang='grc' dir='ltr'><em>ἀνίει</em></span> <span class='ocrx_word' id='word_1_76' title='bbox 424 769 528 824; x_wconf 88' lang='grc' dir='ltr'><em>πρὶν</em></span> <span class='ocrx_word' id='word_1_77' title='bbox 558 768 615 811; x_wconf 78' lang='grc' dir='ltr'><em>ὀὶν</em></span> <span class='ocrx_word' id='word_1_78' title='bbox 648 766 854 826; x_wconf 77' lang='grc' dir='ltr'>διαφάγῃ.</span> 
     </span>
    </p>
   </div>
   <div class='ocr_carea' id='block_1_13' title="bbox 919 764 1446 823">
    <p class='ocr_par' dir='ltr' id='par_1_13' title="bbox 919 764 1446 823">
     <span class='ocr_line' id='line_1_16' title="bbox 919 764 1446 823; baseline -0.006 -11"><span class='ocrx_word' id='word_1_79' title='bbox 919 766 943 812; x_wconf 85' lang='grc' dir='ltr'>ὁ</span> <span class='ocrx_word' id='word_1_80' title='bbox 973 767 1052 822; x_wconf 77' lang='grc' dir='ltr'><em>μὲν</em></span> <span class='ocrx_word' id='word_1_81' title='bbox 1085 765 1138 823; x_wconf 79' lang='grc' dir='ltr'>δή</span> <span class='ocrx_word' id='word_1_82' title='bbox 1171 766 1301 822; x_wconf 78' lang='grc' dir='ltr'><em>ἔρσην</em></span> <span class='ocrx_word' id='word_1_83' title='bbox 1332 764 1446 809; x_wconf 76' lang='grc' dir='ltr'><em>ἄπο-</em></span> 
     </span>
    </p>
   </div>
   <div class='ocr_carea' id='block_1_14' title="bbox 167 838 1446 898">
    <p class='ocr_par' dir='ltr' id='par_1_14' title="bbox 167 838 1446 898">
     <span class='ocr_line' id='line_1_17' title="bbox 167 838 1446 898; baseline -0.001 -16"><span class='ocrx_word' id='word_1_84' title='bbox 167 838 352 896; x_wconf 78' lang='grc' dir='ltr'><em>θνήσκει</em></span> <span class='ocrx_word' id='word_1_85' title='bbox 380 838 526 898; x_wconf 81' lang='grc' dir='ltr'><em>τρόπῳ</em></span> <span class='ocrx_word' id='word_1_86' title='bbox 556 843 618 898; x_wconf 80' lang='grc' dir='ltr'>τῷ</span> <span class='ocrx_word' id='word_1_87' title='bbox 647 839 871 898; x_wconf 80' lang='grc' dir='ltr'><em>εἰρημένῳ.</em></span> <span class='ocrx_word' id='word_1_88' title='bbox 930 838 958 896; x_wconf 85' lang='grc' dir='ltr'><strong><em>ἡ</em></strong></span> <span class='ocrx_word' id='word_1_89' title='bbox 990 839 1036 883; x_wconf 78' lang='grc' dir='ltr'>δὲ</span> <span class='ocrx_word' id='word_1_90' title='bbox 1054 838 1190 895; x_wconf 81' lang='grc' dir='ltr'><em>θήλεα</em></span> <span class='ocrx_word' id='word_1_91' title='bbox 1217 839 1329 881; x_wconf 88' lang='grc' dir='ltr'><em>τίσιν</em></span> <span class='ocrx_word' id='word_1_92' title='bbox 1359 855 1446 882; x_wconf 71' lang='grc' dir='ltr'><em>τοι·</em></span> 
     </span>
    </p>
   </div>
   <div class='ocr_carea' id='block_1_15' title="bbox 167 909 800 969">
    <p class='ocr_par' dir='ltr' id='par_1_15' title="bbox 167 909 800 969">
     <span class='ocr_line' id='line_1_18' title="bbox 167 909 800 969; baseline 0 -14"><span class='ocrx_word' id='word_1_93' title='bbox 167 909 272 967; x_wconf 85' lang='grc' dir='ltr'><em>ήνδε</em></span> <span class='ocrx_word' id='word_1_94' title='bbox 302 909 497 956; x_wconf 76' lang='grc' dir='ltr'><em>α’ποτίνει</em></span> <span class='ocrx_word' id='word_1_95' title='bbox 534 916 595 969; x_wconf 77' lang='grc' dir='ltr'>τῷ</span> <span class='ocrx_word' id='word_1_96' title='bbox 636 911 800 967; x_wconf 79' lang='grc' dir='ltr'><em>ἔρσενι·</em></span> 
     </span>
    </p>
   </div>
   <div class='ocr_carea' id='block_1_16' title="bbox 119 1025 378 1030">
    <p class='ocr_par' dir='ltr' id='par_1_16' title="bbox 119 1025 378 1030">
     <span class='ocr_line' id='line_1_19' title="bbox 119 1025 378 1030; baseline 0 0"><span class='ocrx_word' id='word_1_97' title='bbox 119 1025 378 1030; x_wconf 95' lang='lat' dir='ltr'> </span> 
     </span>
    </p>
   </div>
   <div class='ocr_carea' id='block_1_17' title="bbox 112 1089 786 2164">
    <p class='ocr_par' dir='ltr' id='par_1_17' title="bbox 112 1089 786 2164">
     <span class='ocr_line' id='line_1_20' title="bbox 113 1089 780 1129; baseline 0 -2"><span class='ocrx_word' id='word_1_98' title='bbox 113 1090 169 1128; x_wconf 87' lang='lat' dir='ltr'>ius</span> <span class='ocrx_word' id='word_1_99' title='bbox 198 1089 277 1128; x_wconf 92' lang='lat' dir='ltr'>loco</span> <span class='ocrx_word' id='word_1_100' title='bbox 307 1091 490 1128; x_wconf 81' lang='lat' dir='ltr'>Sancrosti</span> <span class='ocrx_word' id='word_1_101' title='bbox 528 1090 619 1128; x_wconf 87' lang='lat' dir='ltr'>liber</span> <span class='ocrx_word' id='word_1_102' title='bbox 655 1090 780 1129; x_wconf 86' lang='lat' dir='ltr'>melius</span> 
     </span>
     <span class='ocr_line' id='line_1_21' title="bbox 113 1146 781 1194; baseline -0.003 -9"><span class='ocrx_word' id='word_1_103' title='bbox 113 1146 256 1185; x_wconf 87' lang='lat' dir='ltr'>obtulit.</span> <span class='ocrx_word' id='word_1_104' title='bbox 305 1147 373 1184; x_wconf 87' lang='lat' dir='ltr'>Est</span> <span class='ocrx_word' id='word_1_105' title='bbox 393 1148 488 1185; x_wconf 92' lang='lat' dir='ltr'>enim</span> <span class='ocrx_word' id='word_1_106' title='bbox 509 1160 658 1185; x_wconf 87' lang='lat' dir='ltr'>sensus:</span> <span class='ocrx_word' id='word_1_107' title='bbox 683 1160 781 1194; x_wconf 83' lang='lat' dir='ltr'>„un-</span> 
     </span>
     <span class='ocr_line' id='line_1_22' title="bbox 113 1202 780 1255; baseline 0 -15"><span class='ocrx_word' id='word_1_108' title='bbox 113 1204 246 1253; x_wconf 81' lang='lat' dir='ltr'>guibus</span> <span class='ocrx_word' id='word_1_109' title='bbox 263 1204 444 1241; x_wconf 84' lang='lat' dir='ltr'>obstantia</span> <span class='ocrx_word' id='word_1_110' title='bbox 466 1202 655 1241; x_wconf 77' lang='lat' dir='ltr'>lacerando</span> <span class='ocrx_word' id='word_1_111' title='bbox 672 1217 780 1255; x_wconf 78' lang='lat' dir='ltr'>pene-</span> 
     </span>
     <span class='ocr_line' id='line_1_23' title="bbox 114 1257 780 1313; baseline 0 -16"><span class='ocrx_word' id='word_1_112' title='bbox 114 1261 237 1298; x_wconf 82' lang='lat' dir='ltr'>trat.“</span> <span class='ocrx_word' id='word_1_113' title='bbox 294 1260 392 1298; x_wconf 90' lang='lat' dir='ltr'>Nam</span> <span class='ocrx_word' id='word_1_114' title='bbox 429 1257 702 1313; x_wconf 79' lang='grc' dir='ltr'><em>καταγνοὲφειν</em></span> <span class='ocrx_word' id='word_1_115' title='bbox 732 1261 780 1297; x_wconf 86' lang='lat' dir='ltr'>si-</span> 
     </span>
     <span class='ocr_line' id='line_1_24' title="bbox 112 1317 780 1368; baseline 0.001 -14"><span class='ocrx_word' id='word_1_116' title='bbox 112 1317 349 1368; x_wconf 86' lang='lat' dir='ltr'>gnificatione</span> <span class='ocrx_word' id='word_1_117' title='bbox 383 1318 443 1356; x_wconf 88' lang='lat' dir='ltr'>vix</span> <span class='ocrx_word' id='word_1_118' title='bbox 471 1318 622 1355; x_wconf 88' lang='lat' dir='ltr'>multum</span> <span class='ocrx_word' id='word_1_119' title='bbox 656 1318 780 1356; x_wconf 90' lang='lat' dir='ltr'>differt</span> 
     </span>
     <span class='ocr_line' id='line_1_25' title="bbox 113 1369 780 1425; baseline 0.001 -13"><span class='ocrx_word' id='word_1_120' title='bbox 113 1387 137 1412; x_wconf 87' lang='lat' dir='ltr'>a</span> <span class='ocrx_word' id='word_1_121' title='bbox 168 1369 437 1425; x_wconf 74' lang='grc' dir='ltr'><em>καταμύσσειν</em></span> <span class='ocrx_word' id='word_1_122' title='bbox 464 1379 501 1413; x_wconf 87' lang='lat' dir='ltr'>et</span> <span class='ocrx_word' id='word_1_123' title='bbox 526 1375 780 1423; x_wconf 76' lang='grc' dir='ltr'><em>καταξαίνειν</em></span> 
     </span>
     <span class='ocr_line' id='line_1_26' title="bbox 116 1431 779 1482; baseline 0 -13"><span class='ocrx_word' id='word_1_124' title='bbox 116 1445 146 1469; x_wconf 91' lang='lat' dir='ltr'><strong>s.</strong></span> <span class='ocrx_word' id='word_1_125' title='bbox 175 1431 416 1480; x_wconf 79' lang='grc' dir='ltr'><em>διαξαίνειν,</em></span> <span class='ocrx_word' id='word_1_126' title='bbox 448 1445 521 1482; x_wconf 91' lang='lat' dir='ltr'>quo</span> <span class='ocrx_word' id='word_1_127' title='bbox 549 1432 661 1470; x_wconf 83' lang='lat' dir='ltr'>verbo</span> <span class='ocrx_word' id='word_1_128' title='bbox 692 1445 779 1469; x_wconf 78' lang='lat' dir='ltr'>usus</span> 
     </span>
     <span class='ocr_line' id='line_1_27' title="bbox 115 1487 779 1527; baseline -0.003 -1"><span class='ocrx_word' id='word_1_129' title='bbox 115 1493 174 1526; x_wconf 87' lang='lat' dir='ltr'>est</span> <span class='ocrx_word' id='word_1_130' title='bbox 200 1489 329 1526; x_wconf 85' lang='lat' dir='ltr'>eadem</span> <span class='ocrx_word' id='word_1_131' title='bbox 359 1489 396 1526; x_wconf 91' lang='lat' dir='ltr'>in</span> <span class='ocrx_word' id='word_1_132' title='bbox 426 1502 466 1526; x_wconf 92' lang='lat' dir='ltr'>re</span> <span class='ocrx_word' id='word_1_133' title='bbox 490 1487 634 1527; x_wconf 86' lang='lat' dir='ltr'>Aelian.</span> <span class='ocrx_word' id='word_1_134' title='bbox 665 1488 715 1527; x_wconf 90' lang='lat' dir='ltr'>N.</span> <span class='ocrx_word' id='word_1_135' title='bbox 736 1488 779 1526; x_wconf 86' lang='grc' dir='ltr'>Α.</span> 
     </span>
     <span class='ocr_line' id='line_1_28' title="bbox 113 1544 781 1593; baseline -0.003 -10"><span class='ocrx_word' id='word_1_136' title='bbox 113 1544 178 1593; x_wconf 88' lang='lat' dir='ltr'>IV,</span> <span class='ocrx_word' id='word_1_137' title='bbox 206 1545 274 1585; x_wconf 83' lang='lat'><strong>34.</strong></span> <span class='ocrx_word' id='word_1_138' title='bbox 307 1545 388 1583; x_wconf 84' lang='lat' dir='ltr'><strong>coll.</strong></span> <span class='ocrx_word' id='word_1_139' title='bbox 419 1545 465 1583; x_wconf 89' lang='lat' dir='ltr'><strong>V.</strong></span> <span class='ocrx_word' id='word_1_140' title='bbox 493 1546 542 1583; x_wconf 88' lang='lat' dir='ltr'>H.</span> <span class='ocrx_word' id='word_1_141' title='bbox 572 1546 620 1593; x_wconf 89' lang='lat' dir='ltr'>X,</span> <span class='ocrx_word' id='word_1_142' title='bbox 650 1547 689 1593; x_wconf 86' lang='lat'>3,</span> <span class='ocrx_word' id='word_1_143' title='bbox 720 1545 781 1582; x_wconf 89' lang='lat' dir='ltr'>ubi</span> 
     </span>
     <span class='ocr_line' id='line_1_29' title="bbox 115 1597 782 1653; baseline 0.003 -14"><span class='ocrx_word' id='word_1_144' title='bbox 115 1606 172 1639; x_wconf 84' lang='lat' dir='ltr'>est</span> <span class='ocrx_word' id='word_1_145' title='bbox 198 1597 481 1653; x_wconf 78' lang='grc' dir='ltr'><em>καταγράφων.</em></span> <span class='ocrx_word' id='word_1_146' title='bbox 556 1602 628 1640; x_wconf 79' lang='lat' dir='ltr'>Pro</span> <span class='ocrx_word' id='word_1_147' title='bbox 656 1597 782 1652; x_wconf 74' lang='grc' dir='ltr'><em>κνάμ-</em></span> 
     </span>
     <span class='ocr_line' id='line_1_30' title="bbox 115 1659 782 1709; baseline -0.004 -12"><span class='ocrx_word' id='word_1_148' title='bbox 115 1673 213 1705; x_wconf 85' lang='grc' dir='ltr'>πτω,</span> <span class='ocrx_word' id='word_1_149' title='bbox 227 1660 327 1708; x_wconf 85' lang='lat' dir='ltr'>quod</span> <span class='ocrx_word' id='word_1_150' title='bbox 339 1659 552 1709; x_wconf 78' lang='lat' dir='ltr'>posterioris</span> <span class='ocrx_word' id='word_1_151' title='bbox 564 1664 620 1697; x_wconf 87' lang='lat' dir='ltr'>est</span> <span class='ocrx_word' id='word_1_152' title='bbox 636 1659 782 1706; x_wconf 85' lang='lat' dir='ltr'>aetatis,</span> 
     </span>
     <span class='ocr_line' id='line_1_31' title="bbox 114 1711 784 1768; baseline 0.004 -17"><span class='ocrx_word' id='word_1_153' title='bbox 114 1720 257 1753; x_wconf 88' lang='lat' dir='ltr'>veteres</span> <span class='ocrx_word' id='word_1_154' title='bbox 286 1715 455 1753; x_wconf 81' lang='lat' dir='ltr'>dixerunt</span> <span class='ocrx_word' id='word_1_155' title='bbox 482 1713 647 1767; x_wconf 72' lang='grc' dir='ltr'><em>γνάφω,</em></span> <span class='ocrx_word' id='word_1_156' title='bbox 682 1711 784 1768; x_wconf 76' lang='grc' dir='ltr'><em>γνά-</em></span> 
     </span>
     <span class='ocr_line' id='line_1_32' title="bbox 114 1771 786 1823; baseline -0.004 -12"><span class='ocrx_word' id='word_1_157' title='bbox 114 1786 214 1818; x_wconf 88' lang='grc' dir='ltr'>πτω,</span> <span class='ocrx_word' id='word_1_158' title='bbox 230 1771 394 1823; x_wconf 88' lang='lat' dir='ltr'>pluribus</span> <span class='ocrx_word' id='word_1_159' title='bbox 406 1777 579 1811; x_wconf 83' lang='lat' dir='ltr'>monente</span> <span class='ocrx_word' id='word_1_160' title='bbox 591 1773 724 1809; x_wconf 86' lang='lat' dir='ltr'><strong>Blomf.</strong></span> <span class='ocrx_word' id='word_1_161' title='bbox 749 1773 786 1809; x_wconf 88' lang='lat' dir='ltr'>in</span> 
     </span>
     <span class='ocr_line' id='line_1_33' title="bbox 118 1829 785 1879; baseline 0.001 -14"><span class='ocrx_word' id='word_1_162' title='bbox 118 1829 241 1866; x_wconf 84' lang='lat' dir='ltr'><strong>Gloss.</strong></span> <span class='ocrx_word' id='word_1_163' title='bbox 264 1830 312 1866; x_wconf 89' lang='lat' dir='ltr'>ad</span> <span class='ocrx_word' id='word_1_164' title='bbox 335 1829 499 1879; x_wconf 85' lang='lat' dir='ltr'>AeschyI.</span> <span class='ocrx_word' id='word_1_165' title='bbox 520 1829 624 1867; x_wconf 80' lang='lat' dir='ltr'>Pers.</span> <span class='ocrx_word' id='word_1_166' title='bbox 643 1831 726 1871; x_wconf 80' lang='lat'>582</span> <span class='ocrx_word' id='word_1_167' title='bbox 746 1833 785 1867; x_wconf 87' lang='lat' dir='ltr'>et</span> 
     </span>
     <span class='ocr_line' id='line_1_34' title="bbox 117 1885 783 1924; baseline 0 -2"><span class='ocrx_word' id='word_1_168' title='bbox 117 1885 155 1922; x_wconf 90' lang='lat' dir='ltr'>in</span> <span class='ocrx_word' id='word_1_169' title='bbox 175 1886 273 1922; x_wconf 87' lang='lat' dir='ltr'>Add.</span> <span class='ocrx_word' id='word_1_170' title='bbox 295 1885 373 1922; x_wconf 90' lang='lat' dir='ltr'><strong>coll.</strong></span> <span class='ocrx_word' id='word_1_171' title='bbox 394 1886 532 1924; x_wconf 85' lang='lat' dir='ltr'>Duker.</span> <span class='ocrx_word' id='word_1_172' title='bbox 558 1891 596 1924; x_wconf 85' lang='lat' dir='ltr'>et</span> <span class='ocrx_word' id='word_1_173' title='bbox 622 1885 783 1924; x_wconf 84' lang='lat' dir='ltr'><strong>Goeller.</strong></span> 
     </span>
     <span class='ocr_line' id='line_1_35' title="bbox 118 1942 785 1994; baseline 0.001 -15"><span class='ocrx_word' id='word_1_174' title='bbox 118 1943 169 1981; x_wconf 87' lang='lat' dir='ltr'>ad</span> <span class='ocrx_word' id='word_1_175' title='bbox 191 1942 357 1992; x_wconf 90' lang='lat' dir='ltr'><strong>Thucyd.</strong></span> <span class='ocrx_word' id='word_1_176' title='bbox 373 1942 436 1990; x_wconf 85' lang='grc' dir='ltr'>ΙΙΙ,</span> <span class='ocrx_word' id='word_1_177' title='bbox 454 1943 518 1984; x_wconf 87' lang='grc'><strong>58.</strong></span> <span class='ocrx_word' id='word_1_178' title='bbox 548 1944 667 1994; x_wconf 89' lang='lat' dir='ltr'>Supra</span> <span class='ocrx_word' id='word_1_179' title='bbox 684 1943 785 1993; x_wconf 87' lang='lat' dir='ltr'>apud</span> 
     </span>
     <span class='ocr_line' id='line_1_36' title="bbox 118 1995 785 2047; baseline 0.003 -11"><span class='ocrx_word' id='word_1_180' title='bbox 118 1998 350 2037; x_wconf 86' lang='lat' dir='ltr'>Herodotum</span> <span class='ocrx_word' id='word_1_181' title='bbox 372 1999 399 2047; x_wconf 92' lang='grc' dir='ltr'>Ι,</span> <span class='ocrx_word' id='word_1_182' title='bbox 408 2000 482 2040; x_wconf 81' lang='lat'>92</span> <span class='ocrx_word' id='word_1_183' title='bbox 475 2013 676 2037; x_wconf 77' lang='lat' dir='ltr'>invenimus</span> <span class='ocrx_word' id='word_1_184' title='bbox 689 1995 785 2038; x_wconf 74' lang='grc' dir='ltr'><em>κνά-</em></span> 
     </span>
     <span class='ocr_line' id='line_1_37' title="bbox 120 2056 785 2106; baseline 0 -12"><span class='ocrx_word' id='word_1_185' title='bbox 120 2070 216 2105; x_wconf 75' lang='lat' dir='ltr'><strong>(pov.</strong></span> <span class='ocrx_word' id='word_1_186' title='bbox 235 2078 291 2083; x_wconf 90' lang='lat'>—</span> <span class='ocrx_word' id='word_1_187' title='bbox 321 2056 362 2093; x_wconf 91' lang='lat' dir='ltr'>In</span> <span class='ocrx_word' id='word_1_188' title='bbox 391 2056 465 2094; x_wconf 86' lang='lat' dir='ltr'>fine</span> <span class='ocrx_word' id='word_1_189' title='bbox 492 2070 573 2106; x_wconf 85' lang='lat' dir='ltr'><strong>cap.</strong></span> <span class='ocrx_word' id='word_1_190' title='bbox 601 2058 648 2094; x_wconf 94' lang='lat' dir='ltr'>ad</span> <span class='ocrx_word' id='word_1_191' title='bbox 673 2056 785 2094; x_wconf 84' lang='lat' dir='ltr'>verba</span> 
     </span>
     <span class='ocr_line' id='line_1_38' title="bbox 121 2107 726 2164; baseline 0 -13"><span class='ocrx_word' id='word_1_192' title='bbox 121 2107 250 2152; x_wconf 74' lang='grc' dir='ltr'><em>ου’δὲ’</em></span> <span class='ocrx_word' id='word_1_193' title='bbox 237 2111 280 2152; x_wconf 77' lang='grc' dir='ltr'><em>ἐν</em></span> <span class='ocrx_word' id='word_1_194' title='bbox 300 2114 396 2151; x_wconf 89' lang='lat' dir='ltr'>conf.</span> <span class='ocrx_word' id='word_1_195' title='bbox 418 2113 448 2160; x_wconf 95' lang='grc' dir='ltr'>Ι,</span> <span class='ocrx_word' id='word_1_196' title='bbox 466 2115 521 2155; x_wconf 88' lang='grc'>32</span> <span class='ocrx_word' id='word_1_197' title='bbox 542 2113 630 2164; x_wconf 87' lang='lat' dir='ltr'>ibiq.</span> <span class='ocrx_word' id='word_1_198' title='bbox 650 2118 726 2151; x_wconf 89' lang='lat' dir='ltr'>not.</span> 
     </span>
    </p>
   </div>
   <div class='ocr_carea' id='block_1_18' title="bbox 326 2215 574 2267">
    <p class='ocr_par' dir='ltr' id='par_1_18' title="bbox 326 2215 574 2267">
     <span class='ocr_line' id='line_1_39' title="bbox 326 2215 574 2267; baseline 0 -13"><span class='ocrx_word' id='word_1_199' title='bbox 326 2216 358 2254; x_wconf 94' lang='lat' dir='ltr'>C</span> <span class='ocrx_word' id='word_1_200' title='bbox 367 2229 388 2253; x_wconf 90' lang='lat' dir='ltr'>a</span> <span class='ocrx_word' id='word_1_201' title='bbox 398 2229 434 2267; x_wconf 91' lang='lat' dir='ltr'>p.</span> <span class='ocrx_word' id='word_1_202' title='bbox 475 2215 574 2254; x_wconf 85' lang='lat' dir='ltr'>CIX.</span> 
     </span>
    </p>
   </div>
   <div class='ocr_carea' id='block_1_19' title="bbox 119 2289 787 2793">
    <p class='ocr_par' dir='ltr' id='par_1_19' title="bbox 119 2289 787 2793">
     <span class='ocr_line' id='line_1_40' title="bbox 177 2289 782 2347; baseline -0.002 -12"><span class='ocrx_word' id='word_1_203' title='bbox 177 2290 250 2336; x_wconf 77' lang='grc' dir='ltr'>οὔκ</span> <span class='ocrx_word' id='word_1_204' title='bbox 275 2290 327 2334; x_wconf 67' lang='grc' dir='ltr'><em>ἂν</em></span> <span class='ocrx_word' id='word_1_205' title='bbox 355 2289 409 2347; x_wconf 78' lang='grc' dir='ltr'><em>ἧν</em></span> <span class='ocrx_word' id='word_1_206' title='bbox 439 2290 636 2346; x_wconf 79' lang='grc' dir='ltr'><em>βιώσιμα]</em></span> <span class='ocrx_word' id='word_1_207' title='bbox 671 2296 782 2334; x_wconf 89' lang='lat' dir='ltr'>Conf.</span> 
     </span>
     <span class='ocr_line' id='line_1_41' title="bbox 119 2350 783 2403; baseline 0.008 -13"><span class='ocrx_word' id='word_1_208' title='bbox 119 2351 253 2391; x_wconf 86' lang='lat' dir='ltr'>Matth.</span> <span class='ocrx_word' id='word_1_209' title='bbox 285 2353 351 2390; x_wconf 86' lang='lat' dir='ltr'>Gr.</span> <span class='ocrx_word' id='word_1_210' title='bbox 381 2353 448 2389; x_wconf 87' lang='lat' dir='ltr'>Gr.</span> <span class='ocrx_word' id='word_1_211' title='bbox 480 2350 517 2403; x_wconf 74' lang='lat'>§-</span> <span class='ocrx_word' id='word_1_212' title='bbox 547 2352 643 2399; x_wconf 83' lang='lat'>443,</span> <span class='ocrx_word' id='word_1_213' title='bbox 670 2356 704 2393; x_wconf 90' lang='lat'><strong>1.</strong></span> <span class='ocrx_word' id='word_1_214' title='bbox 727 2375 783 2381; x_wconf 94' lang='lat'>—</span> 
     </span>
     <span class='ocr_line' id='line_1_42' title="bbox 121 2408 782 2460; baseline 0 -15"><span class='ocrx_word' id='word_1_215' title='bbox 121 2408 261 2457; x_wconf 83' lang='lat' dir='ltr'>Tangit</span> <span class='ocrx_word' id='word_1_216' title='bbox 279 2409 370 2447; x_wconf 88' lang='lat' dir='ltr'>haec</span> <span class='ocrx_word' id='word_1_217' title='bbox 390 2409 570 2447; x_wconf 86' lang='lat' dir='ltr'>Aristides</span> <span class='ocrx_word' id='word_1_218' title='bbox 595 2409 642 2447; x_wconf 86' lang='lat' dir='ltr'><strong>T.</strong></span> <span class='ocrx_word' id='word_1_219' title='bbox 667 2410 715 2446; x_wconf 89' lang='lat'>111</span> <span class='ocrx_word' id='word_1_220' title='bbox 746 2423 782 2460; x_wconf 91' lang='lat' dir='ltr'>p.</span> 
     </span>
     <span class='ocr_line' id='line_1_43' title="bbox 122 2464 784 2518; baseline -0.003 -14"><span class='ocrx_word' id='word_1_221' title='bbox 122 2464 200 2506; x_wconf 79' lang='lat'>521</span> <span class='ocrx_word' id='word_1_222' title='bbox 222 2464 286 2515; x_wconf 86' lang='lat' dir='ltr'><strong>[T.</strong></span> <span class='ocrx_word' id='word_1_223' title='bbox 307 2467 340 2502; x_wconf 89' lang='grc' dir='ltr'>ΙΙ</span> <span class='ocrx_word' id='word_1_224' title='bbox 362 2465 493 2516; x_wconf 85' lang='lat' dir='ltr'><strong>p.410</strong></span> <span class='ocrx_word' id='word_1_225' title='bbox 512 2465 698 2518; x_wconf 69' lang='lat' dir='ltr'>Dindorf]</span> <span class='ocrx_word' id='word_1_226' title='bbox 721 2480 784 2504; x_wconf 92' lang='lat' dir='ltr'>eo-</span> 
     </span>
     <span class='ocr_line' id='line_1_44' title="bbox 123 2522 783 2574; baseline 0.003 -17"><span class='ocrx_word' id='word_1_227' title='bbox 123 2533 195 2569; x_wconf 85' lang='lat' dir='ltr'>que</span> <span class='ocrx_word' id='word_1_228' title='bbox 224 2522 332 2559; x_wconf 89' lang='lat' dir='ltr'>etiam</span> <span class='ocrx_word' id='word_1_229' title='bbox 359 2523 515 2561; x_wconf 90' lang='lat' dir='ltr'>Diodor.</span> <span class='ocrx_word' id='word_1_230' title='bbox 540 2522 568 2569; x_wconf 93' lang='lat' dir='ltr'>I,</span> <span class='ocrx_word' id='word_1_231' title='bbox 589 2525 644 2564; x_wconf 89' lang='grc'>87</span> <span class='ocrx_word' id='word_1_232' title='bbox 668 2523 783 2574; x_wconf 85' lang='lat' dir='ltr'>respi-</span> 
     </span>
     <span class='ocr_line' id='line_1_45' title="bbox 124 2578 785 2629; baseline 0.008 -17"><span class='ocrx_word' id='word_1_233' title='bbox 124 2588 205 2613; x_wconf 85' lang='lat' dir='ltr'>cere</span> <span class='ocrx_word' id='word_1_234' title='bbox 239 2579 383 2616; x_wconf 84' lang='lat' dir='ltr'>videtur</span> <span class='ocrx_word' id='word_1_235' title='bbox 412 2578 678 2627; x_wconf 82' lang='lat' dir='ltr'>Valckenario,</span> <span class='ocrx_word' id='word_1_236' title='bbox 722 2581 785 2629; x_wconf 84' lang='lat' dir='ltr'>qni</span> 
     </span>
     <span class='ocr_line' id='line_1_46' title="bbox 124 2632 787 2682; baseline 0.006 -14"><span class='ocrx_word' id='word_1_237' title='bbox 124 2632 174 2669; x_wconf 90' lang='lat' dir='ltr'>ad</span> <span class='ocrx_word' id='word_1_238' title='bbox 196 2636 385 2682; x_wconf 84' lang='lat' dir='ltr'>sequentia</span> <span class='ocrx_word' id='word_1_239' title='bbox 407 2635 589 2673; x_wconf 83' lang='lat' dir='ltr'>Herodoti</span> <span class='ocrx_word' id='word_1_240' title='bbox 606 2637 717 2674; x_wconf 71' lang='lat' dir='ltr'>verba</span> <span class='ocrx_word' id='word_1_241' title='bbox 737 2637 787 2672; x_wconf 90' lang='lat' dir='ltr'>ci-</span> 
     </span>
     <span class='ocr_line' id='line_1_47' title="bbox 125 2687 787 2740; baseline 0.008 -16"><span class='ocrx_word' id='word_1_242' title='bbox 125 2691 183 2724; x_wconf 80' lang='lat' dir='ltr'>tat</span> <span class='ocrx_word' id='word_1_243' title='bbox 204 2687 344 2727; x_wconf 87' lang='lat' dir='ltr'>Aeliani</span> <span class='ocrx_word' id='word_1_244' title='bbox 366 2691 418 2729; x_wconf 87' lang='lat' dir='ltr'>N.</span> <span class='ocrx_word' id='word_1_245' title='bbox 440 2691 486 2730; x_wconf 87' lang='lat' dir='ltr'><strong>A.</strong></span> <span class='ocrx_word' id='word_1_246' title='bbox 515 2692 598 2740; x_wconf 90' lang='lat' dir='ltr'>XV,</span> <span class='ocrx_word' id='word_1_247' title='bbox 622 2695 673 2733; x_wconf 89' lang='lat'>16</span> <span class='ocrx_word' id='word_1_248' title='bbox 706 2692 787 2730; x_wconf 88' lang='lat' dir='ltr'><strong>coll.</strong></span> 
     </span>
     <span class='ocr_line' id='line_1_48' title="bbox 125 2744 240 2793; baseline -0.017 -11"><span class='ocrx_word' id='word_1_249' title='bbox 125 2744 155 2793; x_wconf 92' lang='grc' dir='ltr'>Ι,</span> <span class='ocrx_word' id='word_1_250' title='bbox 173 2745 240 2783; x_wconf 86' lang='grc'>24.</span> 
     </span>
    </p>
   </div>
   <div class='ocr_carea' id='block_1_20' title="bbox 183 2795 787 2857">
    <p class='ocr_par' dir='ltr' id='par_1_20' title="bbox 183 2795 787 2857">
     <span class='ocr_line' id='line_1_49' title="bbox 183 2795 642 2841; baseline 0.002 -3"><span class='ocrx_word' id='word_1_251' title='bbox 183 2801 261 2838; x_wconf 85' lang='grc' dir='ltr'>νῦν</span> <span class='ocrx_word' id='word_1_252' title='bbox 287 2795 327 2840; x_wconf 81' lang='grc' dir='ltr'>δ’</span> <span class='ocrx_word' id='word_1_253' title='bbox 370 2799 388 2841; x_wconf 85' lang='grc' dir='ltr'>ε’</span> <span class='ocrx_word' id='word_1_254' title='bbox 455 2800 464 2815; x_wconf 76' lang='grc'><em>“</em></span> <span class='ocrx_word' id='word_1_255' title='bbox 633 2799 642 2812; x_wconf 87' lang='grc'>’</span> 
     </span>
     <span class='ocr_line' id='line_1_50' title="bbox 338 2802 787 2857; baseline 0.007 -16"><span class='ocrx_word' id='word_1_256' title='bbox 338 2829 350 2849; x_wconf 87' lang='grc'>,</span> <span class='ocrx_word' id='word_1_257' title='bbox 390 2816 490 2843; x_wconf 81' lang='grc' dir='ltr'><em>πεαν</em></span> <span class='ocrx_word' id='word_1_258' title='bbox 509 2802 787 2857; x_wconf 84' lang='grc' dir='ltr'><em>θορνυωνται]</em></span> 
     </span>
    </p>
   </div>
   <div class='ocr_carea' id='block_1_21' title="bbox 855 908 1448 969">
    <p class='ocr_par' dir='ltr' id='par_1_21' title="bbox 855 908 1448 969">
     <span class='ocr_line' id='line_1_51' title="bbox 855 908 1448 969; baseline -0.002 -14"><span class='ocrx_word' id='word_1_259' title='bbox 855 914 915 969; x_wconf 77' lang='grc' dir='ltr'>τῷ</span> <span class='ocrx_word' id='word_1_260' title='bbox 944 910 1067 968; x_wconf 78' lang='grc' dir='ltr'><em>γονέι·</em></span> <span class='ocrx_word' id='word_1_261' title='bbox 1091 908 1357 968; x_wconf 83' lang='grc' dir='ltr'><em>τιμωρέοντα</em></span> <span class='ocrx_word' id='word_1_262' title='bbox 1387 909 1448 954; x_wconf 71' lang='grc' dir='ltr'>ἔτι</span> 
     </span>
    </p>
   </div>
   <div class='ocr_carea' id='block_1_22' title="bbox 836 1088 1507 1366">
    <p class='ocr_par' dir='ltr' id='par_1_22' title="bbox 836 1088 1507 1366">
     <span class='ocr_line' id='line_1_52' title="bbox 837 1088 1504 1139; baseline -0.003 -11"><span class='ocrx_word' id='word_1_263' title='bbox 837 1091 860 1128; x_wconf 90' lang='grc' dir='ltr'>ἰ.</span> <span class='ocrx_word' id='word_1_264' title='bbox 881 1088 1062 1139; x_wconf 57' lang='lat' dir='ltr'>equando</span> <span class='ocrx_word' id='word_1_265' title='bbox 1089 1089 1139 1126; x_wconf 79' lang='grc' dir='ltr'><em>αά</em></span> <span class='ocrx_word' id='word_1_266' title='bbox 1159 1090 1285 1126; x_wconf 76' lang='lat' dir='ltr'>coitum</span> <span class='ocrx_word' id='word_1_267' title='bbox 1309 1091 1442 1135; x_wconf 80' lang='lat' dir='ltr'>coeunt,</span> <span class='ocrx_word' id='word_1_268' title='bbox 1461 1091 1504 1126; x_wconf 84' lang='lat' dir='ltr'>ut</span> 
     </span>
     <span class='ocr_line' id='line_1_53' title="bbox 836 1146 1503 1197; baseline -0.001 -13"><span class='ocrx_word' id='word_1_269' title='bbox 836 1152 934 1185; x_wconf 84' lang='lat' dir='ltr'>recte</span> <span class='ocrx_word' id='word_1_270' title='bbox 946 1159 1042 1183; x_wconf 91' lang='lat' dir='ltr'>nunc</span> <span class='ocrx_word' id='word_1_271' title='bbox 1062 1147 1321 1197; x_wconf 79' lang='lat' dir='ltr'>interpretatur</span> <span class='ocrx_word' id='word_1_272' title='bbox 1331 1146 1503 1195; x_wconf 80' lang='lat' dir='ltr'><strong>Schwgh.</strong></span> 
     </span>
     <span class='ocr_line' id='line_1_54' title="bbox 837 1203 1507 1253; baseline -0.003 -12"><span class='ocrx_word' id='word_1_273' title='bbox 837 1204 874 1241; x_wconf 91' lang='lat' dir='ltr'>in</span> <span class='ocrx_word' id='word_1_274' title='bbox 893 1203 985 1240; x_wconf 84' lang='lat' dir='ltr'><strong>Lex.</strong></span> <span class='ocrx_word' id='word_1_275' title='bbox 997 1203 1153 1251; x_wconf 75' lang='lat' dir='ltr'>Herod,</span> <span class='ocrx_word' id='word_1_276' title='bbox 1169 1203 1230 1252; x_wconf 94' lang='lat' dir='ltr'>qui</span> <span class='ocrx_word' id='word_1_277' title='bbox 1248 1204 1346 1253; x_wconf 84' lang='lat' dir='ltr'>prius</span> <span class='ocrx_word' id='word_1_278' title='bbox 1359 1203 1410 1239; x_wconf 89' lang='lat' dir='ltr'>sic</span> <span class='ocrx_word' id='word_1_279' title='bbox 1420 1203 1507 1240; x_wconf 90' lang='lat' dir='ltr'>red-</span> 
     </span>
     <span class='ocr_line' id='line_1_55' title="bbox 838 1259 1507 1309; baseline -0.003 -12"><span class='ocrx_word' id='word_1_280' title='bbox 838 1261 1006 1297; x_wconf 83' lang='lat' dir='ltr'>diderat:</span> <span class='ocrx_word' id='word_1_281' title='bbox 1039 1261 1181 1309; x_wconf 77' lang='lat' dir='ltr'>quando</span> <span class='ocrx_word' id='word_1_282' title='bbox 1203 1260 1251 1296; x_wconf 82' lang='lat' dir='ltr'>ad</span> <span class='ocrx_word' id='word_1_283' title='bbox 1271 1261 1397 1296; x_wconf 72' lang='lat' dir='ltr'>coitum</span> <span class='ocrx_word' id='word_1_284' title='bbox 1425 1259 1507 1295; x_wconf 81' lang='lat' dir='ltr'>libi-</span> 
     </span>
     <span class='ocr_line' id='line_1_56' title="bbox 838 1317 1507 1366; baseline -0.001 -13"><span class='ocrx_word' id='word_1_285' title='bbox 838 1317 921 1354; x_wconf 82' lang='lat' dir='ltr'>dine</span> <span class='ocrx_word' id='word_1_286' title='bbox 939 1319 1161 1354; x_wconf 77' lang='lat' dir='ltr'>concitantur</span> <span class='ocrx_word' id='word_1_287' title='bbox 1181 1330 1209 1354; x_wconf 88' lang='lat' dir='ltr'><strong>s.</strong></span> <span class='ocrx_word' id='word_1_288' title='bbox 1233 1318 1437 1366; x_wconf 74' lang='lat' dir='ltr'>agitantur.</span> <span class='ocrx_word' id='word_1_289' title='bbox 1449 1337 1507 1344; x_wconf 93' lang='lat'>—-</span> 
     </span>
    </p>
   </div>
   <div class='ocr_carea' id='block_1_23' title="bbox 836 1368 1505 1480">
    <p class='ocr_par' dir='ltr' id='par_1_23' title="bbox 836 1368 1505 1480">
     <span class='ocr_line' id='line_1_57' title="bbox 836 1368 1505 1472; baseline -0.001 -61"><span class='ocrx_word' id='word_1_290' title='bbox 836 1374 886 1469; x_wconf 54' lang='lat' dir='ltr'>{P}</span> <span class='ocrx_word' id='word_1_291' title='bbox 909 1387 1013 1472; x_wconf 51' lang='lat' dir='ltr'><strong>sgglq.</strong></span> <span class='ocrx_word' id='word_1_292' title='bbox 1044 1375 1093 1413; x_wconf 88' lang='lat' dir='ltr'>ad</span> <span class='ocrx_word' id='word_1_293' title='bbox 1117 1375 1271 1412; x_wconf 87' lang='lat' dir='ltr'>formam</span> <span class='ocrx_word' id='word_1_294' title='bbox 1298 1368 1432 1425; x_wconf 78' lang='grc' dir='ltr'><em>θήλεα</em></span> <span class='ocrx_word' id='word_1_295' title='bbox 1458 1373 1505 1410; x_wconf 88' lang='lat' dir='ltr'><strong>cf.</strong></span> 
     </span>
     <span class='ocr_line' id='line_1_58' title="bbox 890 1460 983 1480; baseline 0 -12"><span class='ocrx_word' id='word_1_296' title='bbox 890 1460 901 1480; x_wconf 90' lang='lat'><strong>,</strong></span> <span class='ocrx_word' id='word_1_297' title='bbox 975 1460 983 1468; x_wconf 89' lang='lat'><strong>.</strong></span> 
     </span>
    </p>
   </div>
   <div class='ocr_carea' id='block_1_24' title="bbox 839 1549 1512 2856">
    <p class='ocr_par' dir='ltr' id='par_1_24' title="bbox 839 1549 1512 2856">
     <span class='ocr_line' id='line_1_59' title="bbox 894 1549 1507 1607; baseline -0.002 -12"><span class='ocrx_word' id='word_1_298' title='bbox 894 1553 962 1595; x_wconf 83' lang='grc' dir='ltr'>καὶ</span> <span class='ocrx_word' id='word_1_299' title='bbox 982 1554 1156 1607; x_wconf 78' lang='grc' dir='ltr'>ἐμφῦσα,</span> <span class='ocrx_word' id='word_1_300' title='bbox 1189 1549 1265 1594; x_wconf 73' lang='grc' dir='ltr'>οὔκ</span> <span class='ocrx_word' id='word_1_301' title='bbox 1288 1549 1406 1606; x_wconf 76' lang='grc' dir='ltr'><em>οἷνίει]</em></span> <span class='ocrx_word' id='word_1_302' title='bbox 1439 1552 1507 1606; x_wconf 87' lang='grc' dir='ltr'><em>ε’μ-</em></span> 
     </span>
     <span class='ocr_line' id='line_1_60' title="bbox 840 1613 1506 1663; baseline -0.002 -12"><span class='ocrx_word' id='word_1_303' title='bbox 840 1615 952 1661; x_wconf 85' lang='grc' dir='ltr'><em>φῦσα</em></span> <span class='ocrx_word' id='word_1_304' title='bbox 975 1613 1206 1649; x_wconf 82' lang='lat' dir='ltr'>intransitive</span> <span class='ocrx_word' id='word_1_305' title='bbox 1235 1613 1506 1663; x_wconf 86' lang='lat' dir='ltr'>accipiendum:</span> 
     </span>
     <span class='ocr_line' id='line_1_61' title="bbox 839 1669 1508 1720; baseline -0.003 -13"><span class='ocrx_word' id='word_1_306' title='bbox 839 1672 1027 1715; x_wconf 75' lang='lat' dir='ltr'>insistens,</span> <span class='ocrx_word' id='word_1_307' title='bbox 1086 1669 1294 1715; x_wconf 79' lang='lat' dir='ltr'>inhaerens,</span> <span class='ocrx_word' id='word_1_308' title='bbox 1336 1670 1508 1720; x_wconf 79' lang='lat' dir='ltr'>firmiter,</span> 
     </span>
     <span class='ocr_line' id='line_1_62' title="bbox 840 1726 1509 1764; baseline -0.001 -1"><span class='ocrx_word' id='word_1_309' title='bbox 840 1727 1015 1763; x_wconf 66' lang='lat' dir='ltr'>mordicus</span> <span class='ocrx_word' id='word_1_310' title='bbox 1036 1729 1167 1763; x_wconf 79' lang='lat' dir='ltr'>tenens.</span> <span class='ocrx_word' id='word_1_311' title='bbox 1227 1726 1420 1764; x_wconf 88' lang='lat' dir='ltr'>Pertinent</span> <span class='ocrx_word' id='word_1_312' title='bbox 1438 1726 1509 1762; x_wconf 87' lang='lat' dir='ltr'>huc</span> 
     </span>
     <span class='ocr_line' id='line_1_63' title="bbox 840 1777 1508 1833; baseline -0.001 -12"><span class='ocrx_word' id='word_1_313' title='bbox 840 1784 1055 1821; x_wconf 81' lang='lat' dir='ltr'>Homerica:</span> <span class='ocrx_word' id='word_1_314' title='bbox 1098 1782 1151 1822; x_wconf 78' lang='grc' dir='ltr'><em>ἐν</em></span> <span class='ocrx_word' id='word_1_315' title='bbox 1182 1777 1221 1821; x_wconf 82' lang='grc' dir='ltr'>δ’</span> <span class='ocrx_word' id='word_1_316' title='bbox 1252 1779 1332 1833; x_wconf 65' lang='grc' dir='ltr'>ἄρα</span> <span class='ocrx_word' id='word_1_317' title='bbox 1364 1781 1405 1821; x_wconf 81' lang='grc' dir='ltr'>οἵ</span> <span class='ocrx_word' id='word_1_318' title='bbox 1439 1782 1508 1832; x_wconf 81' lang='grc' dir='ltr'>φῦ</span> 
     </span>
     <span class='ocr_line' id='line_1_64' title="bbox 840 1838 1508 1891; baseline -0.007 -12"><span class='ocrx_word' id='word_1_319' title='bbox 840 1841 941 1891; x_wconf 83' lang='grc' dir='ltr'><em>χειρί</em></span> <span class='ocrx_word' id='word_1_320' title='bbox 969 1839 1028 1887; x_wconf 84' lang='lat'><strong>(11.</strong></span> <span class='ocrx_word' id='word_1_321' title='bbox 1051 1839 1115 1885; x_wconf 81' lang='lat' dir='ltr'>Vl,</span> <span class='ocrx_word' id='word_1_322' title='bbox 1135 1840 1230 1880; x_wconf 89' lang='grc'><strong>253.</strong></span> <span class='ocrx_word' id='word_1_323' title='bbox 1254 1838 1348 1880; x_wconf 86' lang='grc'><strong>406.</strong></span> <span class='ocrx_word' id='word_1_324' title='bbox 1372 1839 1508 1888; x_wconf 85' lang='lat' dir='ltr'><strong>Odyss.</strong></span> 
     </span>
     <span class='ocr_line' id='line_1_65' title="bbox 841 1895 1508 1945; baseline 0.001 -11"><span class='ocrx_word' id='word_1_325' title='bbox 841 1897 887 1945; x_wconf 92' lang='lat' dir='ltr'>II,</span> <span class='ocrx_word' id='word_1_326' title='bbox 906 1899 1002 1939; x_wconf 79' lang='lat'><strong>302.</strong></span> <span class='ocrx_word' id='word_1_327' title='bbox 1022 1897 1070 1943; x_wconf 90' lang='lat' dir='ltr'>X,</span> <span class='ocrx_word' id='word_1_328' title='bbox 1090 1898 1184 1937; x_wconf 83' lang='lat'><strong>280.</strong></span> <span class='ocrx_word' id='word_1_329' title='bbox 1210 1898 1305 1937; x_wconf 84' lang='lat'><strong>397.</strong></span> <span class='ocrx_word' id='word_1_330' title='bbox 1325 1895 1391 1942; x_wconf 90' lang='lat' dir='ltr'>XI,</span> <span class='ocrx_word' id='word_1_331' title='bbox 1405 1895 1508 1944; x_wconf 80' lang='lat'>246)</span> 
     </span>
     <span class='ocr_line' id='line_1_66' title="bbox 842 1949 1509 2003; baseline -0.003 -11"><span class='ocrx_word' id='word_1_332' title='bbox 842 1959 901 1992; x_wconf 87' lang='lat' dir='ltr'>et:</span> <span class='ocrx_word' id='word_1_333' title='bbox 932 1949 1029 2001; x_wconf 67' lang='lat'>0&#39;50253</span> <span class='ocrx_word' id='word_1_334' title='bbox 1058 1952 1112 2003; x_wconf 80' lang='grc' dir='ltr'>ἐμ</span> <span class='ocrx_word' id='word_1_335' title='bbox 1125 1949 1313 2002; x_wconf 78' lang='grc' dir='ltr'><em>φύντες</em></span> <span class='ocrx_word' id='word_1_336' title='bbox 1340 1952 1509 2003; x_wconf 76' lang='grc' dir='ltr'><em>χείλεσιν</em></span> 
     </span>
     <span class='ocr_line' id='line_1_67' title="bbox 842 2009 1510 2059; baseline -0.006 -11"><span class='ocrx_word' id='word_1_337' title='bbox 842 2011 936 2059; x_wconf 89' lang='lat' dir='ltr'><strong>(Od.</strong></span> <span class='ocrx_word' id='word_1_338' title='bbox 964 2011 994 2059; x_wconf 90' lang='grc' dir='ltr'>Ι,</span> <span class='ocrx_word' id='word_1_339' title='bbox 1020 2012 1115 2058; x_wconf 87' lang='grc'>381,</span> <span class='ocrx_word' id='word_1_340' title='bbox 1141 2009 1276 2057; x_wconf 74' lang='lat' dir='ltr'><strong>XVIII,</strong></span> <span class='ocrx_word' id='word_1_341' title='bbox 1304 2009 1398 2051; x_wconf 87' lang='lat'><strong>409.</strong></span> <span class='ocrx_word' id='word_1_342' title='bbox 1424 2009 1510 2056; x_wconf 88' lang='lat' dir='ltr'>XX,</span> 
     </span>
     <span class='ocr_line' id='line_1_68' title="bbox 842 2065 1508 2116; baseline -0.011 -7"><span class='ocrx_word' id='word_1_343' title='bbox 842 2069 958 2116; x_wconf 83' lang='lat'><strong>268).</strong></span> <span class='ocrx_word' id='word_1_344' title='bbox 1016 2066 1099 2103; x_wconf 89' lang='lat' dir='ltr'>Alia</span> <span class='ocrx_word' id='word_1_345' title='bbox 1127 2067 1234 2116; x_wconf 86' lang='lat' dir='ltr'>attigi</span> <span class='ocrx_word' id='word_1_346' title='bbox 1257 2067 1304 2103; x_wconf 82' lang='lat' dir='ltr'>ad</span> <span class='ocrx_word' id='word_1_347' title='bbox 1325 2065 1508 2103; x_wconf 85' lang='lat' dir='ltr'>Plutarch.</span> 
     </span>
     <span class='ocr_line' id='line_1_69' title="bbox 841 2121 1508 2175; baseline -0.004 -13"><span class='ocrx_word' id='word_1_348' title='bbox 841 2124 1071 2175; x_wconf 87' lang='lat' dir='ltr'>Philopoem.</span> <span class='ocrx_word' id='word_1_349' title='bbox 1095 2135 1182 2174; x_wconf 85' lang='lat' dir='ltr'><strong>pag.</strong></span> <span class='ocrx_word' id='word_1_350' title='bbox 1202 2124 1253 2164; x_wconf 89' lang='lat'>15</span> <span class='ocrx_word' id='word_1_351' title='bbox 1275 2135 1353 2172; x_wconf 84' lang='lat' dir='ltr'><strong>seq.</strong></span> <span class='ocrx_word' id='word_1_352' title='bbox 1374 2145 1425 2150; x_wconf 91' lang='lat'>—-</span> <span class='ocrx_word' id='word_1_353' title='bbox 1448 2121 1508 2159; x_wconf 82' lang='lat' dir='ltr'>Ad</span> 
     </span>
     <span class='ocr_line' id='line_1_70' title="bbox 844 2176 1508 2225; baseline -0.008 -4"><span class='ocrx_word' id='word_1_354' title='bbox 844 2176 948 2221; x_wconf 70' lang='grc' dir='ltr'><em>ἀνίει</em></span> <span class='ocrx_word' id='word_1_355' title='bbox 971 2181 1064 2218; x_wconf 90' lang='lat' dir='ltr'>conf.</span> <span class='ocrx_word' id='word_1_356' title='bbox 1085 2185 1178 2217; x_wconf 85' lang='lat' dir='ltr'>nott.</span> <span class='ocrx_word' id='word_1_357' title='bbox 1198 2181 1247 2217; x_wconf 86' lang='lat' dir='ltr'>ad</span> <span class='ocrx_word' id='word_1_358' title='bbox 1262 2180 1336 2225; x_wconf 85' lang='lat'><strong>1‚6.</strong></span> <span class='ocrx_word' id='word_1_359' title='bbox 1364 2179 1508 2216; x_wconf 87' lang='lat' dir='ltr'>Eodem</span> 
     </span>
     <span class='ocr_line' id='line_1_71' title="bbox 841 2231 1510 2287; baseline -0.003 -11"><span class='ocrx_word' id='word_1_360' title='bbox 841 2239 962 2276; x_wconf 90' lang='lat' dir='ltr'>refero</span> <span class='ocrx_word' id='word_1_361' title='bbox 1017 2236 1209 2274; x_wconf 90' lang='lat' dir='ltr'>lectionem</span> <span class='ocrx_word' id='word_1_362' title='bbox 1265 2231 1510 2287; x_wconf 78' lang='grc' dir='ltr'><em>οἷπιενμένου</em></span> 
     </span>
     <span class='ocr_line' id='line_1_72' title="bbox 840 2293 1512 2334; baseline -0.003 -1"><span class='ocrx_word' id='word_1_363' title='bbox 840 2294 1046 2334; x_wconf 89' lang='lat' dir='ltr'>Florentini</span> <span class='ocrx_word' id='word_1_364' title='bbox 1069 2293 1149 2330; x_wconf 87' lang='lat' dir='ltr'>libri</span> <span class='ocrx_word' id='word_1_365' title='bbox 1174 2294 1390 2331; x_wconf 86' lang='lat' dir='ltr'>auctoritate</span> <span class='ocrx_word' id='word_1_366' title='bbox 1410 2306 1512 2331; x_wconf 85' lang='lat' dir='ltr'>rece-</span> 
     </span>
     <span class='ocr_line' id='line_1_73' title="bbox 839 2345 1512 2403; baseline -0.003 -14"><span class='ocrx_word' id='word_1_367' title='bbox 839 2356 939 2403; x_wconf 84' lang='lat' dir='ltr'>ptam</span> <span class='ocrx_word' id='word_1_368' title='bbox 963 2351 1051 2401; x_wconf 66' lang='lat' dir='ltr'>Cpro</span> <span class='ocrx_word' id='word_1_369' title='bbox 1079 2352 1176 2400; x_wconf 84' lang='lat' dir='ltr'><strong>vulg.</strong></span> <span class='ocrx_word' id='word_1_370' title='bbox 1209 2345 1457 2401; x_wconf 65' lang='grc' dir='ltr'><em>ἀπιεμένου),</em></span> <span class='ocrx_word' id='word_1_371' title='bbox 1488 2362 1512 2387; x_wconf 88' lang='lat' dir='ltr'>a</span> 
     </span>
     <span class='ocr_line' id='line_1_74' title="bbox 840 2402 1510 2458; baseline -0.005 -12"><span class='ocrx_word' id='word_1_372' title='bbox 840 2410 958 2446; x_wconf 87' lang='lat' dir='ltr'>forma</span> <span class='ocrx_word' id='word_1_373' title='bbox 990 2403 1143 2453; x_wconf 82' lang='grc' dir='ltr'>οἷπιέω,</span> <span class='ocrx_word' id='word_1_374' title='bbox 1182 2402 1393 2458; x_wconf 73' lang='grc' dir='ltr'><em>α’πιέομαις</em></span> <span class='ocrx_word' id='word_1_375' title='bbox 1431 2419 1510 2444; x_wconf 86' lang='lat' dir='ltr'>me-</span> 
     </span>
     <span class='ocr_line' id='line_1_75' title="bbox 840 2463 1509 2513; baseline -0.004 -11"><span class='ocrx_word' id='word_1_376' title='bbox 840 2466 940 2502; x_wconf 91' lang='lat' dir='ltr'>dium</span> <span class='ocrx_word' id='word_1_377' title='bbox 976 2469 1097 2502; x_wconf 86' lang='lat' dir='ltr'>autem</span> <span class='ocrx_word' id='word_1_378' title='bbox 1141 2464 1407 2513; x_wconf 82' lang='lat' dir='ltr'>significatione</span> <span class='ocrx_word' id='word_1_379' title='bbox 1440 2463 1509 2500; x_wconf 89' lang='lat' dir='ltr'>hac</span> 
     </span>
     <span class='ocr_line' id='line_1_76' title="bbox 840 2521 1510 2570; baseline -0.004 -11"><span class='ocrx_word' id='word_1_380' title='bbox 840 2523 981 2559; x_wconf 76' lang='lat' dir='ltr'>seminis</span> <span class='ocrx_word' id='word_1_381' title='bbox 1004 2521 1187 2558; x_wconf 72' lang='lat' dir='ltr'>emittendi</span> <span class='ocrx_word' id='word_1_382' title='bbox 1205 2521 1383 2567; x_wconf 87' lang='lat' dir='ltr'>adhiberi,</span> <span class='ocrx_word' id='word_1_383' title='bbox 1406 2522 1510 2570; x_wconf 84' lang='lat' dir='ltr'>patet</span> 
     </span>
     <span class='ocr_line' id='line_1_77' title="bbox 844 2577 1508 2626; baseline -0.009 -9"><span class='ocrx_word' id='word_1_384' title='bbox 844 2592 887 2617; x_wconf 83' lang='lat' dir='ltr'>ex</span> <span class='ocrx_word' id='word_1_385' title='bbox 908 2579 971 2625; x_wconf 88' lang='lat' dir='ltr'><strong>III,</strong></span> <span class='ocrx_word' id='word_1_386' title='bbox 996 2580 1086 2618; x_wconf 87' lang='lat'><strong>101.</strong></span> <span class='ocrx_word' id='word_1_387' title='bbox 1112 2600 1162 2605; x_wconf 92' lang='grc'>-</span> <span class='ocrx_word' id='word_1_388' title='bbox 1184 2577 1299 2615; x_wconf 86' lang='lat' dir='ltr'>Paulo</span> <span class='ocrx_word' id='word_1_389' title='bbox 1328 2577 1422 2613; x_wconf 87' lang='lat' dir='ltr'>infra</span> <span class='ocrx_word' id='word_1_390' title='bbox 1441 2588 1508 2626; x_wconf 86' lang='lat' dir='ltr'>pro</span> 
     </span>
     <span class='ocr_line' id='line_1_78' title="bbox 843 2631 1509 2689; baseline -0.012 -15"><span class='ocrx_word' id='word_1_391' title='bbox 843 2637 901 2689; x_wconf 79' lang='grc' dir='ltr'>τῷ</span> <span class='ocrx_word' id='word_1_392' title='bbox 925 2638 1057 2686; x_wconf 79' lang='grc' dir='ltr'><em>γονεῖ,</em></span> <span class='ocrx_word' id='word_1_393' title='bbox 1089 2635 1191 2684; x_wconf 91' lang='lat' dir='ltr'>quod</span> <span class='ocrx_word' id='word_1_394' title='bbox 1215 2634 1432 2672; x_wconf 85' lang='lat' dir='ltr'>mendosum</span> <span class='ocrx_word' id='word_1_395' title='bbox 1455 2631 1509 2667; x_wconf 70' lang='lat' dir='ltr'>vi-</span> 
     </span>
     <span class='ocr_line' id='line_1_79' title="bbox 845 2689 1508 2741; baseline -0.012 -11"><span class='ocrx_word' id='word_1_396' title='bbox 845 2692 953 2730; x_wconf 85' lang='lat' dir='ltr'>detur</span> <span class='ocrx_word' id='word_1_397' title='bbox 970 2692 1093 2728; x_wconf 89' lang='lat' dir='ltr'>Struv.</span> <span class='ocrx_word' id='word_1_398' title='bbox 1117 2691 1153 2728; x_wconf 90' lang='lat' dir='ltr'>in</span> <span class='ocrx_word' id='word_1_399' title='bbox 1173 2691 1281 2741; x_wconf 87' lang='lat' dir='ltr'><strong>Spec.</strong></span> <span class='ocrx_word' id='word_1_400' title='bbox 1298 2690 1331 2726; x_wconf 90' lang='lat' dir='ltr'>II</span> <span class='ocrx_word' id='word_1_401' title='bbox 1352 2689 1508 2732; x_wconf 78' lang='lat' dir='ltr'>Quaest.</span> 
     </span>
     <span class='ocr_line' id='line_1_80' title="bbox 845 2748 1507 2797; baseline -0.002 -11"><span class='ocrx_word' id='word_1_402' title='bbox 845 2749 893 2786; x_wconf 89' lang='lat' dir='ltr'>de</span> <span class='ocrx_word' id='word_1_403' title='bbox 911 2748 1053 2785; x_wconf 80' lang='lat' dir='ltr'>dialect.</span> <span class='ocrx_word' id='word_1_404' title='bbox 1074 2748 1215 2785; x_wconf 82' lang='lat' dir='ltr'>Herod.</span> <span class='ocrx_word' id='word_1_405' title='bbox 1234 2759 1321 2797; x_wconf 85' lang='lat' dir='ltr'><strong>pag.</strong></span> <span class='ocrx_word' id='word_1_406' title='bbox 1338 2748 1377 2790; x_wconf 86' lang='lat'>7,</span> <span class='ocrx_word' id='word_1_407' title='bbox 1400 2755 1507 2793; x_wconf 76' lang='lat' dir='ltr'>repo·</span> 
     </span>
     <span class='ocr_line' id='line_1_81' title="bbox 847 2797 1442 2856; baseline -0.01 -14"><span class='ocrx_word' id='word_1_408' title='bbox 847 2806 900 2842; x_wconf 90' lang='lat' dir='ltr'>sui</span> <span class='ocrx_word' id='word_1_409' title='bbox 923 2805 1054 2843; x_wconf 87' lang='lat' dir='ltr'>eodem</span> <span class='ocrx_word' id='word_1_410' title='bbox 1074 2807 1222 2842; x_wconf 88' lang='lat' dir='ltr'>auctore</span> <span class='ocrx_word' id='word_1_411' title='bbox 1244 2804 1300 2856; x_wconf 75' lang='grc' dir='ltr'>τῷ</span> <span class='ocrx_word' id='word_1_412' title='bbox 1322 2797 1442 2853; x_wconf 72' lang='grc' dir='ltr'><em>γονέϊ.</em></span> 
     </span>
    </p>
   </div>
   <div class='ocr_carea' id='block_1_25' title="bbox 1513 380 1584 399">
    <p class='ocr_par' dir='ltr' id='par_1_25' title="bbox 1513 380 1584 399">
     <span class='ocr_line' id='line_1_82' title="bbox 1513 380 1584 399; baseline 0.014 -2"><span class='ocrx_word' id='word_1_413' title='bbox 1513 380 1584 399; x_wconf 53' lang='grc' dir='ltr'>ιιιιιι</span> 
     </span>
    </p>
   </div>
  </div>
 </body>
</html>
