1863 3256
471 189 1034 227 MELPOMENE.
1096 192 1153 227 lv.

1372 200 1451 239 581

179 300 467 358 παραπλησίῳ
514 302 576 357 τῷ
610 298 684 342 καὶ
726 297 1038 354 Μασσαγέται,
1087 298 1219 343 ἐπεάν
1257 303 1454 348 σκίπωνα

148 369 538 427 4προστήσωνται,
584 371 826 426 μίσγονται.

892 374 1071 424 πρῶτον
1118 371 1165 415 δὲ
1212 371 1452 426 γαμέοντος

178 444 459 496 Νασαμῶνος
491 440 675 496 ἀνδρός,
713 441 852 498 νόμος
882 441 972 486 ἐστὶ
1001 439 1082 497 τὴν
1110 439 1291 498 νύμφην
1320 445 1445 487 νυκτὶ
1461 450 1505 487 45

177 515 229 569 τῇ
269 511 421 569 πρώτῃ
461 512 534 557 διά
569 511 747 557 πάντων
785 515 1020 565 διεξελθεῖν
1049 515 1139 556 τῶν
1168 511 1448 570 δαιτυμόνων

173 582 441 639 μισγομένην
453 596 464 607 ·

143 654 320 707 ’5δῶρον
347 652 397 696 τὸ
430 653 485 695 ἂν
514 652 587 709 ἔχῃ
617 653 862 710 φερόμενος
891 654 935 707 ἐξ
965 657 1104 700 οἴκου.

522 586 611 626 τῶν
650 584 697 628 δὲ
736 584 795 636 ὦς
834 583 1016 635 ἕκαστός
1053 585 1097 627 οἱ
1130 589 1291 642 μιχθῇ,
1331 587 1452 630 διδοῖ

1159 654 1370 712 Ὀρκίοισι
1399 657 1446 701 δὲ

170 725 244 769 καὶ
281 727 468 780 μαντικῇ
505 723 716 780 χρέωνται
754 726 914 781 τοιῇδε.
973 724 1192 783 ὀμνύουσι
1228 727 1308 784 μὲν
1336 728 1444 781 τούς

169 794 289 851 παρὰ
329 796 455 851 σφίσι
494 794 659 852 ἄνδρας
698 797 1005 850 δικαιοτάτους
1034 798 1108 842 καὶ
1138 798 1345 853 ἀρίστους
1373 805 1444 845 λε-

168 866 382 923 γομένους
410 866 633 924 γενέσθαι,
673 867 881 921 τούτους,
925 873 1014 913 τῶν
1049 870 1230 926 τύμβων
1259 869 1442 928 ἆπτόμε-
1455 878 1500 914 50

140 946 162 980 6
173 956 256 983 νοι.

318 938 632 983 Μαντεύονται
669 940 716 983 δὲ
753 939 822 983 ἐπὶ
858 944 948 984 τῶν
978 940 1214 998 προγόνων
1244 941 1441 998 φοιτέον-
1497 949 1581 992 358

165 1027 235 1061 τες
270 1010 324 1054 τὰ
361 1010 553 1067 σήματα,
594 1011 669 1055 καὶ
706 1010 1017 1069 κατευξάμενοι
1051 1013 1441 1070 ἐπικατακοιμέων-

166 1096 260 1126 ται·
292 1081 341 1125 τό
366 1079 408 1126 δ’
433 1080 488 1125 ἂν
507 1083 579 1139 ἴδῃ
595 1080 643 1125 ἐν
663 1085 718 1140 τῇ
739 1081 838 1135 ὄψει
859 1081 1084 1137 ἐνύπνιον,
1104 1083 1248 1143 τούτῳ
1266 1089 1434 1142 χρᾶται.

38 1270 39 1273 =
108 1264 252 1296 ωνται,
293 1250 314 1286 i.
335 1263 365 1287 e.
398 1251 646 1297 incommune,
682 1263 770 1300 pro-

105 1308 235 1343 miscue
244 1305 393 1355 feminis
416 1309 569 1344 utuntur
591 1320 619 1344 s.
646 1311 770 1344 coeunt

106 1363 186 1408 (ubi
223 1363 319 1400 conf.
357 1362 496 1411 nott.);
561 1363 610 1400 ad
659 1377 768 1413 quem

104 1421 221 1469 ipsum
244 1418 358 1457 locum
381 1418 522 1457 Noster
550 1419 607 1457 hic
632 1433 769 1471 provo-

102 1480 171 1513 cat.
212 1476 450 1514 Consimilem
467 1476 631 1514 Arabum
657 1478 767 1515 ritum

101 1533 238 1570 Strabo
262 1537 462 1580 memorat,
499 1532 587 1569 XVI
616 1546 653 1583 p.
682 1535 765 1575 783

101 1587 145 1626 A.
167 1603 194 1627 s.
217 1591 323 1630 1129
336 1590 407 1636 D.,
434 1590 513 1626 ubi:
545 1587 570 1628 ὅ
592 1588 634 1628 δὲ
653 1585 764 1639 φθά-

102 1658 173 1692 σας
205 1642 339 1685 εἰσιαὶν
362 1646 569 1697 μίγνυται,
594 1646 766 1696 προθεὶς

99 1704 172 1752 τῆς
189 1698 320 1752 θύρας
339 1699 494 1754 ῥάβδον
518 1717 553 1740 κ.
576 1718 606 1740 τ.
629 1705 662 1741 λ.
722 1704 763 1741 ln

98 1759 323 1798 Herodoteis
333 1760 456 1797 verbis
469 1760 678 1808 asyndeton
695 1773 763 1797 no-

98 1819 155 1853 tat
174 1816 327 1864 Struve,
360 1830 468 1866 quem
491 1816 688 1854 afferemus
711 1819 759 1854 ad

97 1872 161 1921 1V,
183 1874 275 1914 187.
315 1873 374 1911 De
404 1873 523 1911 verbis
552 1877 761 1924 παραπλη-

99 1929 172 1983 σίῳ
200 1931 263 1983 τῷ
288 1944 312 1968 κ
328 1928 380 1969 αὶ
404 1931 500 1967 conf.
519 1934 612 1967 nott.
631 1931 679 1967 ad
697 1931 759 1977 lV,

100 1988 191 2027 171.
234 1985 277 2023 In
306 1999 409 2037 seqq.
434 1989 482 2024 ad
506 1989 635 2038 μιχθῇ
661 1989 757 2025 conf.

97 2042 229 2080 Matth.
247 2043 312 2079 Gr.
326 2043 391 2080 Gr.
412 2057 500 2094 pag.
522 2046 629 2085 1006
651 2048 690 2082 et
709 2045 758 2082 ad

97 2099 209 2139 διδοῖ
221 2112 336 2150 supra
357 2099 421 2147 IV,
445 2099 536 2141 143.

152 2151 347 2206 ὀμνύουσι
374 2155 445 2208 μὲν
471 2152 566 2202 τούς
594 2171 629 2195 κ.
656 2172 687 2195 τ.
708 2155 755 2207 λ.]

95 2212 154 2251 De
177 2217 358 2250 structura
384 2213 485 2251 verbi
509 2208 684 2264 ὀμνύναι
711 2215 756 2251 ef.

95 2270 227 2307 Matth.
247 2268 286 2320 ς.
306 2268 402 2317 413,
425 2272 476 2310 10
502 2274 538 2308 et
553 2270 602 2306 ad
618 2283 756 2320 prono-

95 2339 178 2364 men
198 2322 365 2373 τούτους
387 2327 476 2365 ibid.
496 2340 532 2377 p.
554 2327 648 2366 878.
694 2326 754 2364 Ad

94 2384 210 2432 ipsam
230 2396 306 2421 rem
323 2384 509 2434 pertinent
530 2383 653 2421 Melae
670 2397 756 2421 ver·-

96 2440 144 2476 ba
166 2439 197 2485 l,
224 2441 263 2484 8,
285 2439 361 2480 55:
414 2439 604 2489 „Augilae
629 2452 755 2478 manes

96 2499 240 2532 tantum
267 2495 367 2534 Deos
398 2500 548 2547 putant:
599 2510 666 2548 per
691 2509 755 2535 eos

95 2552 285 2597 deierant,
317 2564 380 2590 eos
400 2557 441 2590 ut
459 2553 603 2591 oracula
622 2567 755 2591 consu-

94 2610 195 2654 lunt·,
244 2609 457 2658 precatique
487 2622 584 2659 quae
618 2610 755 2657 volunt,

94 2665 158 2701 ubi
180 2664 325 2701 tumulis
344 2664 568 2713 incubuere,
606 2680 674 2717 pro
695 2681 754 2705 re-

94 2722 240 2772 sponsis
277 2722 399 2757 ferunt
430 2723 582 2760 somnia.
594 2725 620 2744 “
678 2723 752 2761 Ubi

39 2785 40 2792 ¹
94 2778 191 2815 conf.
211 2776 428 2815 Tzschucke
448 2782 542 2815 nott.
565 2792 692 2829 exegg.
714 2793 751 2830 p.

95 2835 178 2876 233
207 2845 283 2883 seq.
342 2832 435 2871 Plin.
462 2833 512 2871 H.
541 2833 591 2872 N.
616 2835 672 2883 V,
705 2837 754 2877 8:

827 1249 1012 1300 „Augilae
1062 1252 1198 1289 inferos
1244 1254 1387 1288 tantum
1431 1266 1495 1290 co-

827 1307 944 1345 lunt.“

883 1362 952 1403 καὶ
982 1359 1273 1415 κατευξάμενοι
1306 1362 1497 1402 ἐπικατα-

827 1418 1081 1472 κοιμὲωνται]
1113 1421 1135 1457 i.
1156 1434 1188 1458 e.
1209 1422 1380 1470 peractis,
1398 1421 1495 1458 solu-

824 1479 873 1514 tis
885 1478 1049 1528 precibus
1067 1476 1296 1515 indormiunt.
1349 1477 1403 1515 Ac
1420 1491 1488 1514 no-

824 1538 880 1571 tat
900 1534 1122 1582 Wesseling.
1153 1535 1201 1570 ad
1226 1533 1337 1571 Diod.
1366 1535 1404 1581 1,
1434 1534 1487 1575 53

822 1591 859 1627 in
894 1591 954 1628 illa
993 1591 1191 1627 incubandi
1230 1590 1488 1640 superstitione

822 1648 975 1685 inveniri
1018 1645 1310 1699 ἐγκοιμᾶσθαι,
1364 1661 1486 1685 κατα-

821 1705 1067 1755 κοιμάσθαι,
1093 1704 1176 1750 alia,
1197 1703 1486 1741 Tertullianum-

820 1774 893 1810 que
931 1761 1066 1799 excitat
1108 1760 1167 1798 De
1205 1760 1315 1797 anim.
1352 1760 1406 1802 57
1435 1760 1483 1797 ad

819 1817 910 1854 haec
957 1817 1195 1855 alludentem.
1276 1816 1338 1853 Tu
1383 1817 1481 1854 conf.

817 1874 893 1911 'ssz
897 1873 1036 1911 chucke
1056 1874 1104 1911 ad
1122 1873 1211 1911 Mel.
1232 1872 1260 1920 Ι,
1284 1874 1323 1920 8,
1344 1874 1369 1913 8
1390 1886 1479 1923 pag.

817 1932 899 1972 233
927 1944 1004 1980 seq.
1038 1934 1135 1968 nott.
1165 1942 1296 1978 exegg.
1332 1929 1411 1966 Vol.
1430 1929 1481 1966 ΙΙΙ

816 1988 858 2024 P.
879 1987 894 2024 I
913 1992 951 2024 et
969 2000 1055 2037 pag.
1077 1989 1172 2033 236,
1193 1987 1256 2024 ubi
1261 1959 1368 2024 nanae
1391 1986 1479 2023 alia-

814 2057 892 2081 rum
912 2044 1076 2093 gentium
1092 2043 1479 2081 incubationesistius-

813 2101 913 2138 modi
940 2099 1147 2137 laudantur.
1201 2100 1243 2137 In
1262 2112 1366 2149 seqq.
1388 2100 1478 2137 reti-

813 2158 875 2194 nui
903 2171 946 2195 το
975 2152 1016 2196 δ’
1046 2152 1099 2195 ἆυ
1132 2157 1198 2211 ι’δη
1225 2155 1269 2195 ἐν
1295 2158 1345 2208 τῇ
1368 2153 1475 2204 όψει,

813 2214 875 2251 nbi
895 2213 980 2250 olim
1004 2213 1129 2253 ι’δοιεν
1150 2216 1200 2265 τῇ
1219 2209 1328 2262 ὄψει.
1377 2211 1476 2250 Atti-

811 2272 868 2319 git
886 2269 1058 2308 Eustath.
1088 2271 1135 2307 ad
1156 2270 1312 2318 Dionys.
1331 2269 1474 2318 Perieg.

811 2340 864 2365 vs.
887 2328 980 2368 209.

869 2377 999 2437 τούτῳ
1025 2383 1178 2435 χρᾶται]
1238 2384 1377 2433 χρᾶται
1406 2394 1474 2432 pro

811 2441 985 2491 χρῶνται
1004 2453 1083 2477 cum
1094 2439 1296 2488 Schweigh.
1309 2442 1346 2477 et
1355 2439 1471 2476 Gaisf.

812 2497 899 2534 dedi
919 2510 940 2534 e
954 2496 1127 2534 librorum
1139 2500 1367 2534 vetustorum
1386 2508 1473 2532 con-

812 2567 935 2592 sensu.
972 2552 1107 2602 Neque
1128 2554 1224 2590 enim
1243 2552 1402 2589 insolens
1420 2552 1472 2587 vi-

813 2611 893 2648 deri
923 2610 1037 2647 debet
1065 2609 1272 2647 istiusmodi
1300 2608 1471 2645 transitus

810 2680 832 2704 e
849 2666 979 2718 plurali
997 2679 1148 2703 numero
1174 2666 1211 2701 in
1238 2663 1471 2712 singularem.

809 2724 909 2761 Hinc
933 2736 1081 2772 quoque
1113 2722 1178 2774 ἴδῃ
1213 2722 1250 2757 in
1280 2718 1470 2768 singulari,

810 2780 871 2816 ubi
901 2780 1055 2816 subiecti
1079 2777 1322 2814 nominativus
1351 2775 1468 2813 deest.

810 2836 869 2872 Cf.
889 2836 918 2883 1,
938 2837 1032 2875 132.
