1863 3256
418 150 504 192 850

390 259 504 316 Ξτήν
530 262 635 316 γῆν,
662 258 793 304 οὐδὲν
826 260 1089 316 σιτεόμενος.

819 150 1285 192 HERODOTI

1140 261 1197 304 Εἰ
1224 259 1269 304 δέ
1300 259 1381 303 εἰσί
1410 274 1523 311 τινες
1542 257 1689 315 ‘Tarso-

417 329 570 386 βόρεοι
627 330 889 386 ἅνθρωποι,
961 332 1043 374 εἰσὶ
1100 332 1174 375 καὶ
1238 328 1493 385 ὑπερνότιοι
1549 329 1688 375 ἄλλοι.

363 485 532 529 τοῦτον,
573 482 672 531 quod
712 483 827 531 ipsum
871 480 957 518 olim
996 481 1032 518 in

367 546 529 578 mentem
551 545 701 576 venerat
722 538 866 586 Pawio)
891 550 1033 575 memo-

368 609 470 634 rasse
492 594 660 631 sufficiat.

427 652 484 689 De
504 650 676 687 Abarz'dis
700 653 823 687 aetate
851 651 910 686 vix
944 650 1032 687 certi

370 708 459 757 quid
503 707 723 743 constituere
763 705 856 743 licet.
914 706 1032 750 Quem

371 763 500 800 Croesi
520 761 708 810 aequalem
729 762 814 798 facit
829 762 1032 805 Pindarus3

372 819 598 866 Hieronymo
618 825 768 855 auctore
789 818 944 863 (Chron.
957 818 1033 855 Eu·-

372 875 452 912 seb.
483 875 544 911 lib.
569 880 666 925 post.
693 887 728 923 p.
763 872 884 923 126),
924 887 1034 923 quem

372 933 540 980 sequitur
575 930 747 968 Schultze
787 932 823 967 in
853 935 1032 980 Apparat.

370 988 447 1025 crit.
481 1000 567 1038 pag.
589 989 643 1027 38
676 986 757 1037 (ubi
775 987 914 1036 reliqua
931 993 1034 1025 vete-

369 1056 449 1080 rum
498 1044 703 1082 afferuntur
739 1044 945 1080 testimonia
987 1044 1035 1081 de

369 1099 555 1148 Abaride)
576 1100 635 1138 ille
655 1113 675 1138 e
696 1100 845 1149 Scythia
864 1100 900 1136 in
916 1100 1034 1138 Grae-

369 1157 462 1194 ciam
475 1160 620 1194 venisse
630 1157 813 1207 putandus
825 1161 880 1194 est
887 1156 1034 1207 Olymp.

368 1212 483 1265 LIV-3²3
512 1226 541 1250 s.
573 1213 655 1254 562
689 1226 710 1250 a
736 1213 822 1250 Chr.
851 1226 886 1249 n.
926 1214 1034 1250 conf.

368 1269 513 1307 Fabric.
537 1269 630 1307 Bibl.
649 1270 715 1306 Gr.
739 1269 856 1319 lpag.
881 1271 928 1308 11
954 1282 1033 1319 seq.

372 1325 500 1376 Ipsum
512 1326 710 1363 Abaridem
725 1326 941 1376 prophetam
958 1327 1034 1364 sive

369 1386 492 1420 vatem
513 1383 650 1429 dicunt,
679 1383 742 1432 qui
764 1383 888 1419 divino
907 1383 1036 1434 spiritu

372 1444 586 1489 correptus,
634 1439 922 1485 incantationes,
972 1439 1037 1487 hy-

372 1507 479 1532 mnos
509 1495 636 1533 fecerit
661 1496 709 1531 ad
730 1495 832 1532 initia
850 1495 1037 1533 celebran-

374 1551 423 1588 da
457 1551 762 1601 expiationesque
791 1552 1037 1601 peragendas,

373 1608 437 1657 qui
456 1612 619 1658 pestem,
642 1608 797 1653 famem,
831 1607 921 1644 alias
939 1607 1037 1645 cala-

341 1664 344 1668 ⁴
374 1664 524 1701 mitates
542 1663 724 1715 depulerit
746 1663 955 1701 Graecosve
973 1676 1037 1700 va-

374 1720 648 1758 ticinationibus
672 1719 827 1769 aliisque
837 1721 1038 1758 commodis

375 1777 570 1814 adiuvarit.
600 1776 659 1814 De
670 1790 745 1826 quo
757 1789 854 1825 quae
863 1789 1039 1814 enarran-

374 1837 446 1880 tur,
466 1833 669 1882 disquisivit
689 1834 860 1871 Creuzer.
873 1833 1038 1882 Symbol.

374 1890 409 1926 11
436 1903 473 1940 p.
505 1889 584 1930 142
617 1910 671 1919 -
706 1890 794 1931 146.
842 1891 1038 1939 Sagittam,

373 1958 471 1995 quae
508 1946 662 1984 Abaridi
700 1947 895 1994 tribuitur,
947 1947 1039 1983 mira

373 2003 535 2052 quadam
558 2003 608 2050 vi,
630 2015 748 2052 eaque
767 2004 908 2052 magica
927 2016 1036 2053 prae-

374 2059 513 2106 ditam,
554 2073 635 2097 cum
662 2059 802 2106 Runis,
841 2072 936 2109 quae
972 2072 1038 2096 vo-

374 2120 530 2163 cantur,
568 2115 626 2153 ille
654 2116 859 2154 contendit:
901 2117 1039 2166 qnippe

374 2172 508 2220 quibus
527 2176 565 2210 et
582 2172 672 2224 ipsis
691 2185 836 2210 omnem
850 2173 1037 2220 medendi,

371 2228 617 2275 vaticinandi,
670 2229 879 2266 incantandi
924 2234 1039 2267 artem

375 2285 552 2322 contineri
578 2284 728 2332 volunt3
768 2290 808 2322 ut
834 2299 945 2332 sane,
980 2286 1036 2322 his

375 2341 439 2389 qui
481 2342 676 2378 instructus
704 2343 774 2388 sit,
816 2343 846 2379 is
875 2343 1037 2379 omnium

375 2397 453 2434 sere
486 2409 605 2434 rerum
646 2403 683 2436 et
723 2400 971 2447 cognitionem
999 2403 1038 2435 et

377 2452 587 2491 facultatem
615 2454 748 2491 habere
771 2455 956 2504 putandus
978 2455 1036 2491 sit.

380 2509 508 2559 ltaque
524 2509 694 2547 Abaridis
714 2511 781 2547 sub
796 2524 955 2562 persona
977 2524 1039 2547 ex-

380 2565 499 2603 hiberi
517 2567 790 2616 quodammodo
809 2580 953 2604 omnem
972 2567 1041 2603 do-

381 2622 533 2660 ctrinam
561 2623 872 2673 sapientiamque,
903 2624 951 2660 ad
980 2635 1040 2659 sa-

381 2691 442 2716 cra
472 2680 627 2717 maxime
650 2682 913 2730 pertinentem,
947 2692 1042 2728 quae

380 2747 403 2772 a
450 2736 660 2785 regionibus
697 2736 1041 2787 septentrionalibus

383 2792 459 2830 sive
496 2792 733 2831 orientalibus
770 2793 806 2830 in
846 2793 1039 2830 Graeciam

1088 480 1188 518 illata
1225 482 1351 530 ibique
1389 485 1597 532 propagata
1625 482 1749 528 suerit,

1088 538 1139 575 ita
1169 543 1209 574 ut
1238 539 1318 588 ipsa
1352 538 1400 575 de
1432 538 1593 575 Abaride
1627 537 1750 575 sabula

1088 594 1218 632 eodem
1254 599 1420 644 spectare
1451 594 1636 640 videatur,
1675 606 1748 642 quo

1087 650 1209 687 fabula
1233 651 1280 688 de
1291 651 1540 701 Hyperboreis
1554 649 1751 701 Apollinis-

1091 719 1163 755 que
1185 706 1294 752 cultu,
1313 720 1381 757 per
1390 706 1499 744 hosce
1511 707 1544 743 in
1557 707 1750 744 Graeciam

1091 761 1234 809 delato,
1267 764 1343 800 sive
1369 763 1419 800 ad
1447 764 1694 800 introductum
1711 762 1749 799 in

1091 818 1470 868 GraeciamApollinis
1490 819 1625 856 cultum
1645 833 1665 857 e
1686 820 1752 856 bo-

1091 874 1248 911 realibus
1267 876 1486 922 regionibus.
1518 875 1661 918 Quibus
1682 875 1749 912 Cr.

1092 930 1183 967 haec
1192 931 1403 980 adscripsit:
1426 931 1653 981 „Comparat
1661 931 1752 968 haee

1093 987 1141 1024 de
1153 985 1315 1024 Abaride
1331 987 1467 1024 tradita
1485 1000 1565 1024 cum
1578 987 1751 1024 similibus

1090 1043 1224 1080 fabulis
1275 1043 1534 1081 Britannorum
1587 1048 1752 1082 veterum

1091 1099 1319 1149 aliorumque
1353 1099 1570 1151 populorum
1603 1104 1754 1151 septen-

1091 1156 1300 1194 trionalium
1357 1157 1475 1194 editor
1522 1156 1753 1194 Wartoniani

1091 1214 1211 1262 operis
1230 1213 1312 1250 The
1339 1213 1478 1263 history
1505 1214 1549 1250 of
1568 1213 1630 1250 the
1650 1212 1755 1262 Eng-

1091 1268 1159 1306 lish
1186 1274 1328 1320 poetry.
1367 1269 1632 1312 Lond.1824
1660 1269 1751 1307 Pre-

1090 1327 1170 1363 sace
1190 1338 1275 1376 pag.
1295 1329 1360 1367 62.
1364 1328 1389 1346 “

1150 1381 1185 1421 εἰ
1209 1383 1251 1421 δέ
1279 1382 1355 1421 εἰσί
1372 1397 1479 1452 τιινες
1498 1377 1754 1447 Τπερβόρεοι

1094 1435 1321 1490 ἄνθρωποι,
1347 1438 1421 1478 εἰσι
1438 1437 1505 1477 καὶ
1525 1434 1754 1489 ὑπερνότιοι

1095 1492 1229 1545 ἄλλοι]
1265 1496 1337 1538 Qui
1368 1495 1437 1532 hoc
1465 1508 1507 1532 ex
1535 1495 1616 1532 loco
1635 1495 1754 1544 colligi

1093 1552 1244 1598 volunt,
1272 1552 1501 1589 Herodotum
1519 1552 1666 1589 omnino
1686 1551 1755 1588 du-

1093 1608 1251 1654 bitasse,
1283 1620 1368 1645 num
1397 1607 1468 1645 ulla
1499 1620 1659 1658 unquam
1690 1621 1754 1645 ex-

1096 1665 1227 1702 stiterit
1266 1664 1588 1715 Hyperboreorum
1640 1665 1754 1712 natio,

1095 1722 1137 1759 iis
1165 1721 1337 1770 equidem
1365 1721 1540 1759 accedere
1568 1734 1643 1758 non
1667 1732 1755 1772 pos-

1096 1790 1174 1815 sum
1214 1775 1326 1828 (conf.
1366 1779 1475 1815 etiam
1503 1778 1672 1815 Perizon.
1708 1776 1756 1814 ad

1097 1833 1236 1872 Aelian.
1263 1834 1305 1871 V.
1329 1834 1378 1872 H.
1403 1834 1457 1878 ll,
1488 1836 1543 1874 26
1571 1840 1609 1872 et
1635 1833 1755 1871 Schu-

1096 1891 1187 1927 bart.
1214 1890 1236 1927 l.
1264 1890 1287 1927 l.
1307 1903 1390 1940 pag.
1412 1892 1507 1938 28),
1537 1903 1616 1927 cum
1636 1890 1758 1927 Hero-

1096 1947 1206 1984 dotus
1247 1946 1337 1984 tales
1374 1947 1485 1984 modo
1525 1951 1636 1996 neget
1676 1958 1758 1984 esse

1094 2003 1371 2054 Hyperboreos,
1393 2002 1519 2053 quales
1538 2008 1673 2053 poetae
1694 2007 1756 2040 aut

1094 2059 1298 2099 fabularum
1343 2064 1577 2098 enarratores
1620 2071 1759 2096 memo-

1096 2128 1196 2154 rasse
1233 2117 1424 2163 videntur,
1474 2115 1567 2153 ultra
1599 2116 1758 2153 Boream

1097 2178 1244 2210 ventum
1277 2173 1350 2210 scil.
1382 2174 1494 2216 sitos;
1535 2173 1574 2210 id
1605 2172 1706 2221 quod
1735 2183 1758 2208 a

1095 2242 1215 2267 rerum
1269 2234 1399 2267 natura
1442 2229 1537 2280 patri
1582 2228 1758 2265 historiae

1097 2299 1215 2334 aeque
1235 2286 1431 2324 abhorrere
1451 2286 1566 2322 visum
1588 2289 1645 2321 est
1663 2296 1708 2322 ac
1727 2284 1758 2320 si

1096 2343 1177 2391 quis
1206 2342 1369 2380 homines
1397 2341 1490 2379 ultra
1510 2346 1660 2378 ventum
1680 2353 1757 2378 me·

1096 2398 1309 2435 ridionalem
1351 2396 1642 2447 (Hypernotios)
1689 2397 1759 2433 fin-

1095 2467 1183 2503 gere
1194 2455 1312 2500 vellet‚
1322 2467 1400 2491 cum
1409 2453 1630 2504 Hyperborei
1636 2453 1758 2503 potius

1098 2511 1357 2560 perhibeantur
1408 2512 1560 2547 maxime
1608 2509 1760 2547 boreales

1098 2567 1275 2612 homines,
1298 2568 1318 2603 i.
1331 2580 1363 2604 e.
1383 2568 1666 2617 septentrionem
1677 2579 1760 2603 ver-

1097 2635 1158 2659 sus
1182 2625 1336 2661 maxime
1355 2623 1586 2670 habitantes,
1615 2623 1759 2673 Hyper-

1097 2681 1189 2716 note‘i
1225 2685 1346 2717 autem
1387 2681 1434 2725 ii,
1474 2680 1537 2729 qui
1577 2685 1755 2717 extremas

1096 2741 1214 2773 terrai¹
1233 2736 1478 2774 meridionalis
1495 2749 1578 2774 oras
1591 2735 1755 2773 incolant.

1096 2792 1218 2830 Multa
1253 2793 1345 2831 hanc
1378 2794 1415 2830 in
1453 2806 1529 2831 rem
1564 2793 1755 2843 disputans
