1863 3256
185 283 269 323 672
666 274 1220 318 EXCURSUSX

188 409 310 443 aetate
328 404 518 441 florentem
541 404 647 448 facit;
676 403 735 441 Tu
753 401 845 440 conf.
866 399 1058 437 Dissertat.
1072 426 1084 445 ,
1104 399 1141 435 in
1157 410 1231 447 qua
1257 398 1480 446 ostenditur,
1508 395 1696 447 Scylacem

190 471 344 521 Polybio
373 480 545 509 coaevum
574 470 686 508 fuisse
715 467 752 520 §.
776 472 793 507 1
809 464 901 505 -4
932 470 968 503 et
990 464 1076 502 add.
1097 465 1232 503 Wasse
1259 466 1307 503 ad
1328 464 1533 515 Thucydid.
1555 464 1612 514 11,
1641 468 1697 508 97

191 540 445 577 observantem
465 537 608 577 dicendi
630 533 818 574 nonnullas
842 531 1015 570 formulas
1034 533 1070 569 in
1086 532 1233 583 Periplo
1259 532 1407 580 obvias,
1449 545 1546 582 quae
1571 545 1698 571 recen-

189 607 288 644 tioris
308 606 438 646 aetatis
457 606 669 657 scriptorem
690 612 888 649 sanequam
909 601 1068 651 prodere
1087 601 1290 638 videantur.
1346 599 1395 637 At
1414 599 1512 637 nullo
1533 599 1598 638 niti
1619 602 1701 638 sun·

189 676 360 713 damento
382 673 537 711 rationes
561 684 581 708 a
599 667 786 706 Dodwello
807 669 968 718 prolatas
990 668 1180 706 contendit
1195 668 1378 705 Mannert.
1395 667 1554 717 (Geogr.
1574 668 1611 706 d.
1632 667 1699 705 Gr.

191 756 224 781 u.
244 743 348 781 Rom.
384 740 397 777 l
425 753 508 790 pag.
539 738 591 778 59
621 736 769 785 seqq),
807 736 887 785 ipse
921 736 1109 784 Scylacem
1135 734 1342 773 Alexandro
1370 734 1512 785 Magno
1539 735 1699 786 priorem

189 814 353 848 statuens
380 804 613 858 probabiliter
630 804 760 840 vixisse
781 803 905 853 primis
927 803 1009 841 belli
1028 804 1327 854 Peloponnesiaci
1353 803 1458 840 annis
1486 803 1592 850 (ibid.
1610 815 1700 854 pag.

189 880 254 918 61.
274 880 357 921 62).
416 873 557 909 Contra
579 869 863 919 Bougainvillius
889 870 1027 915 (Mem.
1056 872 1103 909 de
1128 871 1266 909 l'Acad.
1298 872 1334 907 d.
1354 871 1521 922 lnscript.
1539 870 1698 908 XXVllI

188 956 274 995 pag,
294 943 376 983 266
395 941 520 988 seqq.)
549 938 644 974 intra
674 950 790 975 annos
822 938 1068 979 370—360
1097 950 1130 975 a.
1153 938 1238 977 Chr.
1260 951 1296 975 n.
1320 938 1527 986 Scylacem,
1564 938 1699 988 Peripli

189 1014 398 1055 auctorem,
427 1005 560 1042 vixisse
580 1002 666 1041 vult.
717 1004 839 1048 Quem
861 1005 897 1042 T
899 1006 1015 1043 imaeo
1037 1006 1214 1043 iuniorem
1234 1006 1345 1043 fuisse
1371 1006 1532 1043 iudicant
1552 1004 1698 1042 Cluver.

189 1077 270 1115 Ital.
291 1075 414 1124 Antiq.
435 1074 507 1119 IV,
536 1072 562 1113 4
587 1084 674 1122 pag.
707 1074 814 1114 1166
843 1077 880 1110 et
908 1074 933 1110 1.
956 1073 1004 1109 H.
1034 1073 1143 1109 Voss.
1174 1072 1426 1123 (Weltkunde
1454 1076 1523 1110 etc.
1551 1085 1639 1122 pag.
1659 1075 1699 1113 7.

192 1144 275 1191 10),
333 1143 431 1188 Quin
453 1140 520 1178 sub
540 1138 722 1189 Philippi,
761 1137 1002 1177 Macedonum
1022 1140 1140 1189 regis,
1176 1139 1353 1190 imperi0,
1393 1140 1480 1178 inde
1510 1153 1532 1177 a
1554 1141 1637 1182 360
1663 1151 1698 1177 a.

189 1213 275 1251 Chr.
296 1224 331 1249 n.
348 1223 369 1247 a
389 1210 541 1258 Scylace
569 1206 773 1258 periplum,
814 1208 876 1256 qui
905 1212 1095 1258 superest,
1136 1208 1340 1244 consectum
1369 1220 1451 1246 esse
1479 1207 1700 1246 Niebuhrius

189 1279 320 1318 statuit
349 1275 625 1325 (Denkschrist.
652 1275 689 1312 d.
719 1273 853 1312 Berlin.
879 1272 996 1315 Acad.
1034 1273 1329 1316 1804—1811
1359 1288 1445 1326 pag.
1471 1277 1538 1316 83.
1580 1275 1701 1313 Klein.

189 1348 286 1385 Hist.
305 1344 449 1383 schrift.
468 1343 486 1380 I
503 1355 589 1394 pag.
611 1341 691 1382 105
713 1342 833 1391 seqq.)
860 1341 1020 1392 itemque
1039 1343 1170 1381 Ukert.
1198 1343 1235 1379 in
1260 1342 1475 1393 Geograph.
1499 1343 1535 1390 Ι,
1566 1346 1593 1384 2
1613 1356 1699 1394 pag.

191 1413 271 1456 285
292 1425 419 1462 seqq,
453 1411 517 1448 ubi
544 1410 653 1448 etiam
679 1409 901 1458 reliquorum
930 1410 1130 1448 sententias
1157 1410 1204 1447 de
1224 1409 1293 1447 hoc
1312 1410 1452 1461 periplo
1473 1411 1700 1458 excitantur,

190 1482 306 1532 quod·
324 1481 420 1518 idem
449 1481 579 1528 postea
604 1477 733 1514 fecisse
763 1477 868 1514 video
897 1476 1070 1515 Klausen.
1098 1476 1119 1514 l.
1143 1490 1228 1514 mox
1248 1477 1270 1514 l.
1299 1490 1385 1528 pag.
1406 1479 1487 1518 273
1509 1489 1587 1526 seq.
1645 1477 1699 1516 Ac

191 1561 279 1586 sane
307 1548 338 1585 si
363 1549 640 1595 argumentum,
681 1544 782 1594 quod
809 1543 846 1580 in
874 1544 964 1581 mari
988 1545 1281 1591 mediterraneo,
1328 1544 1522 1594 Pontoque
1556 1545 1698 1584 Euxino

189 1617 338 1664 eiusque
355 1614 460 1651 litore
479 1612 719 1650 describendo
738 1611 861 1662 potius
888 1623 997 1660 quam
1025 1612 1061 1648 in
1092 1612 1258 1650 orientali
1278 1612 1430 1650 Oceano
1455 1617 1635 1662 versetur,
1667 1614 1699 1652 si

190 1684 350 1732 linguam
376 1681 522 1718 minime
551 1679 647 1716 illam
677 1678 825 1728 quidem
856 1677 1017 1715 Ionicam
1048 1678 1285 1727 Doricamve‚
1337 1681 1647 1729 quemadmodum
1677 1694 1700 1720 a

191 1750 366 1801 scriptore
388 1747 572 1786 Herodoti
599 1746 742 1796 aequali
769 1746 938 1795 adeoque
965 1747 1076 1797 priori
1105 1748 1266 1798 itemque
1285 1747 1380 1785 Care
1404 1748 1549 1787 homine
1569 1761 1700 1800 exspe-

190 1818 387 1865 ctandum,
416 1815 671 1867 respiciamus,
708 1812 844 1864 Peripli
876 1818 1004 1851 auctor
1021 1815 1081 1852 vix
1107 1816 1204 1854 idem
1232 1827 1315 1853 esse
1336 1816 1475 1866 poterit
1495 1819 1607 1866 atque
1625 1816 1698 1865 ille,

193 1886 291 1924 cuius
306 1885 522 1922 Herodotus
539 1883 574 1920 h.
590 1881 614 1920 l.
633 1882 807 1919 meminit.
867 1881 975 1925 Quae
992 1895 1073 1920 curn
1091 1883 1143 1920 ita
1161 1883 1245 1931 sint,
1275 1883 1416 1921 Gailius
1436 1885 1581 1922 coniicit
1600 1883 1699 1923 Atti-

193 1965 273 1990 cum
303 1952 485 2001 quendam
510 1952 644 1997 virum,
681 1948 939 1987 Demosthenis
969 1949 1158 2000 aequalem
1189 1951 1348 2000 Scylacis
1379 1952 1446 1989 viri
1473 1952 1698 1991 celeberrimi

194 2019 296 2067 (eius
320 2018 513 2066 nimirum,
553 2018 614 2068 qui
644 2017 747 2056 Darii
776 2016 939 2066 aequalis
965 2018 1012 2055 ab
1036 2019 1229 2056 Herodoto
1255 2015 1482 2072 appellatur)
1516 2019 1701 2072 Periplum

194 2087 267 2124 suis
287 2087 454 2133 dedisse,
476 2086 621 2136 saepius
644 2086 681 2122 in
701 2098 804 2124 suam
823 2086 1015 2124 dialectum
1033 2087 1232 2134 vertendo,
1274 2091 1311 2125 et
1331 2087 1591 2126 additamentis
1616 2101 1703 2140 per-

193 2154 317 2204 paucis
340 2154 580 2204 amplificasse
599 2154 704 2203 (pag.
723 2156 804 2195 207
826 2153 907 2191 coll.
925 2166 1011 2204 pag.
1029 2154 1109 2195 225
1131 2153 1167 2204 ὃ.
1188 2157 1253 2197 29.
1277 2156 1434 2204 Geogrr.
1455 2156 1568 2196 minn.
1586 2157 1633 2195 T.
1653 2154 1701 2207 1).

195 2221 334 2258 Contra
353 2233 447 2271 quae
466 2221 610 2270 longior
626 2234 721 2258 nunc
738 2221 871 2270 legitur
888 2220 1099 2271 Disputatio
1119 2222 1309 2261 Klausenii
1339 2224 1376 2260 in
1399 2223 1514 2274 libro,
1557 2225 1620 2274 qui
1646 2225 1702 2262 in-

196 2289 378 2325 scribitur:
419 2288 634 2335 „Hecataei
666 2288 800 2326 Milesii
828 2289 1044 2338 fragmenta.
1104 2290 1263 2340 Scylacis
1296 2291 1569 2340 Caryandensis
1603 2291 1704 2329 Peri·

195 2355 287 2406 plus.
343 2356 503 2393 Berolin.
531 2357 649 2396 1831.
677 2357 714 2395 8.
727 2357 752 2375 “
781 2368 867 2406 pag.
887 2358 968 2397 259
987 2369 1113 2407 seqq,
1143 2359 1204 2408 qui
1229 2360 1305 2409 ipse
1325 2360 1372 2396 ad
1392 2358 1647 2407 Bougainvillii
1664 2362 1701 2396 et

196 2422 387 2460 Niebuhrii
416 2423 575 2460 rationes
604 2424 806 2469 accedens,
842 2424 1024 2474 Periplum
1049 2426 1168 2463 media
1193 2427 1246 2464 vel
1271 2431 1426 2465 exeunte
1447 2426 1595 2475 Olymp.
1618 2428 1699 2467 107

197 2490 365 2540 scriptum
385 2489 496 2526 fuisse
517 2490 653 2525 statuit.
710 2490 802 2527 Utut
823 2496 898 2539 est,
929 2491 1114 2542 Scylacem
1135 2495 1453 2544 Caryandensem,
1493 2505 1603 2542 quem
1621 2491 1702 2532 He-

195 2558 349 2594 rodotus
370 2556 681 2603 commemoravit,
719 2557 852 2608 l'eripli
877 2559 993 2608 qualis
1013 2573 1108 2597 nunc
1132 2562 1264 2608 fertur,
1304 2565 1488 2598 auctorem
1507 2560 1701 2610 haudqua-

196 2637 304 2674 quam
322 2637 426 2672 esse,
465 2624 534 2661 hoc
553 2623 665 2660 dubio
682 2625 740 2660 vix
764 2638 887 2663 carere
904 2627 988 2663 mihi
1008 2628 1169 2672 videtur3
1207 2639 1426 2676 quamquam
1449 2629 1516 2665 viri
1537 2628 1699 2666 celeber·-

195 2691 275 2728 rimi
294 2703 426 2728 nomen
449 2703 471 2728 a
487 2691 634 2728 serioris
651 2692 781 2728 aetatis
806 2693 982 2742 scriptore
1011 2695 1186 2743 opusculo
1213 2707 1278 2731 suo
1308 2696 1556 2746 praepositum
1585 2696 1697 2734 fuisse

195 2758 302 2796 valde
328 2759 369 2795 fit
388 2757 574 2796 credibile.
632 2756 686 2796 Ac
707 2758 834 2796 mirum
862 2772 1007 2809 quoque
1032 2761 1175 2798 videtur
1191 2762 1424 2800 Robertsono
1447 2762 1636 2815 (Kenntn.
1658 2763 1696 2802 d.

194 2822 304 2861 Alten
325 2837 396 2861 von
417 2824 496 2862 lud.
518 2838 604 2876 pag.
627 2827 706 2867 196
726 2828 870 2876 seqq),
907 2828 1006 2877 quod
1032 2840 1098 2866 nec
1115 2828 1324 2876 Nearchus,
1362 2842 1431 2868 nec
1452 2828 1696 2878 Ptolemaeus,

193 2902 261 2928 nec
281 2888 522 2940 Aristobulus‚
542 2906 610 2932 nec
628 2894 708 2944 ipse
730 2894 888 2945 denique
903 2895 1079 2933 Arrianus
1096 2896 1256 2947 Scylacis
1279 2898 1328 2936 de
1354 2898 1485 2936 itinere
1507 2897 1615 2936 ullam
1641 2897 1697 2936 se-
