1863 3256
81 307 120 334 tin
133 306 212 333 bello
228 311 357 343 pressos,

84 343 178 367 Araxe
204 343 359 366 transitus-

81 382 132 406 so,
160 374 189 400 in
214 380 280 398 eam
298 376 359 398 ter-

83 415 146 434 ram
162 407 298 433 veniisse:
325 404 361 431 il-

82 441 141 467 iam
186 438 360 466 Cimmerio-

83 481 146 501 rum
157 478 246 500 antea
256 472 360 499 suisne:

108 506 336 533 cimmeriorum

99 541 208 575 populo
239 538 342 573 sugam

83 581 204 609 pugna,
238 573 360 607 regibus

83 612 210 647 mortem
228 605 300 646 fuga
311 614 361 642 po-

83 646 193 668 uorem
208 647 302 667 visam
314 647 361 666 es-

85 683 135 701 ne:
163 674 295 701 tumulus
315 681 359 700 re-

84 716 153 742 gum
177 707 361 740 sepultorum

85 741 123 769 ad
142 741 255 776 'Pyram
269 761 277 775 ‚

411 189 494 229 294

828 180 1300 222 HERODO'rl

411 294 585 350 Ἀράξεα
621 293 689 338 ἐπὶ
727 297 811 351 γῆν
850 292 929 348 τὴν
959 292 1225 347 Κιμμερίην·
1279 287 1357 344 τὴν
1389 285 1474 342 γὰρ
1503 287 1587 328 νῦν
1615 284 1680 328 νέ-

417 383 574 423 μονται
595 364 799 417 Σκύθαι,
831 362 940 418 αὕτη
971 363 1136 417 λέγεται
1164 359 1214 404 τό
1238 357 1424 402 παλαιὸν
1449 353 1560 399 εἶναι
1576 359 1683 412 Κιμ-

389 439 593 495 3μερίων.
653 435 760 487 τούς
798 435 844 478 δὲ
872 431 1163 487 Κιμμερίους,
1210 426 1422 471 ἐπιόντων
1450 426 1738 475 Σκυθέων,75

418 507 735 567 βουλεύεσθαι,
772 502 830 554 ὠς
859 504 1046 556 στρατοῦ
1067 497 1266 550 ἐπιόντος
1286 497 1499 555 μεγάλου·
1531 498 1605 542 καὶ
1627 498 1682 555 δὴ

417 581 494 632 τὰς
522 577 700 636 γνώμας
729 576 877 631 σφέων
906 570 1239 628 κεχωρισμένας,
1269 569 1477 621 ἐντόνους
1498 569 1579 625 μὲν
1603 566 1683 625 ἆμ-

419 650 632 708 φοτέρας,
678 645 842 701 ἀμείνω
881 643 928 688 δὲ
963 641 1045 698 τὴν
1079 644 1169 684 τῶν
1205 640 1446 697 βασιλέων·
1495 640 1576 697 τὴν
1605 642 1685 696 μὲν

419 722 500 779 γὰρ
531 719 583 776 δὴ
611 720 691 762 τοῦ
724 715 866 772 δήμου
896 714 1048 771 φέρειν
1075 710 1275 769 γνώμην,
1321 710 1380 763 ὥς
1418 709 1683 755 ἀπαλλάσσε-

417 798 524 836 σθαι
551 792 732 847 πρῆγμα
763 788 853 843 εἴη,
884 785 991 842 μηδὲ
1019 782 1129 839 πρὸς
1158 781 1348 833 πολλοὺς
1367 781 1576 839 δεόμενον
1597 800 1685 827 mv-
1697 789 1742 823 80

364 962 442 1000 rimi
461 961 518 998 hic
538 960 732 1009 accipiunt.
773 959 832 996 Cf.
853 962 947 995 nott.
976 958 1024 994 ad

369 1020 395 1065 Ι,
418 1020 511 1060 202.
550 1015 758 1054 Tzschuck.
779 1015 827 1052 ad
849 1014 934 1052 Mel.
960 1013 1026 1060 111,

365 1076 405 1120 5,
427 1074 465 1115 5.
491 1077 584 1110 nott.
617 1085 748 1122 exegg.
776 1084 812 1122 p.
844 1070 922 1110 148
943 1069 1025 1107 Vol.

365 1131 416 1168 111
446 1131 486 1168 Ρ.
511 1129 575 1166 111.
623 1129 785 1168 Heeren.
814 1127 926 1165 Ideen
957 1130 1027 1165 ete.

366 1187 396 1234 l,
417 1189 443 1227 2
462 1200 497 1238 p.
519 1187 603 1226 269
620 1185 700 1223 coll.
729 1186 892 1234 Kiippen
904 1182 1029 1221 Nord-

366 1247 459 1293 gest.
481 1243 518 1280 d.
537 1243 645 1280 Pont.
665 1254 753 1292 pag.
770 1242 837 1282 73.
867 1240 916 1277 At
925 1239 1030 1277 Brei-

368 1313 434 1349 ger
453 1299 533 1347 (De
554 1297 615 1336 As.
633 1297 777 1336 Herod.
798 1309 885 1347 pag.
907 1298 960 1336 60
974 1308 1028 1345 sq.

367 1357 455 1405 66)
476 1356 525 1392 ad
545 1356 663 1392 Oxum
674 1384 686 1401 ,
717 1355 779 1404 qui
799 1366 895 1391 nunc
913 1353 1031 1391 Gihon

369 1416 529 1459 vocetur,
550 1416 713 1450 veterum
734 1411 833 1448 locos
849 1410 896 1447 de
912 1409 1031 1447 Araxe

368 1469 503 1507 relatos
536 1468 621 1506 vult.
653 1489 708 1495 ——
748 1466 806 1504 De
837 1466 1031 1503 Cimmeriis

370 1526 443 1563 vid.
474 1529 567 1562 nott.
596 1524 644 1561 ad
664 1524 693 1572 1,
719 1525 756 1563 6.
779 1523 828 1564 15
851 1527 888 1560 et
908 1523 1031 1560 Ukert

371 1581 510 1630 Geogr.
539 1581 575 1618 d.
597 1581 664 1620 Gr.
695 1592 729 1615 u.
747 1579 856 1616 Rom.
878 1579 906 1626 1,
938 1582 954 1618 1
993 1591 1029 1628 p.

371 1640 437 1679 26.
489 1637 559 1674 Pro
585 1631 770 1684 Mongolz’s
799 1635 909 1672 habet
937 1635 1031 1673 Nie-

369 1694 472 1731 buhr.
492 1693 718 1730 vermischte
734 1691 881 1729 Schrift.
900 1691 916 1728 Ι
942 1704 1030 1741 pag.

369 1752 463 1790 361.
479 1750 573 1791 364.
604 1749 911 1797 Herodotumque
926 1761 1032 1796 egre-

370 1808 429 1855 gie
449 1806 590 1856 lapsum
605 1819 684 1843 esse
695 1798 920 1856 pronuntiat,
933 1805 1033 1841 Cim-

369 1864 501 1900 merios
537 1863 753 1900 scribentem
794 1873 816 1897 a
849 1861 1033 1911 Bosporo,

371 1919 496 1969 Caspii
517 1919 627 1956 maris
645 1919 750 1955 litora
770 1919 948 1966 legentes,
970 1930 1034 1954 au-

372 1976 510 2025 fugisse
555 1980 669 2023 atque
714 1987 781 2025 per
821 1973 1033 2011 Colchidem

372 2037 505 2070 terram
521 2060 531 2078 ,
601 2031 723 2080 Halyn
784 2035 1035 2078 transgressos

375 2089 499 2125 Asiam
532 2088 732 2134 invasisse,
775 2099 857 2124 cum
885 2087 951 2124 hac
977 2088 1036 2123 via

375 2144 666 2193 ingredientibus
696 2156 787 2193 opus
814 2144 943 2181 suisset
967 2156 1035 2181 na-

375 2202 477 2237 vibus
512 2201 674 2249 itemque
704 2200 863 2237 Caucasi
893 2204 1037 2237 montes

378 2258 576 2307 superandi
605 2257 752 2294 minime
783 2257 1038 2302 accessibiles;

377 2324 497 2362 neque
519 2313 665 2349 omnino
690 2316 820 2361 gentes
849 2313 1038 2359 nomadas,

376 2373 558 2418 quotquot
599 2370 784 2419 Scythiam
831 2370 1040 2419 occuparint

376 2429 415 2462 et
434 2424 513 2461 aliis
534 2426 707 2475 deinceps
729 2438 750 2461 a
773 2425 1039 2473 gentibusloco

377 2480 502 2531 pulsae
528 2481 682 2527 fuerint,
714 2482 891 2517 orientem
913 2494 1038 2518 versus

377 2537 584 2574 discessisse
606 2537 741 2582 videri,
777 2537 843 2573 sed
872 2538 1039 2574 occiden-

376 2600 451 2630 tem
470 2606 593 2630 versus
614 2593 659 2628 ad
677 2592 835 2629 Danubii
856 2595 1037 2642 regioneS,

375 2650 471 2686 idem
489 2649 711 2686 Niebuhrius
734 2654 869 2686 monet.
920 2649 1037 2686 Nam-

377 2718 450 2754 que
488 2706 763 2742 Cimmeriorum
803 2706 964 2754 vestigiis
1003 2706 1038 2742 in

381 2762 549 2812 Bosporo
601 2761 804 2812 conspicuis
855 2762 900 2799 ab
952 2762 1039 2812 ipsis

381 2818 585 2856 Cimmeriis
616 2819 851 2856 denominato
880 2818 1041 2867 (quibus

1080 954 1170 1006 ipsis
1188 954 1420 992 Herodotum
1438 956 1475 992 in
1494 967 1653 993 errorem
1673 969 1741 1007 pu-

1082 1014 1139 1049 tat
1156 1023 1237 1048 esse
1255 1011 1422 1059 ductum)
1450 1011 1536 1048 nihil
1564 1012 1661 1049 aliud
1688 1014 1742 1050 ef-

1082 1068 1142 1105 fici
1163 1080 1288 1118 posse,
1319 1068 1388 1105 nisi
1407 1073 1445 1105 ut
1461 1072 1602 1118 partem
1624 1081 1743 1118 quan-

1084 1125 1170 1162 dam
1188 1125 1308 1173 gentis
1328 1125 1396 1161 hac
1414 1126 1452 1161 in
1469 1128 1565 1162 terra
1583 1125 1744 1163 relictam

1084 1181 1196 1218 fuisse
1228 1181 1358 1218 credas
1386 1180 1514 1229 liceat,
1554 1194 1628 1231 quo
1651 1186 1745 1220 tem-

1085 1250 1177 1288 pore
1205 1237 1338 1275 Graeci
1368 1237 1487 1274 coloni
1516 1238 1745 1277 advenerint.

1088 1293 1155 1332 Cr.
1190 1294 1238 1331 de
1269 1293 1461 1331 Cimmeriis
1494 1294 1551 1331 hic
1588 1296 1745 1333 conferri

1085 1350 1165 1387 vult
1185 1349 1442 1389 Sch5nemann
1464 1351 1603 1400 Geogr.
1626 1350 1747 1401 Argo-

1087 1411 1205 1445 nautt.
1229 1419 1315 1456 pag.
1336 1409 1389 1448 29
1402 1420 1506 1456 seqq.
1553 1408 1747 1458 Sprengel.

1086 1462 1245 1514 Apolog.
1265 1465 1302 1500 d.
1319 1464 1536 1514 Hippocrat.
1559 1463 1593 1500 ll
1606 1477 1640 1514 p.
1652 1467 1746 1505 619.

1087 1520 1271 1557 Mannerti
1292 1520 1481 1571 disputata
1496 1520 1543 1557 de
1555 1519 1622 1557 hac
1635 1525 1747 1569 gente

1086 1575 1255 1614 sabulosa
1273 1576 1445 1626 leguntur
1465 1576 1502 1612 in
1522 1576 1660 1626 Geogr.
1679 1578 1746 1615 Gr.

1088 1638 1125 1671 et
1140 1633 1283 1670 Romm.
1306 1633 1357 1671 1V
1374 1646 1410 1683 p.
1434 1634 1495 1672 10.
1519 1632 1574 1674 34
1592 1645 1672 1683 seq.
1692 1634 1746 1676 58

1088 1702 1165 1738 seq.
1177 1717 1189 1735 ‚
1235 1691 1291 1726 cui
1331 1689 1418 1727 add.
1450 1689 1570 1727 Ukert
1606 1690 1747 1741 Geogr.

1089 1746 1155 1783 Gr.
1177 1750 1213 1783 et
1231 1746 1377 1785 Romm.
1398 1745 1427 1792 Ι,
1449 1748 1470 1786 1
1491 1758 1578 1796 pag.
1601 1749 1668 1788 26.

1147 1797 1334 1849 ἐντόνους
1380 1799 1452 1852 μὲν
1500 1798 1744 1854 ἀμφοτέρας]

1090 1859 1110 1895 i.
1132 1871 1163 1897 e.
1193 1862 1377 1909 utramque
1403 1858 1662 1910 (sententiam)
1691 1862 1748 1896 in-

1091 1918 1236 1962 tentam,
1264 1917 1286 1952 i.
1305 1929 1336 1953 e.
1354 1917 1495 1961 acriter,
1518 1914 1666 1965 fortiter
1690 1916 1750 1953 de-

1082 1971 1235 2022 fensam.
1266 1973 1326 2010 Sic
1343 1973 1436 2009 infra
1456 1972 1516 2017 lv,
1543 1971 1616 2014 14:
1648 1971 1751 2012 ἐντε-

1091 2027 1267 2079 ταμένως
1288 2024 1589 2079 α’μφισβητεέιν.

1150 2083 1202 2131 ὥς
1233 2080 1561 2124 α’παλλιίσσεσθαι
1588 2087 1751 2138 πρῆγμα

1095 2140 1172 2193 εἴη]
1206 2142 1263 2179 De
1281 2142 1462 2180 locutione
1482 2143 1576 2179 conf.
1593 2147 1686 2180 nott.
1702 2143 1749 2179 ad

1094 2199 1123 2246 l,
1143 2200 1210 2240 79.
1249 2199 1355 2243 Quae
1385 2203 1588 2249 sequuntur
1619 2199 1749 2236 verba:

1097 2253 1196 2306 μηδὲ
1227 2252 1328 2304 πρὸς
1356 2252 1529 2301 πολλούς
1559 2251 1751 2305 δεόμενον

1097 2307 1369 2358 κινδυνεύειν,
1407 2312 1595 2360 negotium
1634 2312 1752 2348 faces-

1097 2373 1182 2405 sunt
1201 2368 1468 2418 interpretibus.
1514 2367 1566 2404 Ut
1586 2368 1681 2404 enim
1704 2368 1752 2405 de

1095 2437 1208 2475 prava
1230 2424 1404 2461 Grouovii
1424 2429 1561 2460 taceam
1585 2423 1753 2471 lectione,

1096 2494 1203 2530 quam
1245 2480 1456 2524 Meffieeus,
1506 2479 1751 2526 Florentium,

1096 2537 1155 2573 aiii
1179 2542 1345 2573 tuentur:
1378 2534 1478 2586 μηδὲ
1501 2533 1577 2587 πρὸ
1601 2538 1755 2576 πολλοῦ

1096 2587 1264 2642 δεόμενα
1290 2594 1408 2636 (cuius
1431 2592 1510 2629 loco
1533 2593 1610 2630 aliis
1630 2593 1754 2643 placu-

1096 2650 1167 2686 isse
1187 2650 1294 2687 video
1314 2647 1503 2698 δεομένου
1526 2650 1601 2687 sive
1621 2647 1754 2701 δεομέ-

1098 2705 1218 2754 νων)·,
1248 2719 1370 2743 vocem
1389 2702 1581 2756 δεόμενον
1601 2707 1680 2744 sine
1700 2704 1754 2743 ul-

1096 2761 1131 2798 lo
1151 2775 1276 2799 sensus
1290 2763 1510 2800 detrimento
1529 2763 1658 2802 abesse
1669 2775 1754 2814 pos-

1099 2831 1138 2855 se
1177 2819 1310 2856 iudicat
1348 2819 1565 2870 Wesseling.
1602 2831 1755 2870 eamque
