1863 3256
454 126 1020 170 MELPOMENE.
1082 127 1143 164 IV.

133 246 155 282 4
170 242 440 287 Ποσειδέωνι
497 241 673 284 θύουσι.

1353 131 1436 170 399

744 235 1033 293 οὐνομάζεται
1090 235 1137 279 δὲ
1194 237 1436 287 Σκυθιστὶ,

156 313 285 371 Ἱστίη
315 314 416 369 μὲν,
453 313 622 370 Ταβιτί·
680 311 789 362 Ζεὺς
815 310 861 354 δὲ
890 307 1133 364 ὀρθότατα.
1180 306 1290 350 κατὰ
1320 307 1434 362 γνώ-

158 403 246 441 μην
287 401 334 440 γε
372 383 452 440 τήν
492 383 620 440 ἐμὴν,
674 382 936 438 καλεόμενος
978 383 1202 430 Παπαῖος·

1267 382 1332 435 Γῆ
1369 379 1434 426 δὲ,

158 456 302 499 Ἀπία·
339 453 560 498 Ἀπόλλων
591 457 660 508 ὸὲ,
691 453 957 509 Οἰτόσυρος·
992 450 1180 509 οὐρανίη
1206 451 1251 495 δὲ
1278 449 1491 506 'Ampe-40

102 629 292 683 λεὸμενοι,
316 635 417 681 quod
437 647 458 671 a
478 633 638 684 pluribus
665 632 764 669 libris

102 695 138 728 et
166 690 250 727 edd.
279 688 386 737 vulgo
413 692 529 729 abest.
587 689 645 728 De
675 689 762 739 ipsis

100 746 245 795 Scythis
289 748 400 794 regiis
445 749 542 785 conf.
582 750 677 786 nott.
717 746 765 782 ad

100 803 165 847 IV,
187 806 252 844 20.
295 803 481 842 Observat
501 805 638 842 Gorres
652 832 662 851 ,
685 802 764 839 loco

99 873 183 897 mox
231 859 439 908 laudando,
494 863 624 900 eadem
674 861 764 907 sere,

100 929 194 966 quae
215 917 262 954 de
281 917 428 967 Scythis
450 918 484 955 h.
503 919 524 956 l.
544 920 763 963 reserantur,

101 974 147 1011 de
169 973 356 1022 Mongolis
383 976 479 1012 tradi
502 977 538 1012 in
563 977 656 1013 sama
674 987 764 1023 gen-

99 1031 145 1067 tis
166 1030 350 1079 indigena.
412 1032 480 1070 C-r.
501 1037 695 1083 praeterea
717 1032 764 1067 ad

99 1087 189 1125 haec
200 1089 356 1125 conferri
368 1089 442 1126 vult
455 1089 638 1127 Hummel.
650 1090 763 1126 Com-

97 1145 207 1194 pend.
235 1144 410 1182 Deutsch.
436 1145 594 1183 Altertli.
623 1159 702 1195 cap.
730 1146 760 1180 V

98 1200 134 1251 ᾗ·
155 1203 180 1241 7
203 1213 288 1251 pag.
315 1204 368 1242 80
392 1215 470 1252 seq.
505 1208 542 1240 et
566 1202 762 1251 lnghirami

96 1258 326 1295 Monumenti
338 1261 508 1296 etruschi.
538 1259 645 1309 Degli
656 1272 761 1309 spec-

96 1314 151 1351 chi
172 1314 302 1351 mistici
321 1316 394 1352 tab.
418 1317 505 1353 vm
527 1330 563 1366 p.
591 1319 681 1357 161.

160 1370 312 1422 Ταβιτί]
332 1373 464 1410 Refert
482 1374 552 1410 hue
572 1374 630 1411 De
648 1374 763 1409 Bros-

96 1441 154 1465 ses
189 1427 300 1466 Mem.
330 1430 377 1466 de
413 1429 552 1469 l'Acad.
582 1431 617 1467 d.
648 1430 758 1466 lnscr.

94 1485 237 1521 XXXV
267 1498 303 1535 p.
328 1486 411 1526 497
442 1500 568 1524 vocem
600 1487 763 1524 Tlaemnz‘st

95 1545 134 1579 et
163 1541 386 1587 Thana-est,
426 1545 499 1592 qua⁴
538 1546 651 1580 iustus
686 1545 762 1581 sive

89 1597 269 1649 perfectus
294 1600 472 1638 indicetur
498 1602 617 1649 ignis.-
654 1602 760 1639 item-

95 1668 168 1704 que
200 1655 463 1707 Themis-cyrum
493 1659 523 1705 (i
551 1671 582 1695 e.
606 1657 760 1695 Themi-

95 1712 151 1749 dis
172 1713 318 1761 urbem)
348 1715 517 1764 adeoque
540 1714 759 1752 Thermodon

18 1791 21 1793 -
92 1782 161 1819 pro
183 1769 420 1807 The‘mo-don
453 1771 659 1819 (Themidis
687 1773 758 1808 flu-

95 1826 233 1874 vium),
263 1840 343 1864 cum
371 1828 524 1865 Themis
552 1830 680 1866 eadem
711 1829 759 1866 sit

93 1887 207 1932 atque
231 1883 357 1922 Vesta.
411 1884 608 1934 Anquetil,
648 1899 757 1935 quem

34 1984 37 1988 v
93 1938 217 1976 laudat
255 1941 394 1978 G'orres
427 1941 709 1992 Mythengesch.
741 1942 757 1978 l

92 2009 178 2048 pag.
200 1998 278 2038 198
302 1999 474 2045 (notante
493 1999 577 2046 Cr.)
605 2005 644 2037 et
664 2000 758 2037 hanc

91 2065 217 2091 vocem
239 2058 276 2091 et
295 2059 459 2092 caeteras
479 2069 499 2094 e
514 2056 639 2105 lingua
653 2069 756 2094 sacra

92 2109 286 2147 Persarum
306 2111 465 2161 (Zend.)
485 2113 667 2163 explicare
678 2118 755 2151 stu-

92 2167 182 2204 duit.
223 2167 309 2210 Quo
329 2173 478 2206 auctore
501 2169 668 2222 Ταβιτί,
698 2174 756 2208 ta-

93 2223 188 2271 bad,
216 2223 239 2260 i.
259 2237 291 2262 e.
321 2224 537 2275 calefizctus3
571 2230 759 2275 Παπαῖος

92 2292 114 2317 a
139 2279 269 2328 Baba,
309 2286 437 2332 putem
481 2278 616 2332 Ἀπία,
659 2289 758 2323 terra

93 2337 140 2374 ab
169 2337 304 2386 Api-ia,
337 2339 460 2390 pulvis
469 2354 482 2385 ,·
536 2336 758 2393 Οἰτόσυρος

93 2391 224 2443 Apollo
252 2408 273 2432 a
294 2394 470 2445 Doetlere,
503 2398 526 2434 i.
549 2412 580 2436 e.
612 2400 755 2444 oculus‚·

90 2444 331 2500 Ἀρτίμπασα
360 2454 486 2492 Venus
516 2455 658 2493 Urania
688 2457 754 2505 (ab

92 2506 276 2558 Artpada)
299 2508 321 2546 i.
341 2522 372 2548 e.
392 2523 527 2560 magna
548 2514 689 2562 regina,
716 2518 757 2551 ut

93 2564 192 2613 apud
210 2564 429 2614 Mongolos3
465 2566 756 2620 Θαμιμασάδας

92 2619 287 2670 Neptunus
308 2622 349 2669 (a
372 2623 511 2663 Taman
528 2625 660 2679 zadeh)
680 2628 702 2665 i.
723 2641 755 2666 e.

93 2680 237 2726 partum
259 2677 446 2717 adiuvans.

151 2729 391 2784 καλεόμενος
422 2736 630 2788 Παπαῖος]
665 2738 754 2776 Cum

95 2789 215 2828 Gaiss.
241 2795 277 2827 et
296 2790 427 2828 Matth.
452 2795 599 2844 reposui
620 2791 755 2835 καλεό-

824 645 957 680 μενος,
983 630 1085 679 quod
1101 630 1272 668 meliores
1292 629 1372 667 libri
1392 629 1488 667 sere-

824 688 924 734 bant,
955 700 1029 724 non
1052 687 1282 738 improbante
1304 686 1490 736 Schwgh.,

823 745 886 793 qui
923 745 958 780 in
992 750 1095 781 textu
1124 745 1307 794 vulgatam
1340 744 1491 782 retinuit

822 801 1016 838 lectionem
1031 799 1218 840 καλέεται.
1244 802 1407 852 Respicit
1419 801 1487 837 huc

821 858 990 896 Eustatli.
1019 859 1066 895 ad
1094 859 1245 896 Homer.
1265 859 1305 896 ll.
1330 873 1366 909 p.
1388 857 1485 905 565,

824 918 849 954 7
866 929 894 953 s.
919 916 1022 962 429,
1049 918 1085 955 3.
1120 917 1159 953 lu
1177 931 1267 955 voce
1288 920 1487 967 Παπαῖος,

823 973 899 1010 sive
929 976 1170 1022 Παππαῖος,
1203 980 1240 1012 ut
1272 978 1370 1027 apud
1401 979 1488 1016 Ori-

822 1044 907 1079 gen.
938 1036 1055 1067 exstat
1085 1039 1200 1069 contr.
1227 1034 1322 1071 Cels.
1347 1034 1376 1070 V
1402 1049 1486 1085 pag.

822 1089 926 1134 609,
959 1088 1086 1124 Patris
1112 1102 1246 1127 nomen
1274 1090 1395 1129 inesse
1421 1106 1487 1142 pa-

820 1147 894 1190 tet,
926 1145 988 1193 qui
1010 1145 1128 1193 idem,
1160 1152 1334 1185 monente
1352 1148 1488 1186 Eusta-

820 1201 921 1246 thio,
990 1215 1064 1237 non
1126 1208 1271 1239 tantum
1326 1201 1488 1253 Ha'arccg,

821 1258 1006 1305 Παπίας,
1060 1254 1239 1306 Πάππας
1284 1261 1488 1310 dicebatur,

819 1328 942 1352 verum
986 1316 1094 1352 etiam
1133 1319 1223 1363 Πᾶς
1254 1331 1281 1356 s,
1317 1321 1408 1366 Πᾶ,
1448 1324 1489 1357 ut

818 1377 936 1409 mater
968 1374 1053 1410 Μᾶ.
1113 1372 1165 1412 Ac
1195 1380 1389 1423 praeterea
1420 1377 1489 1414 huc

818 1429 983 1466 referunt
1022 1430 1147 1468 on-em
1177 1427 1329 1471 Πάπαν
1372 1447 1393 1470 a
1423 1433 1487 1470 Bi-

818 1486 939 1534 thynis
988 1486 1122 1524 cultum
1166 1488 1329 1539 itemque
1370 1490 1485 1538 Attin,

819 1542 869 1579 sic
891 1544 1026 1580 dictum
1044 1547 1140 1583 teste
1158 1545 1313 1584 Diodor.
1335 1547 1398 1595 Ill,
1429 1548 1484 1589 57

821 1604 856 1637 et
876 1599 1049 1650 lapidem,
1074 1602 1110 1639 in
1130 1615 1204 1652 quo
1225 1605 1362 1642 mentio
1380 1606 1487 1644 θεοῦ

816 1658 1009 1695 παπαίου.

877 1709 1125 1764 Οἰτόσυρος]
1149 1715 1313 1753 Vocatur
1332 1711 1481 1770 Toyyo'-

817 1781 937 1821 συρος
965 1772 1065 1820 apud
1089 1772 1234 1821 Origin.
1260 1787 1288 1810 c.
1310 1773 1409 1811 Cels.
1431 1774 1481 1811 Vl

815 1840 902 1877 pag.
931 1830 1009 1868 661
1048 1832 1084 1866 et
1117 1825 1356 1881 Γοιτόσυρος
1384 1832 1484 1882 apud

814 1885 976 1932 Hesych.
999 1885 1012 1921 l
1035 1899 1071 1936 p.
1094 1886 1201 1933 847,
1232 1888 1278 1924 ob
1300 1888 1486 1937 digamma

813 1940 1015 1988 Aeolicum,
1044 1942 1187 1992 opinor,
1215 1945 1409 1982 adiectum.
1452 1945 1484 1982 E

813 2011 947 2047 graeco
983 2003 1105 2047 etymo
1149 2013 1284 2039 nomen
1317 2011 1485 2052 repetere

813 2056 938 2093 studet
973 2055 1110 2094 Alberti
1153 2058 1396 2109 ad'Hesych.
1437 2059 1481 2106 1.;

813 2112 850 2148 in
890 2125 963 2161 quo
998 2113 1219 2164 explicando
1257 2128 1332 2152 non
1364 2117 1481 2166 magis

814 2168 1013 2207 Pellutiero
1083 2172 1301 2211 successisse
1360 2175 1485 2211 scribit

814 2224 1044 2273 Larcherus,
1086 2228 1149 2277 qui
1185 2229 1267 2280 ipse
1303 2242 1484 2268 memora-

815 2282 923 2320 bilem
945 2284 1218 2335 inscriptionem
1231 2287 1371 2336 profert
1390 2288 1486 2325 inter

815 2339 1006 2378 Gudianas
1036 2354 1120 2392 pag.
1157 2344 1210 2383 56
1243 2355 1296 2380 nr.
1331 2347 1378 2389 2,
1418 2345 1480 2381 ubi

816 2393 1058 2451 Οἰτόσκυρος
1085 2411 1290 2448 cognomen
1310 2401 1482 2439 tribuitur

812 2452 956 2493 Dianae
1009 2460 1047 2494 et
1096 2455 1258 2506 Apollini
1306 2456 1477 2495 Mithrae.

811 2510 955 2548 Rittero
984 2518 1133 2562 auctore
1163 2512 1298 2564 (Erdk.
1327 2515 1358 2551 ll
1388 2528 1475 2565 pag.

813 2568 907 2607 906.
941 2568 1101 2607 Vorhall.
1125 2583 1211 2620 pag.
1234 2573 1329 2612 208.
1361 2573 1473 2617 268),

812 2625 875 2674 qui
912 2624 1093 2676 Apollinis
1128 2627 1345 2676 Scytharum
1386 2627 1477 2664 Dia-

811 2694 957 2731 naeque
988 2686 1122 2722 cultum
1148 2685 1196 2721 ad
1225 2683 1349 2721 Indica
1378 2682 1475 2719 Solis

812 2752 856 2777 ac
875 2738 1005 2778 Lunae
1024 2742 1139 2779 refert
1158 2752 1280 2787 sacra,
1309 2736 1474 2777 Οἰτόσυ-

812 2810 882 2849 ρος
908 2811 935 2835 s.
958 2793 1194 2849 Γοιτόσυρος
1216 2809 1288 2833 non
1307 2795 1397 2833 alius
1418 2799 1475 2834 est
