1946 3272
517 224 572 264 74
917 227 1389 266 HERODOTI

515 348 644 384 κατο,
681 333 863 389 πέμπων
900 351 945 378 τε
975 337 1117 390 δῶρα,
1155 338 1229 380 καὶ
1259 336 1489 392 δεκόμενος
1525 337 1635 381 ἄλλα
1673 339 1781 393 παρ’

486 403 698 448 3ἐκείνου.
755 405 825 448 Ἐν
854 407 997 466 χρόνῳ
1029 409 1073 451 δὲ
1104 407 1234 465 ὀλίγῳ
1265 408 1420 452 αὐτίκα
1450 413 1530 452 τοῦ
1557 409 1839 464 Πολυκρά-4Ο

514 492 608 527 τεος
636 478 689 519 τὰ
717 478 945 533 πρήγματα
977 477 1152 530 αὔξετο,
1185 480 1257 522 καὶ
1286 476 1340 535 ἦν
1370 481 1591 537 βεβωμένα
1625 479 1709 523 α’νά
1737 497 1782 524 τε

486 546 600 602 4τὴν
636 546 823 604 Ἰωνίην,
877 550 950 592 καὶ
995 551 1074 604 τὴν
1122 547 1257 606 ἄλλην
1295 551 1485 594 Ἑλλάδα.
1547 551 1656 596 ὅκου
1695 552 1780 607 γάρ

515 616 680 662 ἰθύσειε
724 619 1058 673 στρατεύεσθαι,
1109 619 1250 664 πάντα
1292 625 1334 665 οἱ
1372 623 1522 678 ἐχώρεε
1560 622 1782 679 εὐτυχέως.

511 688 661 745 ἔκτητο
708 690 753 733 δὲ
791 690 1161 748 πεντηκοντέρους
1205 708 1248 735 τε
1287 691 1463 743 ἑκατὸν,
1510 695 1582 736 καὶ
1617 697 1782 750 χιλίους

456 832 518 880 qui
549 832 617 869 hoc
647 844 794 880 quoque
824 830 902 868 loco
932 844 1004 868 una
1037 846 1117 869 cum

454 887 588 924 Aldina
605 888 749 924 exhibet
770 887 931 937 ξεινίην.
976 888 1027 925 Ac
1051 890 1118 925 du-

455 943 633 980 bitaverat
650 945 697 980 de
714 945 830 980 forma
843 944 993 994 ξεινηΐη
1008 945 1118 981 lVes-

453 999 595 1048 seling.,
626 1012 847 1048 quamquam
869 1013 992 1037 vocem
1016 1016 1116 1039 πτω-

453 1056 545 1106 χηῖῑη
567 1056 593 1102 I,
611 1058 664 1096 80
686 1069 707 1092 a
726 1056 913 1093 Gummio
934 1057 1117 1107 prolatam

453 1112 525 1148 huc
543 1113 662 1149 minus
683 1114 865 1163 pertinere,
888 1118 987 1151 recte
1011 1115 1116 1151 vide-

452 1173 512 1205 tur
540 1173 714 1207 statuere.
773 1169 833 1206 'l'u
867 1171 963 1206 cons.
1006 1172 1115 1208 etiam

452 1229 546 1261 nott.
577 1226 624 1262 ad
650 1226 678 1271 I,
703 1223 769 1266 54.
830 1226 940 1269 Quod
969 1227 1004 1263 in
1032 1228 1116 1264 Ste-

452 1281 562 1332 phani
583 1283 746 1331 margine
769 1281 900 1331 legitur
913 1285 1063 1333 φιλίην,
1077 1285 1113 1320 id

451 1351 518 1389 pro
530 1339 854 1388 interpretamento
868 1339 997 1384 habeo,
1015 1341 1114 1389 quod

451 1395 560 1432 eliam
580 1395 688 1445 paulo
707 1400 794 1445 post
822 1400 909 1433 ante
940 1392 1113 1447 συνεθή-

451 1466 545 1489 κατο
558 1452 592 1487 in
604 1452 831 1500 quorundam
849 1452 1018 1490 librorum
1034 1458 1113 1492 tex-

450 1515 525 1545 tum
542 1508 695 1558 irrepsit.
708 1529 757 1535 —
772 1508 831 1546 De
846 1509 979 1555 Amasi,
997 1511 1113 1548 Grae-

450 1577 575 1601 corum
622 1565 887 1601 studiosissimo
928 1568 1022 1603 conf.
1068 1568 1114 1614 II,

454 1622 554 1666 178¹,
585 1621 631 1658 dc
651 1626 838 1671 tempore,
869 1635 942 1671 quo
972 1624 1112 1670 vixerit,

409 1711 412 1716 .
450 1677 607 1714 diximus
627 1678 675 1714 ad
696 1677 723 1723 I,
744 1680 796 1717 30
816 1692 901 1728 pag.
922 1679 989 1719 74.
1044 1680 1112 1716 Cui

449 1734 527 1782 regi
553 1733 800 1782 Pythagoram
829 1734 941 1771 literis
968 1736 1112 1785 scriptis

449 1791 725 1827 commendasse
737 1791 850 1827 sertur
862 1791 1003 1829 Amasis
1014 1793 1113 1843 apud

448 1846 608 1896 Diogen.
630 1846 753 1884 Laert.
777 1848 874 1895 VIII,
900 1850 936 1887 3.

504 1901 572 1941 καὶ
603 1897 655 1952 ἦν
684 1902 903 1954 βεβωμένα]
932 1905 953 1941 i.
977 1918 1007 1942 e.
1037 1907 1112 1941 eins

448 1971 502 1995 res
522 1972 550 1995 s.
578 1960 760 2009 imperium
779 1973 842 2009 per
863 1961 1002 1998 Ioniam
1029 1962 1112 1998 reli-

449 2028 620 2065 quamque
667 2016 857 2052 Graecc'am
904 2018 1112 2055 celebratmn

449 2076 537 2109 erat.
599 2072 654 2109 De
692 2072 875 2110 locutione
909 2075 1004 2112 conf.
1047 2076 1109 2121 VI,

452 2130 543 2167 131.
562 2129 662 2174 VIII,
693 2130 793 2172 1243
821 2131 868 2165 ad
893 2132 1041 2167 somnam
1062 2132 1108 2168 ef.

447 2189 543 2221 nott.
563 2186 610 2221 ad
632 2185 657 2230 l,
678 2187 741 2225 10.
774 2187 865 2222 Cum
890 2192 1009 2224 autem
1028 2188 1061 2223 h.
1085 2187 1107 2224 I.

448 2241 549 2277 Ionia
567 2241 727 2290 reliquae
739 2242 915 2280 Graeciae
929 2245 1109 2292 quodam-

447 2298 558 2334 modo
593 2303 824 2347 opponatur,
856 2300 945 2336 satis
978 2301 1109 2351 opinor

446 2354 533 2391 inde
566 2354 721 2404 perspici
745 2358 900 2404 poterit,
931 2362 1107 2405 quantum

447 2409 506 2446 illo
535 2415 700 2460 tempore
725 2411 793 2447 iam
816 2414 979 2450 floruerit
1005 2413 1108 2450 Ionia.

446 2471 482 2503 et
503 2480 590 2516 prae
613 2467 750 2515 reliqua.
775 2468 927 2505 Graecia
947 2470 1108 2507 eminue-

446 2523 504 2559 rit.
544 2524 654 2566 Quod
676 2524 723 2559 ad
748 2524 905 2572 Samios,
925 2538 1010 2562 vera
1033 2526 1108 2563 He-

444 2580 613 2616 rodotum
666 2581 859 2617 memoriae
903 2581 1109 2631 prodidisse

446 2642 571 2673 monet
610 2636 778 2672 Panoska
807 2636 828 2674 l.
865 2637 885 2673 I.
918 2651 1004 2687 pag.
1039 2640 1106 2685 32,

446 2705 557 2741 quum
577 2693 684 2729 etiam
712 2697 807 2730 teste
826 2694 1043 2743 Thucydide
1066 2708 1108 2731 ac

446 2749 651 2796 Strabone,
682 2748 772 2786 alios
796 2754 835 2786 ut
853 2754 1010 2797 taceam,
1040 2751 1106 2787 sub

446 2805 646 2854 Polycratis
659 2806 811 2856 imperio
829 2806 1034 2844 Samiorum
1049 2820 1105 2844 res

446 2863 602 2900 maxime
616 2863 808 2911 viguerint.
839 2863 938 2908 Quin
956 2863 1107 2902 velante

1175 831 1377 881 Polycratis
1397 836 1554 870 aetatem
1573 833 1666 870 circa
1688 833 1835 885 Olymp.

1176 888 1349 924 XXXVII
1371 892 1408 925 et
1440 888 1508 926 XL
1525 890 1673 925 Samum
1696 892 1836 927 artibus

1174 950 1211 982 et
1243 945 1456 981 commercio
1486 946 1665 992 floruisse,
1695 947 1743 983 ad
1772 946 1836 994 111,

1178 1002 1257 1041 139
1280 1002 1571 1038 monstrabimus.

1233 1053 1330 1096 ὅκου
1362 1054 1436 1108 γσῖρ
1476 1053 1680 1096 ἰθύσειε
1719 1071 1834 1110 στρα-

1173 1110 1378 1164 τεύεσῧαι]
1407 1114 1429 1149 i.
1462 1129 1493 1153 e.
1518 1128 1718 1164 quocunque
1743 1118 1835 1153 enim

1174 1184 1250 1207 cum
1289 1172 1444 1207 exercitu,
1485 1173 1766 1221 proficisceretur
1804 1185 1833 1210 s.

1172 1228 1424 1277 expeditionem
1440 1229 1652 1266 institueret.
1680 1227 1738 1265 Ad
1752 1223 1833 1267 rer-

1173 1284 1256 1320 bum
1289 1279 1424 1322 ἰθύειν
1450 1284 1599 1322 laudant
1620 1285 1645 1332 l,
1667 1285 1747 1326 204
1772 1286 1833 1323 fin.

1171 1340 1250 1386 vll,
1272 1342 1295 1380 8
1329 1339 1365 1391 §
1390 1343 1427 1380 2.

1231 1396 1407 1447 ἔκτητο
1441 1394 1482 1435 δὲ
1508 1413 1543 1435 κ.
1563 1413 1597 1436 τ.
1626 1398 1675 1447 λ]
1707 1398 1831 1436 Plures

1173 1453 1253 1490 libri
1275 1453 1466 1502 ἐκέκτητο.
1525 1454 1605 1490 Nos
1626 1455 1830 1504 Schweigh.

1172 1514 1209 1546 et
1225 1511 1339 1546 Gaisf.
1363 1511 1475 1547 secuti
1494 1523 1627 1547 sumus.
1659 1512 1766 1548 Conf.
1787 1512 1831 1559 II,

1176 1567 1266 1606 108.
1284 1567 1450 1603 Eustath.
1471 1568 1518 1603 ad
1530 1567 1679 1604 Homer.
1692 1567 1731 1604 II.
1745 1581 1830 1620 pag.

1170 1623 1266 1670 759,
1285 1622 1333 1662 41
1361 1637 1387 1659 s.
1401 1625 1496 1670 662,
1517 1625 1580 1664 39.
1620 1624 1672 1660 Ac
1693 1625 1832 1661 monuit

1170 1679 1217 1715 de
1239 1679 1364 1716 Ionum
1384 1679 1452 1715 hac
1469 1680 1584 1716 forma
1603 1680 1761 1717 Fischer.
1782 1681 1831 1717 ad

1171 1734 1318 1772 Weller.
1342 1736 1371 1772 II
1394 1747 1479 1786 pag.
1498 1737 1579 1776 288
1600 1740 1638 1773 et
1657 1736 1760 1784 (nam
1781 1737 1831 1774 ad

1170 1790 1311 1828 Atticos
1335 1805 1482 1841 quoque
1503 1794 1648 1829 transiit
1677 1794 1831 1842 scripto-

1170 1850 1248 1896 res)
1275 1849 1468 1885 Heindorf.
1497 1849 1544 1884 ad
1571 1848 1713 1885 Platon.
1738 1850 1831 1886 Pro-

1169 1908 1286 1953 tagor.
1319 1917 1404 1954 pag.
1430 1906 1522 1944 572.
1554 1904 1611 1941 De
1631 1911 1831 1955 pentecon-

1170 1962 1258 1997 teris
1290 1963 1385 1998 conf.
1407 1961 1433 2007 l,
1459 1963 1534 2000 163
1557 1961 1680 2010 ibique
1698 1967 1790 1999 nott.

1226 2018 1375 2067 χιλίους
1397 2012 1570 2068 τοξότας]
1605 2018 1675 2061 Qui
1700 2031 1830 2057 nume-

1167 2086 1226 2110 rus
1255 2075 1347 2110 iusto
1370 2075 1486 2110 minor
1505 2075 1650 2111 videtur
1667 2074 1827 2113 Larche-

1167 2143 1206 2165 ro
1236 2131 1282 2166 ob
1307 2144 1361 2174 ea,
1392 2143 1486 2179 quae
1508 2130 1571 2175 III,
1593 2133 1645 2171 45
1676 2144 1829 2168 narran-

1166 2191 1236 2233 tur,
1265 2200 1344 2223 cum
1367 2188 1490 2224 decem
1515 2187 1609 2224 mille
1629 2188 1830 2237 stipendia·

1166 2243 1238 2279 rios
1271 2244 1399 2281 milites
1429 2248 1621 2292 tyrannum
1652 2244 1824 2283 habuisse

1164 2299 1275 2335 multo
1293 2301 1339 2337 sit
1364 2300 1596 2350 probabilius.
1646 2300 1827 2365 Equidem

1165 2355 1220 2391 bic
1249 2358 1398 2393 eosdem
1429 2357 1581 2405 intelligi
1614 2362 1724 2406 puto,
1764 2357 1827 2406 qui

1165 2411 1306 2458 111,45
1331 2418 1504 2449 vocantur
1526 2414 1589 2453 τοὲ
1582 2409 1683 2450 dmi
1713 2409 1826 2461 οἰκή-

1167 2474 1241 2513 ”ι’,οι
1271 2469 1293 2505 ἰ.
1314 2482 1344 2506 e.
1369 2469 1539 2505 sale'lletes
1567 2471 1668 2516 regei,
1698 2469 1823 2517 quales

1164 2497 1312 2561 ahoi-um
1338 2531 1573 2573 tyrannorum
1601 2520 1825 2576 δορυφόροι

1163 2580 1273 2628 vulgo
1294 2587 1484 2617 occurrunt
1505 2582 1568 2627 (cs.
1584 2580 1707 2630 l,59)‚
1731 2595 1823 2630 quos

1163 2637 1259 2674 mille
1292 2642 1433 2674 tantum
1461 2639 1572 2674 fuisse
1600 2651 1750 2675 numero
1778 2651 1823 2676 eo

1164 2695 1281 2741 magis
1312 2695 1396 2730 mihi
1425 2695 1464 2730 fit
1493 2695 1685 2741 credibile,
1723 2695 1824 2743 quod

1165 2755 1311 2799 praeter
1328 2750 1439 2788 hosce
1462 2745 1620 2797 τοξότας
1641 2750 1822 2801 οἰκηίους

1163 2805 1223 2842 illo
1261 2806 1341 2844 loco
1375 2812 1703 2845 commemorantur
1741 2805 1822 2846 ἐπί-

1163 2878 1302 2914 κουροι
1335 2864 1550 2914 μισθωτοί,
1581 2864 1709 2901 nu'lites
1742 2877 1821 2901 con·
