1946 3272
615 190 972 246 THALIAJ
1026 208 1087 246 ιη.

1401 217 1483 259 163

206 334 343 361 κοντα
371 317 443 362 καὶ
470 311 738 371 τριηκόσιοι,
769 316 949 373 ἑκάστης
965 314 1131 373 ἡμέρης
1152 314 1212 368 εἷς
1236 317 1479 377 γινόμενος,

203 390 278 433 καὶ
307 388 496 432 τάλαντα
534 384 752 441 ἀργυρίου
792 386 1080 431 πεντακόσια·

1139 386 1311 432 τούτων
1346 404 1482 438 τεσσε-
1495 402 1539 436 30

204 460 397 514 ράκοντα
424 458 503 513 μὲν
534 457 608 501 καὶ
637 457 794 502 ἑκατὸν
824 458 866 510 ἐς
893 458 976 515 τήν
1001 459 1318 516 φρουρέουσαν
1347 463 1483 508 ’ἵππον

199 530 279 588 τήν
308 529 513 584 Κιλικίην
549 528 698 585 χώρην
731 527 1049 587 α’ναισιμοῦτο,
1090 529 1143 575 τὰ
1174 530 1221 576 δὲ
1249 533 1482 589 τριηκόσια

198 601 272 647 καὶ
301 598 509 655 ἑξήκοντα
539 602 715 657 Δαρείῳ
759 600 929 657 ἐφοίτα.
987 601 1125 658 νομὸς
1165 602 1367 658 τέταρτος
1411 602 1483 650 οὗ·

73 667 137 711 91
194 687 281 722 τος.
338 670 439 714 Ἀπὸ
471 671 518 715 δὲ
550 674 818 729 Ποσειδηΐου
845 671 1024 724 πόλιος,
1055 673 1135 730 τὴν
1161 672 1424 733 Ἀμφίλοχος
1454 677 1478 723 ὁ

197 741 442 798 Ἀμφιάρεω
477 745 615 788 οἴκισε
646 743 712 788 ἐπ’
745 743 922 798 οὔροισι
960 750 1075 788 τοῖσι
1107 747 1301 790 Κιλίκων
1327 764 1372 792 τε
1402 749 1478 792 καὶ

197 814 385 870 Σύρων,
433 813 681 871 ἀρξάμενον
728 814 816 860 οἷπὸ
867 815 1027 873 ταύτης
1063 817 1189 874 μέχρι
1229 819 1532 875 Αίγύπτου,35

194 885 310 941 πλὴν
346 888 500 942 μοίρης
529 891 606 943 τῆς
632 885 869 943 Ἀραβίων,
920 893 1056 932 ταῦτα
1096 889 1178 945 γάρ
1216 885 1273 947 ἦν
1311 888 1476 944 ἀτελέα,

166 957 471 1014 Ξπεντήκοντα
510 959 584 1003 καὶ
614 958 840 1016 τριηκόσια
867 958 1059 1004 τάλαντα
1089 960 1233 1018 φόρος
1261 958 1328 1019 ἦν.
1390 963 1480 1008 ἔστι
1537 966 1620 1010 245

195 1085 352 1130 τούτων
398 1085 685 1142 τεσσεράκοντα
730 1087 803 1140 μὲν

136 1145 205 1185 καὶ
236 1143 378 1186 ἕκατόν
402 1162 437 1186 κ.
463 1161 495 1184 τ.
524 1145 585 1197 λ.]
620 1144 691 1197 μὲν
722 1161 802 1184 cum

134 1209 290 1242 recentt.
323 1204 409 1241 edd.
429 1203 557 1241 adieci.
589 1204 709 1252 Vulgo
736 1204 802 1242 ab-

132 1265 201 1300 est.
258 1260 412 1298 Attendi
439 1260 515 1298 vult
541 1260 574 1297 h.
595 1260 616 1297 l.
642 1260 799 1298 Rennel.

131 1316 222 1365 1.Ι.,
251 1321 291 1354 ut
321 1317 357 1354 in
383 1330 471 1366 quo,
502 1318 604 1366 quod
631 1318 799 1369 nuspiam

130 1374 217 1411 alibi
244 1375 463 1421 invenimus,
484 1375 648 1423 equitum
669 1387 798 1412 manus

131 1431 242 1480 regiis
270 1431 446 1481 impensis
471 1432 666 1468 sustentari
696 1432 797 1469 dica-

131 1492 203 1525 tur.
262 1489 426 1525 Fuerunt
448 1489 544 1525 enim
566 1488 633 1525 hac
655 1488 690 1524 in
710 1501 798 1538 pro-

130 1545 248 1582 vincia
275 1546 421 1591 fauces,
453 1558 520 1595 per
550 1558 640 1594 quas
674 1546 797 1582 aditus

129 1602 169 1642 in
197 1601 352 1650 Syriam,
382 1600 610 1652 Aegyptum,
639 1601 798 1651 reliquas

129 1658 319 1696 interiores
340 1660 444 1708 regni
462 1663 586 1709 partes
608 1660 740 1708 patuit,
760 1662 797 1696 et

129 1727 174 1752 ex
197 1715 240 1752 iis
262 1716 348 1765 ipsis
375 1728 499 1752 rursus
520 1716 556 1751 in
580 1715 703 1752 Asiam
728 1716 796 1752 mi-

129 1784 266 1809 norem.
314 1772 355 1808 ln
374 1772 503 1810 Xerxis
523 1772 638 1822 copiis
660 1772 794 1809 Cilices

128 1840 206 1866 non
235 1834 505 1874 memorantur3
543 1833 685 1865 centum
712 1834 795 1865 tun-

127 1888 207 1922 tum
231 1898 342 1923 naves
364 1886 588 1924 exhibebant
617 1885 700 1931 Vll,
726 1887 793 1925 91.

127 1963 185 1970 ——
215 1944 362 1991 φοιτᾶν
399 1943 447 1980 de
480 1942 616 1979 tributo
649 1943 794 1988 dicitur,

127 1999 229 2048 quod
249 2000 287 2036 in
308 2000 449 2048 regium
474 2000 571 2036 redit
599 2000 792 2037 aerarium.

126 2055 237 2094 Conf.
258 2055 304 2103 V,
328 2058 380 2096 17
402 2055 483 2093 coll.
511 2055 592 2102 Vll,
612 2057 677 2097 23.

349 2147 381 2184 C
391 2160 411 2184 a
421 2161 455 2197 p.
473 2146 572 2183 XCI.

179 2219 341 2272 'Amida
365 2226 613 2276 Ποσειδηΐου
634 2221 788 2275 πόλιος]

123 2280 226 2319 Haec
263 2283 348 2320 urbs
392 2284 585 2323 duodecim
625 2283 790 2322 milliaria

123 2339 313 2377 meridiem
333 2353 457 2377 versus
482 2345 538 2378 est
562 2341 632 2377 sita
653 2340 700 2377 ab
724 2353 788 2378 ex-

124 2398 241 2432 tremo
262 2397 343 2433 sinu
362 2397 486 2444 Issico,
508 2398 568 2434 ubi
586 2396 696 2446 vulgo
720 2398 784 2434 Ci-

124 2449 226 2490 liciae
252 2460 290 2492 et
310 2454 439 2502 Syriae
465 2455 554 2491 fines
580 2459 789 2504 ponuntur;

125 2519 216 2556 quos
236 2510 333 2560 ipsos
359 2511 545 2548 Herodoti
567 2515 689 2549 aetate
711 2524 789 2548 ma-

127 2563 182 2612 gis
211 2577 317 2614 quam
338 2572 470 2617 postea
492 2568 680 2605 meridiem
707 2581 788 2605 ver-

127 2632 187 2656 sus
205 2625 513 2670 porrectosfuisse
532 2624 703 2662 credibile
715 2629 784 2662 est.

127 2676 185 2712 Cf.
214 2677 340 2726 Steph.
370 2680 460 2730 Byz.
492 2695 520 2718 s.
548 2694 580 2718 v.
622 2701 673 2707 —
724 2681 784 2719 De

126 2732 372 2782 Ampln'loclm,
412 2742 494 2775 vate
533 2737 785 2784 celeberrimo,

125 2789 197 2824 vid.
218 2789 373 2828 Pausan.
394 2793 438 2839 ll,
466 2797 528 2835 18.
557 2796 622 2833 20.
649 2795 695 2842 V,
719 2798 782 2836 17.

125 2844 200 2888 Qui
219 2845 314 2883 idem
341 2847 377 2884 in
398 2849 525 2888 Cilicia
546 2849 705 2888 Mallum
724 2865 784 2888 ur-

861 1090 943 1127 bem
956 1090 1165 1127 condidisse
1181 1091 1306 1141 fertur,
1321 1096 1414 1131 teste
1427 1095 1531 1132 Stra-

861 1147 947 1183 bon.
968 1147 1056 1184 XIV
1085 1160 1120 1197 p.
1150 1149 1231 1188 675
1259 1161 1289 1184 s.
1321 1162 1358 1199 p.
1383 1152 1466 1192 993
1485 1151 1531 1189 A.

858 1203 1013 1240 Lucian.
1042 1203 1239 1241 Alexandr.
1275 1202 1311 1255 ἓ
1335 1208 1388 1246 29
1418 1207 1527 1245 Tom.

858 1260 892 1296 V
909 1272 995 1310 pag.
1019 1261 1074 1300 92
1098 1261 1156 1297 ed.
1177 1260 1274 1311 Bip„
1293 1260 1382 1299 aliis.
1427 1264 1529 1308 Quin

857 1315 1062 1367 Pamphylii
1086 1317 1133 1354 ab
1161 1317 1203 1353 iis
1229 1318 1382 1356 Graecis
1416 1320 1530 1370 origi-

856 1386 941 1411 nem
962 1373 1108 1411 trahere
1129 1374 1355 1422 dicebantur,
1374 1377 1436 1425 qui
1455 1377 1527 1416 hoc

855 1430 936 1480 ipso
973 1428 1217 1480 Amphilocho
1247 1436 1286 1469 et
1319 1432 1526 1473 Calchante

855 1487 1009 1524 ducibus
1023 1492 1110 1537 post
1121 1487 1273 1525 Troiam
1284 1494 1429 1538 captam
1449 1491 1527 1528 dis-

853 1544 953 1594 persi
975 1543 1046 1581 alio
1064 1545 1200 1582 suerint
1221 1545 1380 1595 appulsi.
1412 1547 1522 1585 Conf.

852 1600 996 1639 Herod.
1022 1601 1101 1648 VH,
1130 1602 1196 1641 91.
1226 1602 1350 1639 strab.
1373 1602 1460 1641 XIV
1484 1618 1522 1655 p.

853 1656 937 1697 642
952 1670 1037 1707 pag.
1060 1658 1134 1699 951
1162 1659 1204 1695 C.
1232 1678 1283 1685 —
1310 1658 1410 1705 „De
1432 1660 1524 1699 Am-

851 1714 1037 1764 philocho‚
1063 1715 1099 1750 in
1133 1715 1231 1752 cuius
1255 1713 1372 1752 locum
1400 1717 1521 1754 infau-

851 1775 911 1807 sta
927 1783 1055 1808 manus
1074 1771 1307 1808 Antilochum
1335 1772 1521 1821 intulerat,

851 1828 922 1864 vid.
948 1827 1069 1868 Iacob.
1088 1829 1138 1865 ad
1159 1827 1313 1865 Luciani
1334 1828 1435 1867 Alex.
1455 1830 1477 1867 l.
1497 1830 1519 1868 l.

848 1897 885 1935 p.
904 1884 953 1925 41
976 1897 1030 1933 sq.
1050 1889 1087 1922 et
1111 1898 1147 1935 p.
1171 1887 1249 1926 126
1272 1888 1359 1934 sq.“
1389 1885 1461 1924 Cr.

908 1936 1135 1991 ἄρξᾶμενον
1155 1936 1235 1980 α’πό
1260 1938 1420 1993 ταύτης]
1443 1943 1466 1981 i.
1486 1956 1518 1982 e.

851 1998 944 2048 quod
980 2000 1111 2035 attinet
1155 1998 1204 2034 ad
1243 2011 1374 2036 omnem
1411 2002 1518 2040 istum

851 2058 1005 2092 tractum
1037 2069 1060 2092 a
1091 2054 1284 2092 Posidonio
1320 2070 1430 2107 usque
1467 2058 1518 2094 ad

849 2114 1015 2163 Aegypti
1023 2113 1122 2162 fines
1136 2116 1345 2162 porrectum.
1394 2114 1517 2151 Minus

849 2175 937 2219 apte
958 2182 1037 2206 cum
1057 2170 1238 2220 participii
1263 2183 1331 2207 usu
1351 2169 1516 2209 Larche-

850 2239 910 2263 rus
952 2230 1142 2276 comparat
1178 2227 1371 2277 participia
1411 2226 1517 2276 δέον,

845 2279 949 2330 ἐξόν,
979 2277 1122 2333 παρόν.
1181 2282 1241 2320 De
1261 2284 1404 2322 Arabia
1420 2286 1517 2322 conf.

845 2340 910 2386 Ill,
930 2343 966 2380 7.
983 2340 1020 2379 8.
1043 2341 1109 2380 88.
1142 2339 1370 2389 lntelligitur‚
1390 2342 1516 2389 credo,

845 2398 876 2434 is
898 2402 1017 2435 terrae
1041 2400 1193 2443 tractus,
1213 2397 1274 2445 qui
1298 2398 1437 2435 medius
1455 2399 1514 2435 in-

845 2458 903 2491 ter
918 2453 1127 2503 Aegyptum
1145 2458 1181 2490 et
1199 2453 1446 2492 Palaestinam
1459 2459 1515 2493 est

844 2512 950 2558 situs,
968 2510 1155 2557 Idumaea,
1167 2523 1261 2558 quae
1272 2510 1380 2560 vulgo
1402 2524 1514 2550 voca-

842 2572 915 2614 tur,
935 2571 971 2605 et
989 2568 1173 2604 desertum
1191 2567 1284 2604 inter
1306 2568 1450 2605 Gazam
1473 2572 1511 2606 et

842 2625 1038 2662 Pelusium.
1070 2624 1177 2660 Conf.
1204 2623 1359 2662 Rennel.
1386 2624 1409 2660 l.
1427 2625 1450 2662 l.
1473 2638 1510 2675 p.

843 2680 937 2723 490.
978 2680 1039 2718 De
1065 2680 1180 2732 Syria
1202 2680 1414 2717 Palaestina
1437 2681 1509 2717 vid.

842 2739 907 2785 ΙΙΙ,
927 2739 951 2778 5
971 2741 1007 2775 et
1029 2738 1175 2784 V11,89
1197 2737 1278 2774 coll.
1296 2738 1337 2774 F.
1350 2738 1398 2773 H.
1413 2736 1508 2774 Miil-

842 2794 904 2833 ler.
936 2794 995 2832 De
1023 2795 1125 2831 rebb.
1150 2794 1298 2831 Samitt.
1329 2791 1507 2840 (Beroliu.

844 2853 973 2898 1831)
993 2863 1081 2901 pag.
1097 2853 1164 2891 27.
1269 2903 1285 2919 *
