1863 3256
390 139 476 178 466

361 243 508 300 ὅπρός
549 243 800 303 ἄπηλιῶτηυ
841 249 1004 302 ἄνεμον

393 320 623 372 Σκυθικῆς
658 318 711 361 τὰ
749 317 831 361 δύο
874 318 1006 373 μέρεα

336 468 411 495 σαν
431 453 508 508 τήν
531 453 628 507 πρὸς
647 450 879 505 ἀπηλιώτην
902 451 995 494 ἅνε-

336 528 413 565 μον
448 508 622 562 κατήκει.
692 510 772 548 Nec
809 512 907 549 euim
950 512 998 549 de

337 570 449 617 urbe,
490 570 554 605 sed
578 569 624 604 de
640 567 791 615 regione
808 563 998 619 κατήκειν

336 627 409 663 dici
469 627 753 662 consentancum
813 629 889 668 est;
961 629 999 662 et

342 682 570 720 Chersonesus
627 680 735 728 urbs,
826 694 899 718 non
962 682 1000 718 in

341 737 508 775 orientali
564 736 630 773 sed
688 737 726 773 in
783 737 1001 775 occidentali

340 791 578 844 paeninsulae
626 797 734 842 parte
784 794 854 830 sita
910 798 999 831 erat.

341 849 439 886 Nam
461 849 563 898 quod
583 847 788 886 Larcherus
808 850 880 896 ait,
921 862 1002 887 esse

343 905 610 943 Chersonesum
631 905 757 942 urbem
775 905 812 942 in
835 906 1004 943 occiden-

344 961 406 998 tali
435 962 584 1010 quidem
617 965 723 1011 parte
754 962 1004 1011 paeninsulae,

343 1018 411 1055 sed
429 1018 476 1055 ab
497 1018 636 1055 oriente
654 1018 845 1066 Scythiae,
874 1019 911 1055 id
928 1031 1004 1055 rem

344 1086 420 1111 non
435 1074 600 1111 conficit:
624 1075 771 1122 etenim,
794 1076 894 1124 quod
905 1087 1006 1112 mare

342 1130 400 1168 hic
429 1127 503 1182 τήν
532 1127 632 1182 πρός
662 1126 892 1182 ἆπηλιώτην
921 1126 1005 1170 θά-

343 1189 495 1226 λασσαν
514 1191 644 1235 vocat,
686 1188 783 1225 idem
802 1201 902 1226 mare
920 1200 1005 1226 mox

343 1240 419 1294 τήν
455 1241 552 1296 πρὸς
585 1241 660 1295 τήν
701 1240 763 1294 ηἀἰ
791 1245 901 1292 dicit,
943 1245 1005 1281 ubi

343 1299 442 1337 haud
473 1300 584 1338 dubie
619 1300 705 1337 illud
738 1314 860 1348 mare,
904 1301 1004 1351 quod

344 1357 391 1393 ab
422 1357 564 1395 oriente
593 1357 815 1395 Chersonesi
851 1359 1005 1408 paenin-

344 1412 446 1450 sulae
473 1419 548 1460 est,
585 1413 823 1462 intelligitur,
872 1427 1004 1464 nempe

343 1467 501 1505 Maeotis
526 1466 707 1521 palus,*)
758 1482 869 1519 quam
908 1470 1003 1507 haud

343 1524 457 1562 multo
484 1526 661 1562 minorem
691 1526 772 1575 ipso
791 1525 910 1562 Ponto
930 1527 1004 1562 Eu-

343 1581 428 1618 xino
446 1594 525 1619 esse
551 1581 635 1630 (W,
657 1581 731 1629 86)
753 1582 919 1632 Scriptor
938 1595 1006 1619 no-

334 1641 422 1674 ster
469 1638 786 1675 existimaverat.“
866 1638 935 1675 His
983 1651 1006 1675 a

344 1693 692 1743 Schweighaeusero
742 1694 881 1742 allatis,
938 1694 1007 1732 hoc

345 1763 458 1787 unum
488 1751 647 1797 addam,
696 1750 743 1789 de
772 1751 1006 1789 Chersoneso

344 1807 434 1844 urbe
463 1819 558 1856 quae
583 1808 682 1857 apud
700 1808 921 1845 Strabonem
942 1808 962 1844 Ι.
983 1807 1005 1845 Ι.

343 1862 535 1912 leguntur,
575 1864 722 1901 minime
758 1864 806 1901 ad
829 1865 1003 1902 Herodo-

344 1923 421 1957 tum
440 1920 565 1957 referri
583 1933 706 1970 posse,
736 1933 814 1957 cum
834 1921 883 1958 ad
897 1921 1003 1958 Cher-

345 1989 503 2013 sonesum
525 1977 642 2013 urbem
664 1978 893 2026 pertineant,
926 1978 1004 2016 He-

344 2033 586 2071 racleotarum
602 2033 794 2081 coloniam,
809 2033 1002 2072 Herodoto

343 2089 500 2140 (quippe
517 2094 604 2140 post
621 2089 723 2127 cuius
741 2095 901 2128 aetatem
917 2104 1003 2128 con-

345 2146 458 2183 ditam
477 2159 558 2184 esse
578 2148 750 2194 narrant)
780 2160 930 2197 prorsus
950 2149 1006 2185 in-

344 2203 543 2251 cognitam,
565 2204 601 2239 in
612 2203 830 2241 occidentali
850 2206 1004 2254 paenin-

344 2258 443 2296 sulae
463 2263 591 2308 parte,
629 2272 747 2310 prope
773 2259 913 2308 locum,
943 2262 1006 2310 qui

344 2327 440 2351 nunc
480 2320 629 2352 vocatur
670 2316 886 2366 Sevastopol.
946 2318 1004 2356 De

344 2383 418 2419 quo
446 2383 562 2421 nuper
580 2371 721 2420 Anglus
748 2374 1005 2422 peregrinator

341 2425 484 2473 retulit,
534 2428 634 2478 apud
672 2428 700 2466 Ι.
741 2429 789 2465 G.
825 2430 1004 2467 Sommer.

341 2482 609 2520 Taschenbuch
629 2483 850 2524 z.Verbreit.
872 2498 1001 2535 geogr.

340 2539 568 2577 Kenntnisse
599 2542 706 2581 1832
740 2553 776 2590 p.
812 2543 892 2581 110
925 2554 1000 2591 seq.

342 2595 401 2633 Cf.
426 2595 611 2633 Mannert.
639 2597 687 2633 lv
721 2610 756 2647 p.
786 2598 867 2637 296
899 2611 999 2648 seqq.

789 138 1262 177 HERODOTI

1043 245 1233 304 κατήκει.
1300 245 1422 289 ’Ἐστι
1463 246 1548 301 γάρ
1588 251 1662 303 τῆς

1047 322 1135 360 τῶν
1170 318 1317 372 οὔρων
1355 316 1398 367 ἐς
1427 314 1662 360 θάλασσαν

1056 456 1150 493 Cum
1172 467 1244 504 quo
1266 456 1398 493 eodem
1417 452 1479 508 ¹(p.
1503 455 1597 498 294.
1623 455 1719 505 105)

1056 512 1262 561 intelligere
1283 513 1391 550 etiam
1413 512 1536 550 licebit
1559 513 1719 551 Cherso-

1056 582 1184 606 nesum
1216 568 1251 606 T
1254 569 1421 606 racheam
1454 582 1528 606 non
1557 574 1632 607 tam
1673 569 1720 605 de

1057 630 1140 663 tota
1160 624 1388 675 paeninsula,
1413 638 1521 674 quam
1542 626 1588 664 de
1601 626 1721 662 orien—

1057 682 1120 718 tali
1133 682 1225 718 illius
1238 686 1353 732 parte.
1363 703 1419 709 —
1430 680 1490 718 Ad
1501 683 1612 720 verba
1624 678 1721 732 πρὸς

1060 734 1291 788 ἀπηλιώτην
1320 735 1470 788 ἄνεμον
1497 739 1623 785 cf.1v‚
1653 742 1718 779 22.

1104 791 1217 832 ’Ἐστι
1236 792 1310 845 γάρ
1330 796 1401 843 τῆς
1428 797 1640 845 Σκυθικῆς
1670 790 1718 832 τοὶ

1061 845 1136 888 δύο
1159 848 1276 901 μέρεα
1297 865 1332 887 κ.
1353 866 1382 888 τ.
1403 849 1452 900 λ.]
1484 852 1621 889 Sensus
1644 855 1719 887 est:

1064 906 1236 957 Scythiae
1266 910 1381 943 terrae
1402 909 1498 957 fines
1527 908 1666 944 duabus
1696 919 1721 943 a

1057 964 1220 1012 partibus
1275 963 1324 999 acl
1374 975 1470 1000 mare
1517 965 1720 1014 pertinent,-

1062 1020 1156 1068 sive,
1186 1024 1225 1056 ut
1248 1020 1342 1056 bene
1366 1021 1545 1070 expressit
1568 1019 1720 1069 Lange:

1061 1075 1266 1124 „Namlich
1303 1076 1555 1125 Scythenland
1591 1079 1722 1125 grenzt

1063 1145 1109 1170 an
1143 1133 1233 1170 zwei
1265 1132 1547 1171 verschiedenen
1579 1132 1721 1170 Stellen

1063 1202 1109 1226 an
1133 1189 1199 1225 das
1220 1189 1349 1236 Meer,
1389 1195 1464 1228 erst
1490 1202 1612 1239 gegen
1632 1188 1722 1225 Mit-

1061 1250 1126 1294 tag
1159 1245 1236 1282 und
1266 1246 1363 1282 dann
1396 1259 1518 1295 gegen
1549 1245 1720 1295 Morgen,

1061 1303 1130 1339 wie
1177 1303 1237 1339 die
1275 1301 1502 1339 Landschaft
1541 1302 1722 1340 Attika.“

1061 1358 1383 1402 Quemadmodum
1445 1359 1540 1396 enim
1609 1357 1722 1409 (haec

1059 1415 1204 1451 videtur
1248 1427 1329 1452 esse
1369 1416 1553 1465 scriptoris
1591 1410 1719 1463 mens)

1061 1471 1255 1508 Suniacum
1269 1471 1390 1519 iugum
1404 1472 1441 1507 in
1458 1471 1599 1508 Atticae
1610 1482 1722 1521 paen-

1062 1527 1178 1564 insula
1212 1528 1307 1563 intra
1338 1540 1440 1564 mare
1466 1527 1652 1576 Aegaeum
1673 1527 1722 1563 si-

1060 1596 1221 1632 numque
1236 1584 1450 1621 Saronicum
1482 1584 1665 1633 prominet
1682 1583 1721 1619 in

1063 1652 1186 1686 mare,
1226 1644 1262 1676 et
1280 1641 1593 1688 quemadmodum
1614 1640 1721 1690 lapy-

1063 1697 1160 1744 gium
1181 1697 1469 1746 promontorium
1488 1698 1584 1733 intra
1603 1697 1721 1733 sinum

1062 1753 1319 1789 Brundisinum
1341 1758 1452 1803 atque
1464 1753 1670 1791 Tarentum
1684 1753 1721 1789 in

1062 1821 1162 1846 mare
1195 1809 1430 1860 producitur,
1494 1809 1662 1848 similem·
1683 1808 1722 1845 in

1060 1866 1208 1903 modum
1247 1865 1405 1904 Taurica
1447 1865 1661 1917 paeninsula
1700 1877 1722 1903 e

1060 1922 1212 1972 Scjthia
1255 1923 1292 1958 in
1332 1922 1491 1960 Pontum
1538 1923 1721 1960 Euxinum

1059 1983 1230 2030 porrecta
1268 1982 1347 2026 est,
1392 1980 1564 2028 utrinque
1604 1979 1721 2017 cincta

1060 2036 1161 2072 mari.
1222 2035 1332 2072 Unde
1361 2037 1448 2073 satis
1477 2040 1535 2074 est
1566 2036 1720 2073 manife-

1060 2096 1180 2139 stum,
1213 2105 1288 2129 non
1315 2096 1518 2129 accuratam
1540 2091 1721 2129 Tauricae

1061 2148 1300 2199 paeninsulae
1349 2149 1503 2186 formam
1546 2148 1721 2186 Nostrum

1062 2209 1184 2243 mente
1242 2210 1459 2255 conceptam
1526 2204 1719 2248 habuisse3

1061 2261 1197 2310 alioqui
1219 2262 1312 2298 enim
1324 2263 1380 2298 vix
1397 2261 1601 2297 istiusmodi
1620 2273 1721 2297 com-

1061 2318 1270 2369 parationes
1301 2317 1490 2354 instituere
1528 2318 1720 2366 potuisset,

1060 2379 1101 2411 ut
1122 2380 1220 2411 recte
1238 2374 1373 2410 iudicat
1396 2373 1573 2410 Niebuhr.
1595 2374 1718 2411 Verm-

1059 2429 1207 2467 Schrist.
1231 2429 1242 2465 l
1270 2443 1305 2479 p.
1331 2431 1421 2470 157.
1464 2429 1559 2466 Add.
1588 2430 1719 2467 Ukert.

1061 2487 1198 2534 Geogr.
1227 2486 1262 2522 d.
1287 2486 1352 2522 Gr.
1382 2499 1415 2522 u.
1438 2485 1546 2523 Rom.
1570 2486 1604 2533 1,
1636 2490 1663 2528 2
1682 2499 1717 2536 p.

1060 2544 1125 2582 67.
1168 2542 1331 2578 Produnt
1353 2547 1472 2578 autem
1495 2542 1588 2580 tales
1617 2556 1716 2580 com-

1058 2599 1265 2648 parationes
1277 2599 1503 2648 scriptorem,
1529 2599 1591 2648 qui
1601 2599 1719 2637 Grae-

433 2695 466 2735 Ἴ
498 2697 544 2727 ita
578 2706 700 2736 quoque
731 2698 848 2737 accipit
879 2697 1024 2728 wicker.
1063 2697 1162 2737 M3t'u.
1198 2699 1317 2738 Geogr.
1345 2700 1354 2730 1
1394 2709 1466 2739 pag.
1507 2701 1579 2729 173.
1635 2699 1718 2730 Nam

341 2741 477 2772 Maeotis
502 2753 519 2772 c
544 2746 647 2773 mente
675 2743 849 2777 Herodoti,
890 2744 1053 2783 Scythiam
1087 2745 1127 2773 ab
1154 2745 1276 2774 oriente
1304 2745 1485 2781 includens,
1523 2746 1718 2786 septentrio-

342 2797 411 2818 nem
436 2798 545 2819 versus
571 2790 671 2829 inagis
696 2789 886 2820 extenditur.
934 2790 980 2819 De
1005 2799 1065 2829 quo
1091 2790 1151 2820 vid.
1181 2794 1258 2821 nott.
1286 2791 1327 2821 ad
1352 2791 1411 2827 1V,
1440 2794 1513 2822 101.
