1863 3256
418 140 981 185 MELPOMENE.
1040 142 1102 180 IV.

1309 149 1394 189 415

126 256 202 300 καὶ
232 255 406 299 σελίνου
427 254 670 309 σπέρματος
691 252 764 295 καὶ
787 250 1006 307 ἀννήσου,
1039 251 1404 310 συνεῤῥαμμένην

98 334 120 367 3
134 325 292 376 ὀπίσω,
322 327 396 370 καὶ
416 327 641 381 κομίζουσι
662 324 708 367 ἐν
729 323 870 380 ἁμάξῃ
891 323 933 374 ἐς
953 321 1057 365 ἄλλο
1080 321 1223 373 ἔθνος.

1284 326 1328 365 οἳ
1349 323 1424 366 δἸ

125 397 180 440 ἂν
198 397 528 450 παραδέξωνται
553 396 819 451 κομισθέντα
839 392 917 439 τόν
933 392 1090 448 νεκρὸν
1105 425 1116 444 ,
1147 396 1324 436 ποιεῦσι
1345 410 1399 436 τα

124 485 205 522 περ
240 470 283 512 οἱ
312 466 532 522 βασιλήϊοι
552 467 750 510 Σκύθαι·

810 469 891 509 τοῦ
923 463 1032 515 ὠτός
1063 462 1400 519 ἀποτάμνονται,

123 538 271 591 τρίχας
291 538 628 588 περικείρονται,
641 539 876 593 βραχίονας
896 534 1247 590 περιτάμνονται,
1264 534 1399 591 μέτω-

121 622 208 649 πον
228 606 301 648 καὶ
323 605 423 659 ῥῖνα
442 605 805 660 καταμύσσονται,
838 606 910 649 διοὶ
933 610 1007 661 τῆς
1024 623 1067 649 τε
1091 605 1320 661 ἀριστερῆς
1334 621 1397 661 χε-

95 676 202 730 4ρός
222 675 399 726 ὀϊστούς
425 675 746 730 διαβυνέονται.

805 676 1010 721 ἐνθεῦτεν
1032 679 1077 721 ὁὲ
1097 680 1325 733 κομίζουσι
1347 678 1424 721 ἐνὸ

123 746 262 803 ἁμάξῃ
288 745 366 789 τὸν
385 746 518 789 νέκυν
537 750 617 790 τοῦ
638 747 840 802 βασιλέος
861 749 904 800 ἐς
926 748 1032 792 ἄλλο
1057 750 1189 800 ἔθνος
1211 753 1300 791 τῶν
1321 748 1396 803 ἅρ-

121 828 268 873 χουσι“
303 818 346 860 οἱ
371 816 417 860 δέ
451 829 531 872 σφι
561 817 761 871 ἕπονται,
792 820 833 870 ές
862 821 969 871 τούς
998 820 1214 874 πρότερον
1242 815 1395 875 ἦλθον.

94 888 258 932 5έπεοὶν
277 888 323 931 ὁὲ
342 887 508 939 πάντας
526 891 785 943 περιέλθωσι
803 892 880 935 τόν
899 892 1032 935 νέκυν
1052 895 1323 946 κομίζοντες,
1348 891 1396 934 ἐν

125 961 330 1016 Γέρῤοισι
355 960 512 1015 ἔσχατα
533 963 889 1018 κατοικημένοισί
909 964 989 1005 εἰσι
1010 966 1100 1004 τῶν
1119 962 1287 1005 ἐθνέων
1305 965 1395 1004 τῶν

94 1033 326 1088 ῦόίρχουσι,
350 1031 489 1074 καὶέν
509 1035 608 1089 τῇσι
628 1037 802 1089 ταφῇσι.
834 1035 905 1077 καὶ
927 1034 1086 1086 ἔπειτα,
1114 1032 1245 1076 ἑπεάν
1261 1033 1397 1076 θέωσι
1410 1040 1454 1073 10

122 1104 200 1148 τόν
212 1104 344 1147 νέκυν
367 1103 413 1146 ἐν
434 1106 532 1159 τῇσι
550 1102 714 1158 θήκῃσι
733 1103 802 1146 ἐπὶ
823 1104 1041 1160 στιβάδος,
1066 1103 1396 1159 παραπήξαντες

124 1174 278 1230 αἰχμὰς
314 1174 444 1217 ἔνθεν
472 1173 546 1217 καὶ
586 1174 716 1217 ἔνθεν
754 1179 836 1218 τοῦ
875 1179 1063 1231 νεκροῦ,
1124 1174 1230 1228 ξύλα
1267 1173 1397 1230 ὑπερ-

68 1318 107 1354 et
126 1315 160 1352 in
183 1314 272 1352 Lex.
297 1314 363 1351 Gr.
383 1327 411 1351 s.
433 1326 467 1351 v.
516 1311 628 1364 Apud
649 1313 730 1351 Ho-

64 1385 205 1410 merum
223 1372 298 1409 Od.
320 1370 394 1419 lv,
426 1372 508 1411 603
536 1366 729 1421 κύπειρον

65 1442 242 1478 equorum
271 1432 327 1466 est
357 1428 554 1478 pabuium3
604 1428 665 1465 ubi
699 1427 727 1465 I.

64 1485 116 1523 H.
142 1485 248 1522 voss.
287 1485 398 1522 vertit
431 1485 611 1533 Galgant.
669 1484 729 1522 De

66 1541 276 1579 suffimento
294 1541 339 1578 ab
365 1539 556 1591 Aegyptiis
582 1554 730 1591 quoque

65 1600 104 1636 in
125 1599 338 1635 condiendis
360 1599 598 1636 cadaveribus
622 1598 730 1634 adhi-

67 1656 144 1693 bito
165 1655 259 1692 conf.
280 1655 323 1699 ΙΙ,
346 1656 398 1694 86
419 1655 541 1704 ibique
561 1659 656 1692 nott.
673 1674 730 1682 ——

66 1711 157 1749 Mox
177 1711 304 1761 scripsi
326 1706 508 1762 ἀννήσου
531 1725 552 1750 e
571 1712 727 1749 Floren-

67 1769 144 1806 tino
190 1768 364 1817 aliisque,
414 1769 544 1817 quibus
590 1768 731 1805 accedit

1 1818 5 1832 ³
66 1824 248 1863 Athenaei
279 1825 475 1861 auctoritas
499 1825 552 1861 IX
580 1838 618 1875 p.
647 1826 726 1864 371

65 1881 115 1920 D.
154 1881 274 1929 Vulgo
304 1876 475 1931 ἀνήσου.
515 1881 729 1918 Communis

66 1939 184 1975 forma
219 1934 377 1987 ἐίνηθος
407 1938 443 1974 h.
463 1938 486 1975 1.
520 1937 618 1974 nullo
637 1938 729 1974 libro

67 1995 203 2044 scripto
237 1994 358 2032 allata.
416 1994 638 2043 Intelligitur
664 2007 730 2031 au·-

67 2055 142 2088 tem
169 2051 346 2088 Ancillam
369 2051 577 2100 graveolens
604 2051 729 2098 Linn.,

67 2106 171 2151 Dill;
214 2108 260 2145 de
289 2120 362 2156 quo
390 2109 462 2145 vid.
497 2108 524 2144 Ι.
548 2108 599 2144 Η.
622 2107 729 2145 Voss.

66 2165 116 2202 ad
134 2164 262 2213 virgil.
283 2164 409 2214 Eclog.
433 2165 479 2209 ll,
502 2163 556 2204 48
580 2178 615 2214 p.
636 2167 701 2206 61.

126 2219 196 2259 καὶ
223 2221 428 2270 κομίζουσι
457 2220 500 2260 ἐν
533 2217 666 2275 ἁμάξῃ
693 2236 728 2259 κ.

68 2291 101 2315 τ.
127 2276 187 2328 λ.]
245 2278 350 2315 Haec
381 2291 460 2316 cum
490 2291 592 2315 more
622 2291 730 2326 reges

69 2339 234 2370 mortuos
257 2334 482 2384 sepeliendi,
513 2336 575 2383 qui
594 2335 631 2370 in
651 2335 729 2371 Ta-

70 2390 252 2440 probanes
279 2391 397 2428 insula
417 2393 615 2428 etiamnum
634 2392 731 2428 obti-

71 2452 169 2491 neat,
199 2448 393 2485 convenire
412 2448 582 2485 observat
598 2448 729 2485 Ritter.

71 2501 242 2540 Vorhalle
262 2517 346 2552 pag.
368 2503 462 2546 247.
485 2524 540 2532 —-
564 2504 606 2541 In
624 2517 728 2554 seqq.

70 2558 184 2594 verba
211 2561 284 2597 τοῦ
305 2556 406 2606 ω’τός
430 2556 728 2611 ἀποτάμνονται

72 2613 228 2663 (partem
265 2618 364 2653 auris
393 2619 461 2654 sibi
498 2618 726 2668 abscindunt)

72 2670 253 2719 neglexit,
284 2673 384 2720 quod
401 2675 529 2721 miror,
557 2674 698 2724 Lange.

130 2727 344 2777 βραχίονας
395 2725 726 2782 περιτάμνονται]

71 2783 150 2831 ,,Ιιι
171 2784 344 2834 Scythico
372 2784 472 2824 luctu
500 2788 729 2826 convulnera-

786 1318 872 1351 runt
906 1318 946 1354 et
983 1315 1185 1352 inciderunt
1219 1314 1364 1352 brachia
1405 1316 1454 1352 ad

786 1372 1001 1421 sanguinein
1020 1373 1246 1410 eliciendum.
1278 1373 1373 1409 Vide
1389 1372 1453 1421 Vi,

787 1430 880 1470 59.“
908 1428 1125 1466 Wesselin
1138 1442 1176 1478 g.
1200 1428 1298 1466 Add.
1317 1427 1453 1466 Athen.

785 1485 855 1522 XII
884 1499 922 1536 p.
947 1485 1029 1526 524-
1048 1487 1114 1532 F„
1156 1498 1252 1535 quae
1280 1486 1454 1522 tractavit

785 1541 954 1593 Lennep.
982 1543 1029 1580 ad
1048 1542 1230 1580 Phalarid.
1250 1542 1347 1593 Epp.
1365 1554 1453 1592 pag.

786 1599 854 1640 74.
884 1620 938 1627 —-
978 1599 1090 1642 Quod
1127 1599 1294 1649 sequitur
1330 1613 1450 1636 κατα-

787 1650 1007 1706 μύσσονται
1048 1655 1167 1693 valet:
1218 1656 1289 1692 sibi
1317 1655 1452 1692 dilace-

787 1715 898 1759 rant,
921 1712 1101 1762 fodicant-
1141 1712 1304 1763 Simplex
1325 1707 1451 1763 ἀμύσ-

788 1781 871 1808 σειν
890 1769 962 1817 lll,
987 1771 1053 1809 76.
1079 1771 1172 1810 108.
1222 1769 1282 1805 Ad
1310 1769 1450 1820 διαβυ-

787 1824 947 1865 νέονται
976 1827 1064 1874 (sibi
1085 1824 1328 1876 transfigunt)
1353 1825 1451 1864 conf.

784 1883 841 1931 11,
873 1885 940 1925 96.

846 1993 888 2035 οἷ
906 1992 948 2034 δέ
968 2005 1039 2044 σφι
1061 1992 1241 2045 ἕπονται]
1262 1994 1450 2044 „Scythae

788 2050 831 2091 οἷ
869 2049 1070 2103 βασιλήϊοι
1085 2080 1094 2098 ,
1153 2065 1281 2101 regum
1322 2054 1453 2089 funera

787 2114 979 2157 curantes,
1017 2110 1085 2146 rite
1113 2109 1354 2158 compositum
1392 2121 1453 2145 ca-

789 2166 903 2203 daver
921 2179 1026 2203 curru
1048 2167 1280 2203 devehebant
1301 2164 1339 2211 ἐς
1358 2161 1452 2204 ἄλλο

789 2221 923 2269 ἔθνος.
971 2222 1029 2259 Διί
1057 2236 1140 2271 quos
1162 2224 1315 2272 primum
1337 2223 1453 2258 venis-

787 2283 887 2325 sent,
929 2279 970 2316 lez·
997 2279 1064 2315 soli
1093 2276 1188 2325 τούς
1218 2279 1451 2329 βασιληίους

787 2337 909 2381 secuti,
940 2336 1090 2372 cadaver
1104 2349 1167 2385 per
1184 2335 1349 2384 singulas
1362 2349 1451 2384 gen-

786 2397 839 2429 tes
861 2393 1137 2429 circumductum
1150 2421 1160 2439 ‚
1192 2406 1268 2429 cum
1288 2392 1361 2428 illis
1379 2392 1448 2428 atl-

787 2462 891 2500 eoque
933 2450 1088 2487 Gerrhos
1119 2462 1228 2499 usque
1261 2461 1449 2498 proseque-

787 2507 938 2543 hantur:
978 2505 1103 2556 ταφαὶ
1131 2509 1211 2544 τών
1241 2504 1448 2556 βασιλήων

785 2562 828 2603 ἐν
849 2562 1035 2614 Γέῤῥοισί
1057 2563 1153 2602 εἰσιε
1183 2562 1355 2610 leguntur
1378 2563 1447 2597 ista

785 2620 896 2671 paulo
937 2622 1152 2670 superius.“
1225 2617 1445 2655 radeken.

786 2677 827 2714 In
847 2689 950 2726 seqq.
968 2678 1015 2714 ad
1033 2690 1158 2714 vocem
1178 2670 1330 2728 θήκῃσι
1348 2673 1444 2710 conf.

784 2733 832 2779 Π,
854 2736 931 2779 67,
971 2738 1009 2771 et
1029 2734 1077 2770 ad
1097 2733 1216 2771 ἔνθεν
1232 2730 1300 2768 καὶ
1324 2728 1445 2768 ἔνθεν

785 2788 885 2840 (hinc
906 2790 1029 2836 illinc,
1057 2788 1242 2839 utrinque)
1266 2785 1331 2834 lV,
1354 2784 1446 2826 175.
