1863 3256
435 149 519 189 482

832 116 1302 189 HERODOTI

436 257 508 300 καὶ
547 258 800 314 σιτοφάγοι,
846 259 918 301 καὶ
953 258 1119 311 κήπους
1157 255 1403 312 ἐκτημένοι,
1446 256 1575 302 οὐδὲν
1612 260 1693 316 τήν

407 327 560 384 3ἰδὲην
600 328 767 383 ὁμοῖοι,
808 326 911 370 οὐδὲ
946 325 994 369 τό
1034 331 1196 381 χρῶμα.
1254 326 1338 369 ὑπὸ
1380 327 1527 381 μέντοι
1551 327 1693 384 Ἑλλή-

435 415 526 442 νων
553 399 782 442 καλέονται
809 397 883 439 καὶ
915 398 958 438 οἱ
991 399 1225 449 Βουδῖνοι,
1266 398 1477 449 Γελωνοὶ,
1511 397 1593 441 οὐκ
1624 397 1750 452 (ἔρ-75

408 475 531 521 48039
573 467 839 520 καλεόμενοι.
894 466 953 508 ‘H
986 468 1031 510 δὲ
1071 466 1189 523 χώρη
1229 467 1399 521 σφέων,
1446 467 1565 510 πᾶσά
1605 467 1695 511 ἐστι

437 539 566 594 δασέη
605 540 724 592 ἴδῃσι
762 539 1012 594 παντοίῃσι·
1059 538 1106 581 ἐν
1145 538 1190 581 δὲ
1229 541 1282 594 τῇ
1317 539 1390 594 ἴδῃ
1428 542 1482 594 τῇ
1519 539 1695 595 πλείστῃ

380 695 509 744 quibus
540 692 724 743 φθειρῶν
755 704 906 736 nomen,
946 705 1034 729 con-

380 750 495 787 tendit
518 749 648 787 Rider,
672 748 852 786 Vorhalle.
879 762 915 798 p.
944 748 1035 789 154.

380 806 461 846 459
499 817 579 852 seq,
624 805 785 852 itemque
826 805 926 852 quod
969 804 1034 840 Cr.

379 861 539 906 monuit,
569 861 622 895 vir
650 861 746 896 doct.
776 861 812 896 iu
839 860 940 896 Gistt.
960 860 1036 896 An-

379 918 462 965 zeig
496 919 602 957 1820
625 928 676 952 nr.
687 918 769 957 206
786 929 822 965 p.
836 916 946 957 2052
958 928 1036 964 seq.

379 973 471 1010 Mihi
490 973 558 1009 hoc
578 973 774 1023 speciosius
791 985 899 1020 quam
919 973 1036 1009 verius

379 1030 536 1066 videtur.
585 1029 725 1075 „Quod
763 1027 888 1078 φθεὶρ
936 1029 1040 1076 (sunt

380 1086 491 1123 verba
523 1084 728 1122 Tzsclmek.
769 1086 817 1121 ad
847 1084 934 1122 Mel.
960 1084 984 1123 l.
1014 1083 1038 1120 l.

381 1146 472 1179 nott.
494 1154 624 1189 exegg.
642 1155 678 1191 p.
692 1142 772 1181 626
796 1140 937 1180 Vol.lll
952 1135 1037 1191 kl)

381 1199 429 1235 ‹le
447 1197 612 1247 pediculo
633 1198 732 1247 pisce
752 1198 955 1246 intelligunt
974 1209 1038 1233 au-

381 1258 498 1291 ctores
517 1252 741 1301 Anglicanae
770 1254 940 1291 historiae
958 1253 1037 1289 uni-

381 1310 528 1347 versalis
543 1310 589 1347 T.
610 1310 659 1346 lv
676 1323 713 1359 p.
734 1311 826 1358 128,
847 1310 1036 1358 refragan-

381 1371 440 1402 tur
460 1370 622 1403 veterum
642 1366 868 1403 narrationes
888 1367 1039 1402 adsunt·

381 1434 454 1470 que
475 1422 719 1459 recentiorum
739 1422 786 1459 de
805 1422 840 1459 T
843 1423 951 1459 ataris
972 1422 1039 1459 ho-

382 1479 517 1515 diernis
537 1479 785 1515 testimonia.“
812 1497 869 1506 —-
896 1477 956 1514 Ad
976 1491 1037 1514 vo-

381 1547 459 1571 cem
489 1532 599 1582 ἰδέην
628 1535 665 1570 in
693 1546 797 1583 seqq.
823 1534 919 1571 conf.
945 1538 1038 1572 nott.

381 1591 429 1627 ad
449 1590 501 1635 11,
532 1591 600 1629 77.

343 1661 345 1665 ’
438 1642 550 1683 πᾶσά
568 1645 647 1684 ἐστι
670 1643 791 1695 δασέη
816 1644 924 1700 ἴδῃσι
941 1659 1039 1684 παν-

381 1700 526 1755 τοίῃσι]
556 1703 578 1737 i.
597 1715 629 1739 e.
651 1704 760 1738 omnis
778 1706 873 1739 terra
894 1706 943 1738 est
957 1702 1039 1752 fre-

383 1772 490 1808 quens
513 1757 621 1808 sylvis
647 1760 738 1795 omni
756 1760 915 1796 arborum
934 1771 1038 1806 gene-

381 1829 418 1851 re
440 1815 589 1865 referti&
620 1815 728 1858 Quae
750 1816 876 1853 eadem
895 1816 969 1852 sere
987 1815 1038 1851 lo-

382 1873 477 1908 cutio
517 1871 587 1917 IV,
627 1873 681 1912 21
709 1871 788 1908 coll.
825 1872 915 1912 175.
958 1871 1039 1918 Vll,

384 1930 476 1967 111.
506 1927 678 1965 Valcken.
698 1928 747 1964 ad
768 1927 935 1965 Ammon.
953 1941 1038 1978 pag.

384 1983 478 2024 141.
517 1983 560 2020 In
588 1984 728 2021 duobus
754 1984 851 2022 libris
876 1998 956 2021 curn
975 1997 1038 2021 ex-

383 2045 457 2077 stet
485 2039 549 2089 2¹62]
578 2054 618 2078 τε
645 2041 816 2090 παντοίη
837 2041 958 2077 Koen.
988 2040 1037 2076 ad

383 2096 538 2145 Gregor.
559 2097 644 2133 Cor.
665 2096 700 2148 §
713 2098 766 2139 65
787 2098 833 2135 de
854 2097 937 2134 dial.
960 2096 1036 2133 lon.

382 2165 466 2202 pag.
490 2152 571 2192 474
595 2154 748 2190 coniecit
768 2153 834 2208 ἴδῃ
855 2153 1038 2206 παντοίῃ.

439 2208 480 2246 ἐν
523 2206 565 2247 δὲ
604 2211 653 2263 τῇ
689 2209 753 2263 ἴδῃ
793 2212 845 2264 τῇ
876 2210 1037 2263 πλείστῃ

383 2261 463 2302 ἐστὶ
485 2264 602 2314 λίμνη
629 2262 776 2317 μεγάλη
796 2281 836 2305 τε
857 2265 925 2304 καὶ
945 2269 1036 2304 πολ-

382 2316 433 2368 λή
470 2320 537 2358 καὶ
579 2321 663 2367 ἕλος
704 2337 739 2359 κ.
775 2337 806 2360 τ.
845 2323 900 2371 λ.]
941 2322 1037 2360 Ante

381 2376 543 2430 πλείστῃ
570 2390 648 2414 cum
667 2383 813 2415 recentt.
834 2380 920 2416 edd.
942 2379 1038 2415 inse-

382 2433 436 2468 rui
465 2434 536 2485 τῇ,
567 2434 666 2481 quod
692 2433 799 2482 vulgo
819 2435 931 2471 abest.
970 2434 1038 2471 At-

381 2501 454 2537 que
489 2488 553 2538 ῒὸη
589 2490 748 2539 πλείστη
776 2491 906 2527 dicitur
935 2491 1037 2540 sylva

381 2547 594 2591 vastissima,
617 2551 654 2582 ut
673 2548 798 2596 χῶρος
817 2544 955 2592 πολλὸς
977 2546 1036 2593 lv,

382 2601 437 2640 39
468 2602 622 2650 amplus,
653 2605 773 2638 vastus
803 2603 917 2648 locus,
952 2616 1036 2639 mu-

382 2662 492 2693 neute
521 2658 720 2706 Schweigh.
752 2659 799 2694 ad
830 2659 898 2705 lv,
940 2661 1037 2703 125⁴,

383 2714 444 2761 qui
474 2714 507 2749 h.
535 2714 558 2751 l.
587 2715 685 2763 quod
707 2715 815 2751 verba
832 2715 948 2765 λίμνη
972 2729 1037 2764 με·

382 2765 483 2819 assim]
523 2784 563 2809 τε
601 2769 667 2809 καὶ
697 2767 821 2822 πολλὴ
851 2772 1035 2810 reddidit:

1094 688 1193 724 lacus
1212 700 1361 736 magnus
1380 693 1412 725 ct
1432 690 1586 740 altus,
1617 693 1750 729 rectius

1094 745 1203 791 idem,
1228 747 1367 794 opinor,
1390 747 1424 782 in
1449 746 1538 784 Lex.
1557 749 1697 786 Herod.
1721 761 1752 784 s.

1094 813 1125 836 v.
1167 796 1332 848 πολλός,
1381 802 1480 837 lacus
1523 817 1671 853 maguus
1719 807 1751 840 et

1095 856 1288 906 ampla&
1348 857 1404 893 Cs.
1433 857 1521 907 Vll,
1555 864 1605 900 14
1633 859 1752 912 μέγας

1095 910 1162 950 καὶ
1203 910 1390 958 πολλός
1427 912 1567 964 ἐγένεο.
1627 917 1674 953 Et
1700 917 1751 952 ita

1096 968 1328 1013 huncjocuin
1348 969 1451 1006 reddi
1476 971 1576 1009 iubet
1594 971 1752 1009 Letron-

1096 1036 1142 1061 ne
1170 1024 1334 1061 Journal.
1366 1026 1401 1061 d.
1423 1026 1634 1068 Sav.1817
1661 1040 1750 1078 pag.

1095 1082 1162 1121 98.
1179 1082 1244 1121 99.
1287 1080 1489 1118 Heerenius
1519 1084 1649 1131 (ldeen
1667 1084 1695 1131 l,
1723 1088 1750 1125 2

1093 1149 1179 1186 pag.
1204 1138 1284 1176 279
1309 1138 1418 1186 seq),
1449 1152 1543 1187 quae
1564 1141 1676 1190 ipsius
1695 1144 1751 1181 est

1094 1193 1142 1230 de
1171 1193 1398 1230 Budinorum
1429 1196 1574 1232 sedibus
1602 1201 1750 1234 senten-

1093 1248 1164 1296 tia,
1207 1249 1255 1285 ad
1282 1249 1354 1296 lV,
1389 1253 1438 1290 21
1470 1264 1492 1288 a
1518 1253 1623 1289 nobis
1650 1265 1748 1289 com-

1092 1308 1314 1352 memorata,
1365 1307 1496 1344 densas
1539 1308 1657 1357 sylvas
1701 1308 1748 1345 ab

1092 1361 1286 1398 Herodoto
1304 1370 1524 1400 memoratas
1544 1365 1592 1400 ad
1611 1377 1673 1402 eas
1692 1377 1750 1401 re·

1094 1419 1165 1454 fert
1193 1417 1335 1467 sylvas,
1365 1431 1459 1467 quae
1484 1420 1665 1470 hodieque
1683 1433 1749 1472 per

1094 1473 1266 1510 Russiam
1321 1475 1592 1514 meridionalem
1638 1483 1750 1526 atque

1094 1530 1323 1580 potissimum
1358 1531 1396 1566 in
1433 1532 1609 1580 gubernio
1639 1533 1752 1570 Sara-

1095 1589 1168 1622 tow
1207 1591 1351 1623 exstare
1390 1586 1555 1624 dicantur
1590 1589 1753 1626 vastissi-

1095 1654 1199 1688 mae,
1239 1643 1414 1692 optimam
1450 1645 1603 1681 navibus
1640 1646 1753 1682 sabri-

1096 1698 1221 1735 candis
1245 1700 1431 1736 materiam
1464 1702 1753 1751 suppeditantes,

1097 1755 1170 1798 Qui
1204 1754 1302 1792 idem
1329 1755 1351 1791 l.
1383 1755 1404 1792 l.
1433 1769 1519 1807 pag.
1545 1759 1638 1799 280.
1669 1757 1751 1799 305

1093 1814 1229 1848 tractus
1256 1812 1462 1861 superiores
1487 1826 1584 1850 nunc
1613 1827 1634 1851 a
1663 1815 1698 1850 u
1711 1827 1752 1850 o-

1095 1866 1189 1916 gulis
1224 1871 1335 1916 atque
1367 1869 1524 1906 Ostiacis
1555 1874 1751 1921 occupatos

1095 1925 1133 1960 in
1165 1924 1348 1972 guberuiis
1380 1925 1486 1963 Perm
1513 1938 1555 1964 ac
1582 1926 1751 1964 Tobolsk

1095 1981 1144 2017 ad
1170 1985 1363 2029 utrumque
1382 1981 1477 2018 latus
1496 1984 1629 2019 montis
1649 1982 1752 2030 Ural,

1095 2036 1192 2073 unde
1239 2037 1393 2074 maxima
1438 2039 1607 2089 pellium,
1656 2051 1751 2088 quae

1095 2097 1317 2130 mercaturae
1373 2095 1589 2141 inserviant,
1646 2096 1753 2145 copia

1094 2150 1308 2200 proveniat,
1355 2152 1485 2202 respici
1523 2153 1598 2189 vult
1633 2164 1752 2200 eoque

1095 2206 1222 2243 referri
1260 2205 1377 2243 lacum
1413 2208 1469 2244 vel
1497 2210 1620 2258 potius
1647 2209 1752 2257 palu-

1096 2263 1201 2310 dem,
1249 2263 1347 2299 cuius
1391 2264 1489 2314 apud
1521 2265 1751 2301 Herodotum

1095 2319 1158 2355 fiat
1186 2320 1347 2364 1nenti0‚
1379 2332 1458 2356 cum
1481 2321 1561 2358 illae
1583 2321 1750 2369 regiones

1093 2376 1233 2424 stagnis
1269 2374 1535 2425 paludibusque
1569 2377 1752 2426 hodieque

1093 2432 1299 2477 abundare,
1338 2432 1513 2481 simulque
1543 2434 1750 2471 animalium

1092 2488 1353 2537 pretiosissima
1403 2490 1498 2538 pelle
1544 2491 1751 2527 indutorum

1091 2544 1232 2595 copiam
1265 2546 1439 2594 praebere
1467 2547 1644 2583 dicantur.
1701 2548 1752 2584 At

1092 2600 1286 2637 Mannerto
1307 2608 1454 2639 auctore
1476 2603 1526 2639 111
1546 2616 1584 2653 p.
1601 2605 1640 2649 9,
1674 2603 1751 2640 Bu-

1093 2658 1260 2694 dinorum
1296 2659 1402 2695 sedes
1433 2659 1462 2695 si
1496 2660 1544 2696 ad
1573 2660 1750 2697 vistulam

1093 2727 1265 2762 mareque
1297 2714 1473 2752 Balticum
1511 2728 1627 2764 usque
1664 2729 1751 2766 pro-

1092 2777 1328 2817 moveantur,
1389 2772 1563 2810 Poloniae
1615 2771 1750 2821 sylvae,
