1863 3256
528 68 1210 109 MELPOMENE.1V.

106 187 171 230 20
230 192 399 224 νουσαν
435 181 502 223 ἐπὶ
537 176 736 234 ποταμὸν
767 177 956 233 Γέῤῥον.

235 253 319 306 ῥου
359 255 496 295 ταῦτα
536 248 589 304 δὴ
628 249 682 292 τὰ
720 249 968 305 καλεύμενα
1007 246 1223 304 Βασιλήῖά
1261 248 1373 302 ἐστι,
1426 252 1501 294 καὶ
1559 261 1675 321 [1354.

1425 77 1506 116 311

1017 176 1166 233 Πέρην
1196 178 1243 221 δὲ
1275 183 1357 222 τοῦ
1390 181 1496 235 Γέῤ-
1508 189 1527 222 5

1557 194 1602 220 Tr
1646 195 1719 222 θῦε
1725 196 1804 223 rrhui

1574 227 1612 253 Sc
1598 228 1684 268 cyrha
1668 237 1705 256 ae
1731 231 1819 271 regii,

1682 263 1694 296 ]
1732 272 1781 297 «μυ

1606 295 1668 321 eri-1
1674 297 1699 321 ie
1727 298 1801 324 aittn

232 322 412 365 Σκύθαι
452 323 495 364 οἱ
528 318 700 375 α’ριστοί
739 338 782 365 τε
813 322 887 365 καὶ
925 325 1143 372 πλεῖστοι,
1187 320 1262 364 καὶ
1290 322 1394 370 τούς
1423 320 1501 363 ἄλ·
1558 302 1612 419 8).ιῖ
1607 331 1766 420 ἑιὲἰοτξεῑζ»

230 398 333 444 λους
369 393 619 447 νομίζοντες
641 391 834 476 Σκύθας
875 390 1067 443 δούλους
1100 390 1340 447 σφετέρους
1370 388 1497 435 εἶναι
1557 400 1595 419 “¹¹

1560 415 1818 461 [ss]t(

203 462 479 519 Ξκατήκουσι
517 462 563 506 δὲ
600 457 746 513 οὗτοι,
787 461 836 506 τὸ
868 464 948 519 μὲν
976 463 1089 517 πρὸς
1118 464 1414 519 μεσαμβρίην,
1456 463 1500 514 ἐς
1555 468 1613 521 333
1600 469 1656 521 a¹m⁸
1669 468 1796 523 Ῑ5333ῑΙΙ
1744 473 1815 524 33.

228 624 292 665 ἐπὶ
337 621 516 677 ποταμὸν
554 621 720 676 Γέρᾆν]
774 626 831 663 De

170 683 304 721 Gerrho
337 684 432 719 conf.
455 683 516 728 lv,
546 684 610 722 20.
635 683 699 722 56.
737 682 830 719 Plin.

168 740 218 777 Η.
239 738 287 777 N.
310 739 382 786 lV,
411 741 461 779 12
481 739 594 785 (26);
635 739 827 786 „Gerrhus

167 795 346 833 Basilidas
368 800 404 833 et
423 795 615 833 Nomadas
641 797 828 846 separat.“

167 852 290 896 Quem
346 852 548 889 Larcherus
611 851 672 900 (in
733 852 829 889 Tab.

168 909 328 958 Geogr.)
360 923 428 960 pro
458 908 603 946 brachio
628 909 830 958 Borysthe—

166 967 222 1002 nis
248 966 380 1012 habet,
410 965 613 1003 Danvillius
632 965 762 1012 (Mem.
781 967 829 1003 de

166 1022 303 1059 l’Acad.
324 1023 359 1059 d.
379 1023 491 1059 Inscr.
505 1021 649 1059 XXXV
669 1036 706 1072 p.
725 1023 828 1070 581)

165 1091 233 1130 pro
254 1092 297 1116 eo
319 1080 452 1126 fluvio,
496 1079 553 1115 cui
575 1090 671 1116 nunc
693 1091 828 1115 nomen

166 1133 390 1182 Moloszmja
409 1157 426 1162 -
446 1135 549 1171 wocli.
622 1134 661 1171 ln
718 1147 826 1184 quem

164 1192 284 1244 ipsum
305 1193 367 1241 qui
393 1192 512 1229 influit
535 1190 712 1238 Tol-mals,
744 1204 826 1229 eum

163 1261 230 1299 pro
253 1248 398 1286 Gerrho
412 1248 538 1286 haberi
560 1249 639 1285 vult
653 1249 827 1286 Gatterer

163 1304 364 1353 (Abhandl.
402 1318 474 1342 von
516 1304 701 1343 Thracien
739 1309 824 1352 etc„

163 1362 347 1400 iibersetzt
369 1375 402 1399 v.
428 1361 701 1399 Schlichthorst.
730 1362 827 1398 Got-

164 1420 254 1467 ting.
276 1420 396 1459 1800.
415 1421 450 1460 8.
470 1433 506 1470 p.
531 1420 611 1467 19).
657 1418 825 1456 Pluribus

162 1476 211 1513 de
232 1476 300 1512 hoc
314 1477 446 1523 fluvio,
478 1488 633 1525 quocum
655 1476 716 1525 qui
735 1489 826 1513 con-

162 1533 296 1579 veniat,
325 1532 442 1569 nullus
464 1534 539 1569 fere
558 1532 742 1581 hodieque
763 1545 822 1569 re-

160 1589 346 1640 periatur,
390 1590 555 1639 disputat
575 1589 732 1626 Rennel.
755 1589 777 1626 l.
799 1588 823 1625 l.

160 1658 246 1696 pag.
269 1645 374 1692 407,
404 1646 502 1683 cuius
524 1650 741 1694 argumenta
767 1659 823 1683 re-

160 1703 270 1752 petiit
307 1701 403 1739 Miot
433 1703 482 1739 ad
510 1702 545 1738 h.
572 1703 595 1739 l.
638 1703 821 1739 Gerrhum

161 1759 257 1796 enim
289 1763 326 1796 et
353 1760 433 1809 ipse
463 1759 546 1796 olim
578 1759 819 1809 Borysthenis

159 1815 347 1852 brachium
385 1816 499 1853 fuisse
539 1816 745 1866 suspicatur
782 1816 819 1853 in

158 1870 327 1909 Maeotin
360 1885 400 1910 se
442 1885 664 1910 exonerans:
721 1874 821 1921 quod

159 1933 281 1966 tamen
294 1958 305 1977 ,
334 1929 565 1978 Borysthene
585 1930 633 1966 ad
651 1930 821 1967 occiden-

160 1989 235 2023 tem
266 1986 382 2034 magis
413 1987 604 2035 magisque
631 1999 821 2034 converso,

157 2041 336 2093 paulatim
363 2044 459 2092 aqua
490 2043 658 2080 detracta
688 2044 739 2080 ita
759 2056 822 2081 ex-

160 2099 332 2137 siccatum
350 2100 478 2147 fuerit,
516 2105 555 2137 ut
574 2100 622 2137 ad
641 2113 741 2137 mare
760 2113 821 2136 us-

160 2168 231 2205 que
250 2157 441 2207 pervenire
465 2156 618 2206 amplius
638 2170 712 2193 non
731 2170 819 2207 pos-

160 2217 243 2259 set,
293 2214 360 2250 sed
395 2214 432 2250 in
469 2214 642 2263 paludes,
694 2212 820 2263 quales

160 2270 357 2307 etiamnum
370 2271 418 2307 ibi
428 2271 668 2320 reperiantur,
680 2271 822 2307 demer-

160 2331 318 2375 geretur.
362 2327 460 2371 Quin
479 2327 662 2376 hodieque
682 2340 726 2364 eo
746 2327 820 2365 fer-

161 2395 218 2419 me
238 2382 339 2430 loco,
376 2396 450 2432 quo
470 2383 652 2421 Gerrhum
673 2384 763 2421 mari
780 2396 820 2421 se

162 2439 345 2477 miscuisse
379 2440 551 2478 credibile
584 2441 651 2488 sit,
698 2440 820 2491 plures

163 2495 313 2532 inveniri
344 2496 497 2544 rivulos,
544 2497 580 2533 in
612 2497 728 2534 lacum
753 2509 821 2534 an-

162 2555 309 2599 gustum
338 2551 555 2591 Molocznoe
579 2555 820 2601 confluentes,

162 2620 270 2656 quem
289 2608 372 2645 olim
391 2622 470 2646 cum
489 2611 600 2647 maris
621 2623 695 2647 non
713 2610 819 2648 valde

162 2664 296 2700 remoti
313 2664 395 2701 sinu
409 2667 570 2714 quodam
586 2666 818 2704 coniunctum

162 2720 273 2757 fuisse
297 2721 485 2771 probabile
514 2723 572 2762 sit.
632 2722 816 2762 Mannert.

889 626 940 661 lv
955 639 990 675 p.
1011 627 1066 667 96
1099 627 1245 664 fluvium
1269 626 1445 664 Calmz'ztm
1471 637 1554 662 esse

889 683 1062 719 Gerrlium
1114 685 1265 729 statuit3
1323 696 1390 733 pro
1440 683 1552 719 fluvio

888 738 1155 790 Molotsclmyia
1168 740 1279 777 habet
1288 739 1483 777 Relchard.
1494 738 1516 775 l.
1530 738 1550 775 l.

885 809 973 846 pag.
998 796 1046 837 51
1065 825 1074 842 ,
1114 810 1183 846 pro
1205 797 1334 841 fluvio,
1374 796 1434 845 qui
1456 808 1551 832 nunc

887 857 1035 890 vocetur
1053 851 1245 893 Moloczna
1279 853 1356 903 (qui
1376 853 1473 890 idem
1493 856 1551 889 at-

886 922 959 958 que
977 909 1268 958 Molotschnyia)
1280 938 1292 956 ,
1323 909 1458 958 quique
1475 913 1549 946 tam

885 978 1001 1016 prope
1019 967 1198 1003 accedens
1211 968 1258 1003 ad
1268 966 1549 1015 Borysthenem,

886 1027 925 1058 ut
947 1035 1015 1072 pro
1044 1035 1116 1059 uno
1145 1024 1221 1059 eius
1248 1022 1395 1059 brachio
1423 1022 1548 1058 haberi

884 1079 1021 1128 possit,
1058 1079 1093 1114 in
1115 1077 1284 1116 Maeotin
1307 1080 1458 1124 influat,
1484 1078 1549 1115 ha-

886 1135 950 1172 bet
973 1134 1140 1172 volcker.
1163 1135 1184 1171 l.
1206 1135 1227 1172 l.
1254 1148 1340 1185 pag.
1362 1136 1441 1175 176
1470 1147 1546 1184 seq.

883 1190 933 1228 At
962 1191 1095 1228 Germa·
1126 1194 1327 1240 regionem,
1367 1191 1462 1228 infra
1483 1190 1547 1237 IV,

884 1248 937 1288 53
962 1253 1281 1286 commemoratam
1309 1261 1385 1284 non
1410 1248 1481 1284 nisi
1498 1248 1548 1284 ad

882 1304 1151 1353 Borysthenem
1184 1306 1406 1356 superiorem
1432 1317 1548 1354 quae-

881 1362 1035 1399 rendam
1089 1375 1170 1400 esse
1217 1372 1343 1400 censet
1387 1361 1548 1399 Heeren.

880 1417 994 1456 ldeen
1015 1422 1085 1456 etc.
1106 1419 1137 1466 Ι,
1161 1423 1187 1460 2
1206 1432 1291 1469 pag.
1307 1418 1408 1463 2753
1433 1430 1544 1467 quam

881 1474 1067 1512 Mannert.
1087 1475 1137 1512 IV
1155 1489 1190 1526 p.
1211 1479 1264 1516 80
1283 1475 1436 1512 collocat
1453 1488 1542 1524 pro-

880 1544 929 1581 pe
948 1532 1074 1569 urbem
1085 1532 1191 1569 Kiew
1211 1533 1317 1581 eique
1332 1532 1542 1582 oppositam

882 1593 918 1625 et
950 1588 1060 1638 paulo
1098 1589 1215 1638 magis
1254 1589 1540 1638 septentrionem

879 1657 1003 1682 versus
1023 1650 1239 1695 porrectam.
1271 1645 1349 1683 Sed
1371 1644 1432 1683 Tu
1446 1645 1542 1683 conf.

878 1705 972 1739 nott.
996 1703 1044 1739 ad
1068 1701 1129 1748 lV,
1153 1701 1220 1742 53.

1101 1758 1208 1809 Cap.
1238 1758 1320 1794 XX.

934 1816 1058 1853 ταῦτα
1084 1810 1132 1864 δή
1157 1812 1204 1853 w*
1224 1810 1447 1864 καλεύμενα
1466 1815 1542 1852 Βα-

879 1866 1012 1922 σιλήϊοὲ
1041 1870 1135 1921 ἐστι]
1182 1872 1398 1921 lntelligitur
1417 1883 1461 1908 ea
1484 1883 1542 1908 re-

877 1930 960 1977 gio,
998 1941 1108 1978 quam
1128 1930 1240 1978 regii,
1269 1929 1331 1978 qui
1354 1931 1544 1973 vocantur,

879 1985 1039 2035 Scythae
1077 1986 1268 2032 obtinent,
1320 1986 1368 2022 de
1409 1984 1542 2033 quibus

877 2043 972 2079 conf.
993 2042 1056 2088 IV,
1076 2045 1116 2082 6.
1147 2042 1247 2081 Add.
1271 2041 1540 2079 Tzschuck.ad

878 2098 967 2136 Mel.
990 2099 1037 2145 ΙΙ,
1063 2102 1081 2139 1
1102 2103 1196 2139 nott,
1218 2111 1351 2147 exegg.
1371 2110 1457 2147 pag.
1484 2096 1538 2138 53

877 2168 954 2205 seq.
974 2155 1056 2192 Vol.
1078 2155 1128 2192 Ill
1148 2155 1189 2193 P.
1211 2155 1255 2192 ll.
1286 2157 1339 2192 Ac
1358 2153 1538 2192 Niebuhr.

879 2212 1107 2250 Vermischte
1126 2212 1223 2249 Hist.
1245 2211 1430 2249 Schrist.·1
1450 2222 1540 2261 pag.

877 2271 984 2316 360,
1014 2269 1072 2306 hic
1095 2269 1333 2318 cogitandum
1358 2271 1467 2318 putat
1492 2267 1540 2304 de

877 2326 1030 2375 regione
1076 2324 1244 2363 orientali
1294 2325 1539 2371 desertorum,

877 2395 972 2432 quae
1000 2386 1085 2420 sunt
1108 2383 1201 2420 circa
1221 2383 1371 2419 fluvium
1389 2381 1548 2419 Donetz

876 2440 924 2477 ad
950 2438 1176 2477 Maeotidem
1215 2452 1333 2488 usque
1371 2440 1542 2489 porrecta

876 2497 1036 2546 itemque
1061 2497 1096 2533 in
1121 2497 1201 2546 ipsa
1220 2495 1391 2534 Taurica.
1439 2493 1541 2530 Illum

877 2553 972 2591 enim
999 2554 1169 2600 fluvium,
1196 2553 1243 2590 ab
1264 2553 1403 2590 oriente
1422 2551 1542 2598 Bory-

874 2610 1012 2648 sthenis
1052 2609 1304 2657 delabentem,
1351 2620 1432 2645 cum
1475 2607 1542 2642 Ol-

877 2666 1078 2717 biopolitae
1104 2679 1172 2717 pro
1202 2664 1443 2715 Borysthenis
1473 2662 1537 2699 ha-

875 2724 1023 2761 buerint
1042 2723 1209 2771 brachio,
1239 2720 1345 2759 facile
1370 2719 1453 2757 oriri
1470 2730 1539 2770 po-

1818 272 1836 291 a

1769 339 1834 358 enm

1780 364 1817 390 ab

1724 396 1768 421 sos
1787 406 1833 424 ain
