1863 3256
555 245 900 288 THALlA.

960 245 1022 283 111.
1340 254 1419 293 231

151 359 330 402 τελέσειε
360 359 517 414 σοφίῃ,
548 357 620 400 καὶ
653 356 710 411 μὴ
741 357 814 413 βίῃ
845 370 889 398 τε
920 354 989 398 καὶ
1024 352 1185 411 ὁμίλῳς
1216 355 1324 398 ἔνθα
1341 359 1422 411 γάρ

124 432 313 485 ὅσοφίης
352 429 458 479 δέει,
497 428 595 482 βίης
633 427 765 481 ἔργον
806 424 953 470 οὐδέν.

1013 423 1160 480 ὑμέων
1190 425 1242 480 br)
1275 421 1337 468 ὦν
1363 430 1424 478 τίς

150 518 225 556 μοι
260 499 457 553 Ὀροίτεα
498 497 525 554 ἢ
564 497 731 552 ζώοντα
767 495 945 553 ἀγάγοι,
984 494 1012 553 ἢ
1043 494 1326 546 ἀποκτείνειε;
1378 496 1425 548 ὃς

153 570 349 627 ω’φέλησε
387 570 466 627 μέν
505 586 567 613 κω
609 569 781 624 Πέρσας
821 566 975 620 ου’ὁὲν,
1022 568 1135 611 κακά
1179 567 1225 610 δὲ
1262 566 1424 623 μεγάλα

149 643 271 724 ἔοργε
287 656 296 666 ·

932 715 1064 755 τοῦτο
1106 710 1170 760 δὲ,
1217 709 1288 753 καὶ
1320 725 1425 759 τους

145 781 470 835 ἀνακαλέοντας
509 781 669 836 αὐτοι,
719 783 792 827 καὶ
834 782 1141 839 πεμπομένοις
1183 780 1261 825 ὑπ’
1300 779 1424 836 ἐμεῦ,

116 855 326 904 6κτείνει,
356 852 491 909 ν’βριν
523 853 606 898 οἰκ
637 851 880 909 άνάσχετον
912 855 1096 910 φαίνων.

1155 870 1261 908 ποιν
1292 869 1332 895 τι
1363 853 1424 894 ὠν

142 925 272 982 μέζον
311 925 625 981 ἐξεργάσασθαί
661 942 736 982 μιν
774 925 947 980 Πέρσας
993 925 1154 977 κακόν,
1206 927 1421 978 καταλαμ-
1437 927 1481 961 80

0 1004 99 1053 128
144 996 273 1048 πτέος
321 995 410 1040 ἐστὶ
459 995 565 1054 ἡμῖν
616 996 809 1055 θανάτῳ.
827 1003 852 1021 “

934 1002 1122 1052 Δαρεῖος
1164 995 1242 1054 μὲν
1289 998 1426 1038 ταῦτα

147 1066 378 1122 ἐπειρώτα·
420 1073 481 1127 τῷ
513 1069 559 1113 δὲ
590 1067 746 1124 ἄνδρες
776 1068 1011 1125 τριήκοντα
1040 1068 1316 1125 ὑπέστησαν,
1350 1063 1423 1109 αὐ·

116 1137 224 1190 Ξτός
262 1138 442 1192 ἕκαστος
481 1140 648 1184 ἐθέλων
695 1141 859 1184 ποιέειν
903 1145 1053 1184 ταῦτα.

144 1213 336 1263 Δαρεῖος
362 1211 682 1268 εὶατελάμβανε,
723 1209 912 1254 κελεύων
941 1210 1205 1255 πάλλεσθαι·

1122 1140 1340 1194 ἐρίζοντας
1379 1136 1425 1180 δε

1268 1213 1424 1253 παλλο-

145 1281 290 1337 μένων
321 1280 391 1334 ὂὲ,
429 1281 633 1339 λαγχάνει
672 1282 718 1325 ἐκ
755 1281 932 1325 πάντων
964 1285 1157 1337 Βαγαῖος
1196 1279 1219 1324 ὁ
1246 1278 1425 1333 Ἀρτόν-

113 1357 240 1395 3τεω.
299 1352 446 1408 λαχών
476 1353 521 1397 δὲ
561 1352 584 1398 ὁ
618 1356 840 1409 Βαγαῖος,
886 1354 1024 1397 ποιέει
1061 1351 1229 1397 τοιάδε·

1280 1352 1426 1408 βιβλία
1438 1356 1481 1391 85

142 1420 426 1478 γραψάμενος
456 1425 619 1478 πολλὰ,
666 1425 740 1469 καὶ
774 1425 872 1480 περὶ
912 1429 1091 1469 πολλῶν
1128 1425 1282 1481 ἔχοντα
1318 1439 1424 1480 πρη-

90 1533 162 1570 Gr.
174 1531 241 1570 Gr.
258 1544 293 1583 p.
311 1532 405 1574 982.
421 1532 513 1571 983.
526 1551 582 1556 -
600 1529 659 1567 Ad
678 1529 755 1566 sor-

87 1602 186 1628 mam
206 1587 317 1641 ἐόργε
336 1589 374 1626 in
395 1600 472 1636 seq.
490 1588 536 1624 cf.
559 1586 589 1633 I,
611 1589 678 1628 27.

144 1647 266 1685 τοῦτο
298 1643 356 1693 δὲ,
384 1642 492 1694 καὶ]
534 1642 601 1682 καὶ
628 1657 648 1680 e
670 1641 756 1680 Flo-

88 1707 181 1741 rent.
201 1702 393 1739 adscitum.
423 1701 544 1749 Vulgo
567 1700 756 1746 omittitur,

88 1772 160 1797 nee
190 1760 329 1809 recepit
359 1757 494 1795 Mallh.
542 1757 602 1793 Ad
629 1769 755 1793 vocem

87 1813 388 1866 καταλαμπτέος
430 1814 524 1851 conf.
556 1813 689 1851 Matth.
719 1826 755 1863 p.

87 1873 172 1914 472
205 1877 241 1910 et
268 1884 377 1923 supra
406 1871 476 1918 ΙΙΙ,
511 1872 564 1911 69
597 1869 757 1920 ἐπιλαμ-

87 1927 229 1976 πτέος,
258 1929 385 1978 ibique
404 1933 497 1964 nott.

253 1985 365 2036 Cap.
397 1983 602 2023 CXXVIII.

142 2037 439 2093 κατελάμβανε]
485 2041 507 2077 i.
531 2054 562 2077 e.
592 2040 757 2086 cohibuit,

87 2099 244 2136 inhibuit
264 2112 378 2136 eorum
401 2099 662 2135 contentionem.
696 2097 754 2134 Cf.

86 2156 135 2194 de
154 2156 222 2194 hac
239 2156 341 2194 verbi
361 2155 627 2205 significatione
649 2155 680 2201 Ι,
703 2154 755 2195 46

86 2212 212 2262 ibique
233 2218 325 2250 nott.

143 2268 406 2320 παλλομένων
429 2266 485 2317 δὲ,
506 2263 693 2320 λαγχάνει
713 2266 756 2318 ἐν.

87 2321 269 2377 πάντων]
305 2327 406 2364 Citat
427 2327 524 2363 hunc
546 2325 664 2362 locum
676 2326 756 2361 Sui-

87 2383 155 2420 das
175 2385 212 2421 in
232 2396 321 2421 voce
340 2380 491 2430 πάλος,
524 2387 563 2419 ut
586 2383 757 2420 observat

88 2439 212 2491 Toup.
242 2440 425 2478 Emendd.
452 2441 489 2477 in
512 2439 615 2475 Suid.
638 2439 689 2476 111
720 2452 756 2489 p.

88 2496 116 2538 4
138 2510 166 2534 s.
201 2496 310 2534 Tem.
334 2498 368 2534 11
392 2511 429 2548 p.
453 2499 515 2538 17.
569 2496 758 2540 Quemad-

88 2554 236 2591 modum
250 2553 362 2592 Attici
381 2556 507 2591 dicunt
524 2555 700 2603 κληροῦν
722 2557 758 2590 et

89 2612 357 2660 κληροῦσθαι,
388 2612 442 2648 ita
463 2611 571 2647 lones
593 2609 758 2648 πάλλειν

91 2671 131 2704 et
146 2663 396 2714 πάλλεσθαι,
437 2668 499 2704 ubi
523 2666 676 2704 activum
700 2667 758 2703 di-

92 2723 185 2759 citur
200 2724 248 2762 de
268 2738 327 2771 eo,
355 2726 417 2774 qui
434 2723 638 2775 praefectus
656 2723 760 2772 quasi

92 2781 279 2828 sor-titiani,
310 2785 418 2818 sortes
436 2784 475 2818 in
499 2781 649 2818 aliorum
671 2793 760 2829 gra-

93 2837 181 2872 tiam
201 2838 344 2874 coniicit
365 2840 403 2875 in
421 2838 577 2887 galeam,
605 2837 760 2874 sitellam

93 2905 124 2932 s.
143 2905 273 2930 urnam
303 2893 406 2944 (qua
427 2897 474 2933 de
500 2895 652 2932 sortium
673 2907 762 2932 con-

814 1531 982 1568 cussione
1017 1529 1145 1566 dicunt
1183 1524 1348 1567 πάλλειν
1383 1523 1480 1578 κλή-

814 1589 959 1638 ρους),
999 1586 1158 1624 medium
1182 1591 1303 1623 autem
1329 1585 1478 1621 verbum

815 1657 938 1682 eorum
965 1649 1040 1689 est,
1082 1643 1142 1692 qui
1163 1643 1234 1694 ipsi
1265 1644 1478 1688 sortiuntur,

813 1715 842 1738 s.
865 1714 931 1738 rem
958 1702 1050 1737 infer
1079 1714 1112 1737 se
1139 1702 1230 1736 sorta·
1249 1701 1477 1736 comim'ttunt.

815 1758 934 1802 Quem
965 1770 1007 1794 ex
1040 1757 1094 1793 his
1124 1757 1297 1805 tangebat
1324 1769 1418 1801 sors,
1450 1768 1478 1791 ε.

815 1816 914 1852 cuius
950 1819 1050 1851 sorte
1084 1825 1220 1850 nomen
1257 1812 1411 1859 excidit,
1449 1811 1480 1847 is

814 1875 970 1922 λαχεῖν,
1010 1884 1039 1907 s.
1069 1865 1226 1923 κλήρῳ,
1269 1865 1382 1922 πάλῳ
1413 1870 1481 1906 λα·

814 1933 897 1979 χεῖν
924 1928 1075 1973 dicitur3
1115 1928 1211 1963 conf.
1245 1926 1387 1964 Herod.
1415 1924 1480 1972 Ill,

815 1987 881 2025 85.
908 1985 970 2031 IV,
994 1982 1058 2024 94.
1085 1985 1186 2030 153,
1207 1982 1286 2020 coll.
1310 1980 1477 2030 Aeschyl.

815 2043 855 2079 S.
875 2057 904 2079 c.
927 2041 999 2079 Th.
1023 2040 1088 2081 55.
1138 2039 1310 2091 Sophocl.
1331 2038 1478 2076 Electra

816 2102 911 2145 711,
932 2098 1000 2135 alia
1022 2097 1189 2148 plurima,
1207 2109 1302 2146 quae
1313 2094 1480 2133 excitavit

813 2155 957 2201 Valck„
978 2155 1035 2192 cui
1053 2154 1143 2192 haec
1153 2154 1344 2190 annotatio
1363 2152 1480 2188 omni—

814 2225 862 2249 no
887 2213 1054 2250 debetnr.
1112 2209 1173 2247 Tu
1199 2211 1297 2246 adde
1325 2209 1372 2246 de
1391 2221 1479 2245 voce

814 2266 953 2316 πάλος,
980 2280 1074 2317 quae
1093 2267 1212 2304 attulit
1223 2264 1429 2303 Blomfield.
1443 2264 1480 2301 in

815 2325 981 2363 Glossar.
996 2325 1043 2362 ad
1056 2323 1223 2372 Aeschyl.
1236 2324 1275 2360 S.
1287 2336 1316 2359 c.
1330 2322 1403 2360 Th.
1420 2321 1443 2359 l.
1458 2320 1480 2357 1.

870 2398 936 2421 και
955 2396 1042 2429 περι
1055 2379 1242 2419 πολλῶν’
1230 2379 1368 2430 έχοντα
1382 2393 1480 2428 πρα-

816 2435 994 2492 γμάτων]
1025 2437 1084 2475 Ad
1113 2437 1336 2475 locutionem
1355 2417 1481 2473 cotiser

817 2497 868 2533 sis
891 2496 936 2544 II,
958 2498 1024 2536 96.
1044 2489 1181 2546 α’,ὦια
1201 2489 1392 2547 γυμνικὸν
1414 2487 1478 2530 δια

815 2549 948 2602 πάσης
971 2547 1018 2604 οἷ)
1023 2552 1145 2602 ωνίης
1166 2550 1316 2602 ἔχοντα,
1347 2549 1408 2586 ubi
1427 2548 1481 2585 vi-

816 2610 864 2647 de
900 2615 993 2647 nott.
1018 2607 1097 2646 coll.
1126 2608 1334 2652 V11‚220.
1372 2605 1481 2642 Hunc

814 2666 933 2704 locum
972 2665 1142 2715 equidem
1176 2666 1226 2702 sic
1256 2662 1480 2701 reddiderim

816 2737 896 2761 cum
922 2722 1126 2772 Schweigh.
1155 2723 1192 2758 in
1217 2720 1309 2759 Lex.
1336 2717 1477 2756 Herod.

817 2780 958 2827 „labelli
977 2780 1083 2816 multe
1096 2782 1129 2815 et
1143 2792 1180 2815 ιη
1203 2778 1327 2827 quibus
1340 2772 1481 2811 demul-

819 2839 866 2874 tis
884 2838 986 2874 rebus
1003 2837 1191 2886 agebatur.
1196 2836 1219 2854 “
1276 2832 1334 2869 Ad
1355 2829 1479 2881 proxi-

1071 2889 1111 2905 θ’..

816 2907 878 2932 me
919 2906 1025 2944 seqq.
1063 2906 1127 2943 ‘¹12⁸‘-
1153 2890 1251 2941 ἔχων
1281 2901 1402 2927 ταιτα
1436 2885 1481 2922 cf

354 645 484 685 τοῦτο
516 641 616 697 μὲν,
659 640 740 684 δύο
773 638 917 696 ἡμέων
946 638 1153 695 ἥΐστωσε,
1195 636 1481 724 ΛΙιτροβά-ῗὸ

145 711 219 756 τεά
249 726 293 754 τε
323 712 395 754 καὶ
424 711 503 754 τὸν
536 714 672 755 παῖδα
704 709 870 755 αὐτοῦ·

1485 721 1567 760 262

1483 998 1625 1033 Bagaeus
1676 1006 1759 1025 man-

1485 1032 1583 1059 datam
1638 1031 1758 1059 ornetis

1481 1075 1583 1094 necem
1611 1065 1758 1101 quomodo

1482 1100 1619 1136 patrarit.
