1863 3256
417 164 1107 208 MELPOMENE.1V.

0 288 60 333 52
127 279 282 332 Τρίτος
296 277 538 328 δὲ”Υπανις
554 275 750 332 ποταμὸς
769 272 957 329 ὁρμᾶται
978 273 1057 330 μὲν
1076 274 1123 317 ἐκ
1143 277 1219 329 τῆς
1229 278 1399 319 Σκυθι-

119 354 222 406 κῆς,
255 350 343 403 ῥέει
372 349 458 394 δὲ’
442 366 488 393 εκ
509 350 662 404 λίμνης
692 346 906 403 μεγάλης,
936 343 1016 401 τὴν
1045 344 1169 400 πέριξ
1191 345 1398 400 νέμονται

121 422 245 465 ἵπποι
265 420 412 476 ἄγριοι
434 421 589 464 λευκοί
620 419 817 463 καλέεται
839 415 876 461 δ’
897 414 924 473 ἡ
948 417 1077 472 λίμνη
1097 414 1208 472 αὕτη
1229 414 1390 470 ὀρθῶς,
1401 415 1482 457 60¹

92 492 264 548 Ζμντηρ
283 490 500 541 Ὑπάνιος.
560 491 607 535 ἐκ
633 489 792 546 ταύτης
813 491 877 532 ὠν
897 485 1144 531 ἀνατέλλων
1172 484 1196 532 ὁ
1215 487 1400 539 ’ίΡπανις
1455 511 1534 535 term
1507 517 1554 536 ιιιιι
1579 515 1611 537 ιιι
1629 511 1718 538 Aiazo

66 668 124 705 De
163 667 264 704 cuius
305 668 404 705 urbis
443 669 591 707 nomine
626 669 731 720 plura

66 723 316 761 Tzschuckel.
341 725 362 762 1.
390 738 426 775 p.
450 724 504 766 40
518 738 613 775 seq,
633 726 730 763 idem

65 780 113 816 de
135 779 264 817 civium
288 781 598 832 appellationibus
621 783 730 820 variis

65 849 231 874 monens.
271 837 347 881 Qui
373 839 539 887 dubitat,
570 852 617 876 an
632 839 730 876 Ben-

67 892 129 929 der
148 894 234 930 urbs
257 894 295 931 in
315 907 359 932 eo
379 895 458 933 loco
479 897 526 933 sit
545 897 627 943 sita,
651 897 731 945 Ty-

67 962 221 999 tamque
251 955 412 989 veterem
441 953 478 989 in
507 958 626 990 castro
650 952 728 989 Pa-

67 1005 176 1043 lanko
205 1009 455 1056 quaerendam
488 1015 624 1047 censet.
671 1010 728 1047 Cf.

67 1062 262 1101 Reichard.
287 1064 310 1101 l.
336 1065 357 1101 l.
379 1079 416 1116 p.
437 1065 491 1107 43
522 1066 600 1103 coll.
622 1067 732 1103 Man-

68 1124 161 1158 nert.
182 1121 232 1158 lV
252 1134 289 1172 p.
307 1123 373 1162 83.
392 1122 488 1163 234.

289 1178 353 1215 Ca
365 1192 400 1227 p.
430 1178 509 1216 LlI.

131 1232 272 1283 Τρίτος
304 1232 346 1273 ὁὲ
365 1233 564 1284 ””Υπαιίς]
622 1235 732 1272 Nunc

67 1294 218 1326 vocatur
243 1289 343 1340 Bag.
396 1292 453 1328 Cf.
476 1291 662 1329 Mannert.
683 1292 731 1328 IV

66 1359 154 1397 pag.
175 1346 240 1387 74.
271 1347 466 1386 Reichard.
486 1348 507 1385 Ι.
525 1348 548 1385 l.
568 1360 652 1398 pag.
666 1349 731 1389 44.

68 1402 290 1441 Tzschucke
321 1405 369 1442 ad
387 1404 523 1443 Melam
544 1404 566 1441 l.
590 1405 614 1442 l.
642 1418 731 1456 pag.

68 1460 135 1501 35.
154 1461 222 1501 36.
252 1461 377 1511 Ipsum
400 1474 535 1500 nomen
554 1475 574 1500 e
587 1462 733 1499 Graeco

69 1522 182 1566 atque
220 1517 377 1555 barbaro
418 1520 569 1556 mixtum
605 1522 734 1556 statuit

70 1572 129 1611 De
148 1573 273 1611 Bross.
297 1575 410 1613 Mem.
433 1577 480 1613 de
503 1576 591 1612 l'Ac.
615 1576 651 1612 d.
675 1576 735 1612 ln-

71 1643 138 1667 scr.
156 1630 298 1667 XXXV
319 1645 406 1682 pag.
431 1634 513 1674 527
534 1645 735 1682 amnemque

70 1685 275 1737 inferiorem
311 1689 519 1738 designare.
578 1689 619 1727 ln
663 1689 736 1727 alia

71 1744 194 1781 omnia
214 1745 290 1781 abit
302 1745 439 1784 Ritter.
453 1746 626 1784 Vorhalle
646 1759 733 1796 pag.

0 1844 3 1856 ¹
74 1802 150 1841 181
191 1813 296 1851 seqq.
339 1801 419 1844 184
455 1815 559 1853 seqq.
608 1803 736 1841 Indica

69 1857 268 1895 advocans.

127 1912 170 1953 ἐκ
197 1915 340 1965 λίμνης
365 1911 555 1967 μεγάλης]
613 1915 735 1953 Hero-

71 1971 198 2007 dotum
239 1971 298 2009 hic
331 1984 481 2022 quoque
517 1973 628 2010 nimio
667 1986 734 2010 suo

71 2028 208 2075 studio,
232 2041 305 2078 quo
334 2041 460 2067 amnes
480 2028 695 2080 plerumque
713 2043 736 2068 e

71 2083 220 2122 lacubus
254 2086 373 2135 iisque
402 2087 545 2136 magnis
577 2087 733 2134 derivat,

71 2141 263 2192 abreptum
292 2142 402 2181 fuisse
428 2144 619 2181 contendit
642 2144 734 2181 Rei-

71 2198 195 2236 chard.
217 2198 239 2236 l.
266 2198 311 2247 l.,
352 2200 422 2237 nisi
444 2201 599 2238 forsitan
631 2201 735 2251 palu-

73 2255 161 2292 dum
179 2267 222 2293 ac
240 2260 470 2306 stagnorum,
500 2270 594 2307 quae
613 2259 651 2294 in
666 2271 736 2307 gu-

74 2311 200 2349 bernio
220 2312 346 2350 Minsk
375 2315 630 2365 reperiuntur,
668 2327 737 2351 no-

74 2368 154 2405 titia
196 2371 377 2419 quaedam
417 2372 465 2408 ad
504 2371 736 2408 Herodotum

74 2426 295 2474 pervenerit.
346 2425 520 2477 Namque
545 2428 636 2466 haec
661 2433 738 2465 sta-

76 2493 163 2529 gna,
195 2494 217 2518 a
236 2484 368 2532 quibus
387 2497 462 2522 non
483 2484 588 2522 valde
605 2486 738 2522 remoti

76 2537 247 2586 Hypanis
272 2541 413 2589 fontes,
459 2542 543 2579 olim
563 2554 738 2589 magnum

76 2592 196 2630 laeum
230 2595 394 2635 effecisse
422 2599 551 2636 videri.
612 2599 740 2636 Oritur

79 2650 195 2695 enim,
237 2652 338 2699 quod
367 2655 456 2691 satis
486 2668 582 2693 nunc
611 2660 738 2692 notum

79 2712 156 2753 est,
186 2706 354 2756 Hypanis
371 2709 410 2747 in
425 2710 599 2758 Podolia,
629 2711 740 2749 Polo-

78 2775 162 2800 niae
184 2764 346 2812 regione.

135 2816 211 2870 τήν
252 2818 366 2871 πέριξ
401 2820 588 2873 νέμονται
622 2822 740 2863 ἵπποι

135 2876 347 2914 Ηιειιουυτ.
387 2879 434 2916 11.

1454 274 1500 301 Te
1503 277 1560 302 rtiu
1565 277 1653 337 nllyip
1656 286 1732 309 nnnnn

1475 317 1535 340 ΗΡ
1521 311 1568 335 71¹1]
1564 310 1608 369 γάρ
1640 312 1696 337 ,ΞΓ
1680 320 1730 345 (Γ).

1455 341 1519 368 thia
1595 352 1645 372 ιιι,
1677 345 1716 371 flu
1700 354 1731 371 u-

1457 383 1520 433 ennn
1527 348 1620 435 ‹1:1059
1634 378 1655 402 V
1669 378 1732 404 die-

1581 411 1648 443 viag
1632 413 1692 438 atio
1696 420 1733 438 ne

1541 418 1591 468 nco
1597 444 1654 470 nitu
1647 446 1687 471 iia

1456 473 1586 509 Scythar
1589 480 1717 505 ummo

791 666 937 720 ἄγριοι]
987 666 1124 716 Attigit
1166 667 1256 705 haee
1288 665 1455 704 Eustath.

788 725 837 763 ad
869 725 1024 773 Dionys.
1055 724 1200 773 Perieg.
1234 723 1340 764 1143
1368 736 1455 774 pag.

788 783 894 829 312,
934 782 988 822 24
1018 793 1098 830 seq.
1136 782 1195 819 ed.
1225 780 1455 829 Bernhardy.

788 837 877 876 Non
900 837 1007 876 aliter
1026 838 1136 875 hodie
1160 838 1208 874 ad
1238 837 1336 888 ripas
1355 837 1456 874 fluvii

789 895 952 944 Wyssun
993 895 1028 930 in
1078 895 1236 932 desertis
1286 893 1453 943 guber-nii

789 951 956 989 cherson
988 964 1103 1000 equos
1124 951 1223 1000 pasci
1245 951 1341 988 seros
1363 951 1452 987 scri-

788 1007 842 1045 bit
869 1008 1043 1058 Koppen.
1083 1007 1349 1056 Nordgestade
1387 1008 1453 1044 des

788 1064 898 1101 Pont.
920 1076 1005 1114 pag.
1023 1066 1086 1104 11.
1117 1065 1170 1100 Ac
1188 1066 1236 1101 de
1254 1064 1371 1112 equis,
1392 1065 1454 1112 qui

787 1133 855 1170 per
871 1122 963 1157 istos
985 1132 1133 1170 campos
1153 1121 1189 1156 in
1210 1127 1309 1157 terra
1335 1120 1457 1157 Ukra-

788 1178 872 1224 nia,
904 1189 1000 1225 quae
1021 1180 1193 1223 vocatur,
1223 1176 1335 1225 longe
1360 1176 1456 1213 late-

790 1246 864 1282 que
897 1233 1015 1270 adhuc
1043 1239 1226 1282 vagantur
1255 1232 1359 1270 liberi
1388 1245 1457 1270 nee

791 1289 947 1335 domiti,
987 1290 1201 1327 recentioris
1223 1302 1374 1339 quoque
1394 1302 1459 1327 ae·-

790 1347 875 1383 tatis
898 1347 1194 1397 peregrinatores
1215 1347 1302 1383 satis
1317 1350 1458 1383 testan-

791 1409 874 1450 tur,
921 1404 1083 1452 itemque
1113 1403 1223 1440 Link.

791 1459 877 1498 welt
896 1472 981 1509 pag.
995 1458 1075 1501 194
1087 1460 1187 1509 seq.)
1210 1460 1257 1497 de
1276 1460 1457 1510 primitiva

791 1518 876 1566 equi
898 1517 1017 1567 patria
1039 1529 1242 1565 quaerens,
1287 1529 1397 1566 quam
1419 1517 1457 1553 in

789 1574 1001 1622 regionibus
1020 1573 1137 1624 planis
1153 1574 1198 1610 ab
1221 1573 1362 1611 oriente
1380 1586 1459 1610 ma-

790 1631 839 1667 ris
858 1630 984 1680 Caspii
1028 1642 1111 1668 esse
1146 1631 1359 1667 arbitratur.
1411 1630 1460 1666 At

791 1687 926 1724 Ritter.
946 1687 967 1723 l.
986 1687 1007 1723 l.
1043 1699 1130 1738 pag.
1158 1688 1238 1727 185
1264 1687 1293 1723 si
1314 1687 1459 1733 audias,

794 1744 879 1793 equi
900 1744 1117 1780 sanctissimi
1136 1748 1350 1793 pascuntur,
1379 1756 1460 1780 ma-

793 1813 890 1849 gnae
915 1801 1021 1837 matri
1046 1801 1271 1846 consecrati,
1300 1813 1368 1838 nec
1386 1800 1459 1838 alio

792 1857 871 1894 loco
904 1857 942 1893 in
974 1857 1028 1894 his
1061 1858 1169 1894 terris
1202 1857 1315 1894 habiti
1347 1862 1459 1907 atque

793 1913 944 1964 elephas
962 1913 1064 1951 albus
1085 1915 1121 1951 in
1142 1913 1384 1965 Taprobanes
1401 1915 1457 1951 in-

792 1971 883 2009 sula.

850 2022 980 2080 μήτηρ
1026 2022 1242 2077 “Τποῖνιος]
1296 2026 1461 2065 Pertinet

791 2083 861 2122 huc
871 2084 973 2123 Mela
993 2084 1040 2132 ll,
1065 2086 1186 2131 1,65:
1218 2083 1459 2134 „Callipidas

792 2142 963 2192 Hypanis
975 2141 1139 2179 includit.
1170 2141 1225 2178 Ex
1242 2142 1374 2190 grandi
1389 2153 1456 2192 pa-

792 2199 881 2236 lude
902 2200 1038 2246 oritur,
1069 2211 1179 2248 quam
1200 2198 1360 2235 sslatrem
1381 2198 1458 2236 eius

793 2255 941 2292 accolae
961 2255 1210 2306 appellant3“
1249 2260 1363 2305 atque
1386 2255 1461 2292 Eu-

793 2312 947 2349 stathius
961 2313 1008 2349 ad
1020 2312 1174 2362 Dionys.
1189 2311 1332 2362 Perieg.
1352 2313 1459 2353 1143

794 2369 901 2419 (pag·
923 2371 1020 2417 312,
1042 2371 1096 2411 20
1120 2370 1179 2407 ed.
1199 2369 1460 2418 Bernhardy):

797 2425 928 2465 ἰστέον
949 2423 992 2465 δὲ
1015 2421 1077 2465 ὅτι
1091 2423 1192 2465 κατοὶ
1209 2423 1281 2466 τόν
1295 2421 1459 2475 Ἡρόδο-

774 2533 777 2534 ⁷
795 2498 865 2522 τον
887 2482 955 2522 καὶ
971 2480 1180 2530 Σκυθικός
1200 2481 1378 2534 ποταμός
1401 2483 1461 2528 τίς

795 2539 877 2578 ἐστι
898 2535 1139 2592 λεγόμενος
1138 2536 1328 2587 Υπανις,
1362 2535 1460 2578 ἅνα-

794 2594 940 2636 τέλλων
986 2597 1029 2636 ἐκ
1078 2598 1223 2648 λίμνης
1273 2593 1459 2661 μεγάλης,

794 2650 882 2705 ’ἥτις
912 2652 1064 2706 λέγεται
1098 2669 1227 2706 μητηο
1256 2648 1460 2698 Υποῖνιος,

794 2707 906 2750 καθα
935 2709 1088 2761 δηλαδή
1116 2727 1183 2749 και
1214 2727 1240 2761 η
1272 2710 1461 2753 Μαιῶτις

796 2781 927 2818 μητηρ
950 2770 1022 2806 τοῦ
1045 2763 1257 2814 Εὐξείνου.
1307 2765 1382 2802 Ubi
1400 2777 1460 2801 re-

796 2825 903 2874 spicit
921 2824 1050 2861 Nostri
1077 2824 1189 2860 verba
1217 2821 1289 2868 IV,
1311 2823 1385 2862 86:
1432 2816 1462 2870 ἢ

1184 2878 1239 2918 25

1256 1400 1273 1457 (
1288 1402 1359 1440 Die
1387 1402 1461 1440 Ur-
