1879 3255
397 152 426 192 2
795 150 1267 190 HERODOTI

385 257 572 315 ’Ἄμασιν
600 258 840 314 θυγατέρα·

892 260 1003 302 α’ίτεε
1034 259 1079 303 δὲ
1116 258 1163 302 ἐκ
1193 259 1460 315 συμβουλίης
1498 255 1661 312 ἀνδρὸς

400 330 665 386 Αἰγυπτίου,
705 328 752 380 ὃς
791 328 1066 385 μεμφόμενος
1093 328 1279 383 ’Ἄμασιν
1312 330 1465 386 ἔπρηξε
1509 333 1659 378 ταῦτα,

396 401 462 445 ὅτι
485 417 560 456 μιν
589 401 632 451 ἐξ
662 398 869 443 ἁπάντων
898 403 986 441 τῶν
1015 399 1062 441 ἐν
1092 399 1299 454 Αἰγύπτῳ
1339 402 1498 456 ἰητρῶν
1546 398 1660 443 ἁπο-

397 469 567 521 σπάσας
587 468 671 512 ἀπὸ
695 469 904 524 γυναικός
922 485 965 511 τε
990 469 1063 510 καὶ
1085 469 1263 519 τέκνων,
1296 470 1474 513 ἔκδοτον
1489 470 1662 526 ἐποίησε
1679 478 1719 510 10

395 541 438 592 ἐς
471 541 666 594 Πέρσας,
709 539 779 582 ὅτε
812 543 960 591 Κύρος
989 539 1160 593 πέμψας
1195 539 1312 594 παρὰ
1332 540 1518 596 ’Ἄμασιν
1550 542 1661 583 αἴτεε

395 611 545 668 ἰητρόν
574 608 846 665 ὀφθαλμῶν,
880 608 927 659 ὃς
958 611 1022 664 εἴη
1053 609 1230 662 ἄριστος
1258 613 1346 652 τῶν
1366 611 1412 653 ἐν
1431 610 1655 667 Αἰγύπτῳ.

366 689 386 722 3
400 685 535 724 ταῦτα
559 679 611 735 δὴ
633 678 984 735 ἐπιμεμφόμενος
1005 678 1301 735 ὁΑἰγύπτιος,
1335 680 1456 737 ἐνῆγε
1478 686 1531 738 τῇ
1553 693 1660 736 συμ-

394 754 549 807 βουλίῃ
564 750 752 793 κελεύων
772 749 926 792 αἰτέειν
940 751 1019 793 τόν
1033 749 1461 806 Καμβύσεα’Ἀμασιν
1481 751 1662 808 θυγατὲ-
1676 757 1716 791 15

393 838 462 876 ρα·
508 822 579 862 ἴνα
598 821 625 876 ἢ
648 822 753 870 δούς
773 820 947 876 ἀνιῷτο,
976 821 1002 875 ἢ
1021 820 1078 876 μή
1104 818 1209 869 δοὺς
1231 820 1441 879 Καμβύσῃ
1461 822 1661 878 ἀπέχθοι-

365 895 455 934 4το.
488 888 511 933 ὁ
532 891 576 933 δὲ
590 889 784 945 Ἄμασις,
799 894 851 946 τῇ
873 889 1056 945 δυνάμει
1078 896 1166 933 τῶν
1182 892 1385 944 Περσέων
1405 892 1661 948 ἀχθόμενος,

392 961 464 1005 καὶ
482 959 732 1015 ἀρρωδέων,
749 960 831 1004 οὐκ
855 959 936 1015 εἶχε
959 960 1058 1005 οὔτε
1072 963 1230 1004 δοῦναι
1251 963 1351 1006 οὔτε
1367 962 1660 1019 ἀρνήσασθαι·
1686 992 1689 994 -

394 1026 442 1075 εὖ
471 1032 555 1086 γὰρ
597 1033 830 1087 ἠπίστατο,
880 1031 946 1075 ὅτι
978 1031 1058 1074 οὐκ
1091 1031 1147 1083 ῶς
1176 1034 1366 1088 γυναῖκά
1402 1050 1478 1091 μιν
1518 1033 1663 1089 ἔμελλε

365 1100 627 1158 5Καμβύσης
650 1103 772 1155 ἕξειν,
800 1101 889 1146 ἀλλ’
908 1100 965 1152 ῶς
986 1103 1224 1159 παλλακήν.
1257 1109 1394 1148 ταῦτα
1417 1104 1469 1161 δή
1493 1104 1661 1160 ἐκλογι-

392 1253 435 1294 ἐκ
457 1252 716 1305 συμβουλίης]
748 1253 895 1291 Retinui
916 1253 998 1300 hoc,

336 1311 436 1360 quod
465 1310 686 1359 Wesseling.
715 1310 794 1347 loco
827 1309 998 1359 vulgatae

336 1366 379 1406 ἐκ
409 1367 579 1417 βουλῆς,
634 1379 742 1415 quain
784 1371 999 1404 revocarunt

335 1423 540 1472 Schweigh.
555 1427 593 1460 et
604 1423 722 1459 Gaisf.
739 1427 922 1472 posuerat,
940 1435 998 1459 as-

333 1480 577 1517 sentientibus
611 1479 794 1516 Sancrosti
832 1479 921 1516 libro
963 1483 999 1516 et

335 1531 610 1573 Vindobonens.
632 1534 742 1585 Apud
754 1535 897 1573 Theon.
910 1534 999 1572 Pro-

336 1604 460 1641 gymn.
478 1605 514 1642 p.
536 1594 588 1632 56
611 1591 746 1639 legitur
767 1590 807 1630 ἐκ
825 1592 998 1642 συμβου-

335 1650 431 1699 λῆς,
472 1649 572 1696 quod
595 1649 715 1698 ipsum
748 1648 881 1685 dubiae
911 1648 997 1685 fidei

335 1717 417 1742 esse
439 1709 547 1754 putat
570 1703 786 1752 Wesseling.
799 1733 811 1750 ,
841 1705 998 1741 iinmeri-

334 1765 394 1807 to,
434 1773 519 1796 narn
551 1761 733 1797 invenitur
771 1761 997 1811 συμβουλῆς

334 1816 434 1866 apud
454 1816 630 1853 Nostrum
652 1816 688 1863 1,
730 1817 807 1856 157
829 1818 906 1853 sine
928 1817 997 1853 ulla

335 1872 497 1909 lectionis
513 1873 700 1912 varietate.
762 1871 810 1908 At
825 1873 997 1921 frequens

335 1928 529 1964 Herodoto
585 1927 828 1978 συμβουλίη,
897 1930 996 1977 quod

335 1987 543 2020 monstrant
569 1982 638 2020 loci
676 1996 697 2019 a
726 1984 928 2033 Schweigh.
959 1986 994 2021 in

336 2038 428 2077 Lex.
442 2039 579 2076 Herod.
595 2052 665 2076 s.v.
686 2039 835 2077 collecti.
869 2041 993 2089 Signi-

336 2095 421 2132 ficat
449 2108 535 2132 vero
563 2094 603 2134 ἔκ
634 2096 878 2146 συμβουλίης
908 2111 992 2133 sna—

335 2152 560 2197 su‚cons1''.lm
579 2173 635 2179 —
657 2151 743 2188 Mox
762 2153 879 2190 delevi
897 2166 994 2190 com-

336 2219 393 2243 ma
412 2212 496 2256 post
506 2204 676 2246 ’Λιιασιν
694 2208 803 2256 vulgo
824 2210 993 2259 positum.

338 2263 476 2300 lusrac.
491 2263 556 2300 lV:
590 2261 842 2314 μεμφόμενός
864 2262 937 2303 κου’
959 2281 995 2303 τι

331 2313 510 2368 Ἀμάσι
546 2320 684 2368 aliquot
718 2321 795 2357 libri
837 2322 994 2358 afflrunt

323 2372 538 2425 ’Ἀμασιη
558 2378 735 2413 structum
753 2378 868 2413 minus
887 2391 993 2415 sune-

335 2444 443 2480 quam
462 2432 578 2477 solita,
607 2446 686 2470 cuin
707 2434 848 2469 dativus
867 2447 993 2483 perso-

335 2500 404 2524 nae
434 2487 646 2537 plerumnque
674 2490 874 2526 mliiciatur.
942 2490 992 2527 At

334 2548 459 2580 nostro
477 2543 555 2580 loco
576 2544 622 2580 nil
644 2545 806 2594 impedit,
837 2559 907 2594 quo
926 2548 991 2582 ini-

334 2612 402 2636 nus
451 2601 676 2637 accusativus
720 2598 889 2651 ’Ἄμασιν
945 2603 991 2638 ad

336 2654 477 2706 ἔπρηξε
499 2669 647 2705 quoque
670 2658 857 2694 reseratur.

392 2709 528 2762 ἰητρόν
543 2707 785 2763 ὀφθαλμῶν]
802 2715 894 2751 Cum
907 2714 994 2752 Per-

334 2780 396 2806 sae
427 2773 542 2806 artem
574 2770 750 2807 medicam
779 2771 895 2808 miuus
918 2771 991 2808 cal-

1055 1254 1192 1302 lerent,
1232 1269 1307 1292 non
1329 1256 1459 1293 mirum
1480 1260 1557 1303 est,
1595 1254 1718 1304 Aegy-

1055 1313 1152 1361 ptios
1181 1313 1379 1350 advocatos
1403 1314 1514 1350 fuisse
1542 1313 1718 1359 medicos,

1055 1372 1095 1404 ut
1127 1369 1188 1417 qui
1215 1369 1301 1405 artis
1333 1369 1437 1418 hujus
1471 1369 1518 1405 ob
1547 1370 1717 1419 peritiam

1055 1428 1130 1460 tum
1178 1426 1351 1475 temporis
1396 1425 1503 1463 valde
1541 1425 1716 1463 celebrati

1053 1481 1165 1518 fuisse
1187 1481 1392 1528 videantur,
1423 1494 1589 1531 quosque
1608 1482 1718 1519 etiam

1054 1541 1140 1586 post
1168 1538 1386 1587 Cambysein
1427 1551 1550 1575 secum
1591 1538 1719 1574 habuit

1054 1593 1210 1641 Darius,
1258 1601 1298 1630 ut
1333 1594 1547 1643 intelligitur
1580 1606 1624 1631 ex
1653 1593 1717 1640 Ill,

1059 1652 1148 1689 129.
1209 1651 1344 1687 Postea
1375 1664 1500 1687 eorum
1532 1650 1566 1686 iu
1597 1650 1717 1686 locum

1055 1706 1187 1743 Graeci
1208 1712 1460 1744 successerunt
1477 1707 1618 1743 medici.
1655 1706 1717 1744 Tu

1053 1763 1148 1799 cons.
1179 1763 1227 1798 ad
1257 1763 1405 1800 Ctesiae
1437 1764 1602 1811 fragmm.
1624 1767 1715 1799 nott.

1053 1830 1138 1867 pag.
1168 1820 1215 1857 16
1239 1831 1342 1867 seqq.
1365 1823 1403 1856 et
1422 1831 1516 1868 quae
1536 1819 1584 1855 ad
1596 1818 1714 1856 Hero-

1052 1874 1178 1910 dotum
1201 1874 1340 1920 11,84
1361 1876 1533 1925 adscrips
1507 1876 1628 1912 fimus.

1109 1957 1176 1995 ι’να
1205 1953 1233 2007 η“
1270 1954 1366 2004 ὁους
1394 1954 1563 2012 ἀνιῷτο,
1597 1954 1627 2010 ἢ
1657 1974 1712 2010 μη

1052 2009 1164 2063 δούς]
1187 2014 1311 2051 lum
1303 2028 1340 2051 ιιι
1359 2015 1424 2062 liis,
1447 2019 1523 2052 tum
1544 2015 1713 2053 inverbis

1051 2082 1155 2119 seqq.
1170 2066 1243 2109 ov’n
1262 2067 1337 2120 εἶχε
1358 2068 1449 2110 οὔτε
1462 2072 1606 2110 δοῦναι
1622 2068 1714 2111 οὔτε

1051 2121 1307 2176 α’ρνησασθαι
1333 2128 1524 2165 Herodoto
1558 2129 1714 2166 sortasse

1050 2184 1279 2220 obversatum
1303 2185 1412 2222 fuisse
1436 2185 1650 2234 Euripidem
1676 2186 1712 2222 in

1051 2239 1214 2288 lpliigen.
1239 2239 1317 2276 Aul.
1343 2240 1417 2287 56,
1449 2242 1510 2290 qui
1540 2242 1617 2291 ipse
1640 2239 1713 2278 Ae-

1050 2295 1206 2343 seudum
1230 2297 1389 2333 imitatus
1411 2298 1459 2334 sit
1471 2297 1602 2348 Suppl.
1616 2296 1712 2345 385,

1049 2358 1153 2388 notat
1171 2352 1343 2390 Valcken.

1108 2432 1161 2480 ὥς
1180 2433 1399 2487 παλλακήν]
1417 2436 1566 2473 Pellices
1580 2435 1710 2472 multas

1047 2497 1194 2539 prat-ter
1222 2506 1349 2528 uxores
1381 2493 1580 2540 legitimas,
1630 2492 1711 2540 qui-

1049 2546 1115 2582 bus
1148 2549 1220 2583 nuti
1252 2548 1316 2584 soli
1346 2550 1398 2585 ius
1427 2548 1643 2586 succedendi
1673 2548 1709 2583 in

1048 2616 1162 2650 regno
1183 2604 1384 2650 habebant,
1425 2606 1522 2641 alere
1542 2603 1711 2640 solebant

1048 2672 1152 2707 reges
1169 2659 1371 2707 Persarum,
1403 2661 1494 2697 lilios
1518 2661 1604 2696 inde
1630 2672 1709 2695 sus-

1046 2721 1170 2765 ceptos
1207 2716 1421 2766 plerumque
1468 2718 1515 2753 nd
1558 2728 1708 2753 munera

1048 2771 1224 2822 ampliora
1263 2778 1300 2810 et
1329 2775 1581 2823 magistratu-³,
1621 2785 1654 2809 v.
1675 2785 1705 2810 c.

1729 1118 1809 1159 194
1859 1103 1869 1177 ,ξ
