<?xml version="1.0" encoding="UTF-8"?>
<!DOCTYPE html PUBLIC "-//W3C//DTD XHTML 1.0 Transitional//EN"
    "http://www.w3.org/TR/xhtml1/DTD/xhtml1-transitional.dtd">
<html xmlns="http://www.w3.org/1999/xhtml" xml:lang="en" lang="en">
 <head>
  <title>
</title>
<meta http-equiv="Content-Type" content="text/html;charset=utf-8" />
  <meta name='ocr-system' content='tesseract 3.04.00' />
  <meta name='ocr-capabilities' content='ocr_page ocr_carea ocr_par ocr_line ocrx_word'/>
</head>
<body>
  <div class='ocr_page' id='page_1' title='image "./musaeher02hero/musaeher02hero_0211.png"; bbox 0 0 1863 3256; ppageno 0'>
   <div class='ocr_carea' id='block_1_1' title="bbox 565 223 1036 267">
    <p class='ocr_par' dir='ltr' id='par_1_1' title="bbox 565 223 1036 267">
     <span class='ocr_line' id='line_1_1' title="bbox 565 223 1036 267; baseline -0.015 0"><span class='ocrx_word' id='word_1_1' title='bbox 565 223 912 267; x_wconf 86' lang='lat' dir='ltr'>THALIA.</span> <span class='ocrx_word' id='word_1_2' title='bbox 973 223 1036 261; x_wconf 82' lang='lat' dir='ltr'>Ill.</span> 
     </span>
    </p>
   </div>
   <div class='ocr_carea' id='block_1_2' title="bbox 1356 230 1440 269">
    <p class='ocr_par' dir='ltr' id='par_1_2' title="bbox 1356 230 1440 269">
     <span class='ocr_line' id='line_1_2' title="bbox 1356 230 1440 269; baseline 0.012 -1"><span class='ocrx_word' id='word_1_3' title='bbox 1356 230 1440 269; x_wconf 77' lang='lat'>199</span> 
     </span>
    </p>
   </div>
   <div class='ocr_carea' id='block_1_3' title="bbox 135 331 1503 820">
    <p class='ocr_par' dir='ltr' id='par_1_3' title="bbox 135 331 1503 820">
     <span class='ocr_line' id='line_1_3' title="bbox 165 331 1442 397; baseline -0.009 -13"><span class='ocrx_word' id='word_1_4' title='bbox 165 339 192 397; x_wconf 82' lang='grc' dir='ltr'><em>ἡ</em></span> <span class='ocrx_word' id='word_1_5' title='bbox 223 340 435 396; x_wconf 79' lang='grc' dir='ltr'><strong><em>προνοίη,</em></strong></span> <span class='ocrx_word' id='word_1_6' title='bbox 465 336 608 389; x_wconf 79' lang='grc' dir='ltr'><em>ὥσπερ</em></span> <span class='ocrx_word' id='word_1_7' title='bbox 639 335 713 378; x_wconf 85' lang='grc' dir='ltr'><em>καὶ</em></span> <span class='ocrx_word' id='word_1_8' title='bbox 738 334 879 384; x_wconf 82' lang='grc' dir='ltr'><em>οἰκὸς,</em></span> <span class='ocrx_word' id='word_1_9' title='bbox 912 332 1002 376; x_wconf 75' lang='grc' dir='ltr'><em>ἔστι</em></span> <span class='ocrx_word' id='word_1_10' title='bbox 1032 331 1168 375; x_wconf 81' lang='grc' dir='ltr'><em>ἐοῦσα</em></span> <span class='ocrx_word' id='word_1_11' title='bbox 1197 332 1326 387; x_wconf 77' lang='grc' dir='ltr'><em>σοφή,</em></span> <span class='ocrx_word' id='word_1_12' title='bbox 1358 333 1442 378; x_wconf 78' lang='grc' dir='ltr'>ὅσα</span> 
     </span>
     <span class='ocr_line' id='line_1_4' title="bbox 166 403 1443 467; baseline -0.005 -13"><span class='ocrx_word' id='word_1_13' title='bbox 166 411 246 467; x_wconf 76' lang='grc' dir='ltr'>μὲν</span> <span class='ocrx_word' id='word_1_14' title='bbox 304 408 448 464; x_wconf 77' lang='grc' dir='ltr'><strong><em>ψυχήν</em></strong></span> <span class='ocrx_word' id='word_1_15' title='bbox 496 422 540 449; x_wconf 83' lang='grc' dir='ltr'>τε</span> <span class='ocrx_word' id='word_1_16' title='bbox 600 405 719 449; x_wconf 79' lang='grc' dir='ltr'><em>δειλὰ</em></span> <span class='ocrx_word' id='word_1_17' title='bbox 776 405 850 448; x_wconf 78' lang='grc' dir='ltr'><em>καὶ</em></span> <span class='ocrx_word' id='word_1_18' title='bbox 897 403 1113 458; x_wconf 79' lang='grc' dir='ltr'><em>ἐδώδιμα,</em></span> <span class='ocrx_word' id='word_1_19' title='bbox 1167 406 1307 445; x_wconf 82' lang='grc' dir='ltr'><em>ταῦτα</em></span> <span class='ocrx_word' id='word_1_20' title='bbox 1364 406 1443 459; x_wconf 78' lang='grc' dir='ltr'>μὲν</span> 
     </span>
     <span class='ocr_line' id='line_1_5' title="bbox 164 473 1503 532; baseline -0.007 -6"><span class='ocrx_word' id='word_1_21' title='bbox 164 482 308 526; x_wconf 81' lang='grc' dir='ltr'><em>πάντα</em></span> <span class='ocrx_word' id='word_1_22' title='bbox 346 477 571 531; x_wconf 78' lang='grc' dir='ltr'><em>πολύγονα</em></span> <span class='ocrx_word' id='word_1_23' title='bbox 609 478 865 532; x_wconf 84' lang='grc' dir='ltr'><em>πεποίηκεν,</em></span> <span class='ocrx_word' id='word_1_24' title='bbox 908 476 983 517; x_wconf 81' lang='grc' dir='ltr'><em>ἴνα</em></span> <span class='ocrx_word' id='word_1_25' title='bbox 1013 473 1071 529; x_wconf 79' lang='grc' dir='ltr'>μή</span> <span class='ocrx_word' id='word_1_26' title='bbox 1113 473 1288 531; x_wconf 78' lang='grc' dir='ltr'><em>ἐπιλίπῃ</em></span> <span class='ocrx_word' id='word_1_27' title='bbox 1327 484 1503 518; x_wconf 68' lang='grc' dir='ltr'><em>κατε-63</em></span> 
     </span>
     <span class='ocr_line' id='line_1_6' title="bbox 167 543 1441 606; baseline -0.006 -11"><span class='ocrx_word' id='word_1_28' title='bbox 167 551 400 606; x_wconf 76' lang='grc' dir='ltr'><em>σθιὸμενα·</em></span> <span class='ocrx_word' id='word_1_29' title='bbox 451 547 534 591; x_wconf 83' lang='grc' dir='ltr'><em>ὅσα</em></span> <span class='ocrx_word' id='word_1_30' title='bbox 574 548 619 591; x_wconf 70' lang='grc' dir='ltr'>δὲ·</span> <span class='ocrx_word' id='word_1_31' title='bbox 659 548 829 604; x_wconf 80' lang='grc' dir='ltr'><em>σχέτλια</em></span> <span class='ocrx_word' id='word_1_32' title='bbox 864 546 937 590; x_wconf 81' lang='grc' dir='ltr'><em>καὶ</em></span> <span class='ocrx_word' id='word_1_33' title='bbox 968 544 1152 602; x_wconf 76' lang='grc' dir='ltr'><em>ἀνιηρά,</em></span> <span class='ocrx_word' id='word_1_34' title='bbox 1191 543 1441 600; x_wconf 80' lang='grc' dir='ltr'><em>ὀλιγόγονα.</em></span> 
     </span>
     <span class='ocr_line' id='line_1_7' title="bbox 135 615 1443 676; baseline -0.006 -10"><span class='ocrx_word' id='word_1_35' title='bbox 135 625 298 666; x_wconf 83' lang='grc' dir='ltr'><em>3τοῦτο</em></span> <span class='ocrx_word' id='word_1_36' title='bbox 330 619 431 675; x_wconf 77' lang='grc' dir='ltr'>μὲν,</span> <span class='ocrx_word' id='word_1_37' title='bbox 473 618 541 662; x_wconf 85' lang='grc' dir='ltr'><em>ὅτι</em></span> <span class='ocrx_word' id='word_1_38' title='bbox 572 618 595 661; x_wconf 86' lang='grc' dir='ltr'>ὁ</span> <span class='ocrx_word' id='word_1_39' title='bbox 624 620 757 676; x_wconf 80' lang='grc' dir='ltr'><em>λαγός</em></span> <span class='ocrx_word' id='word_1_40' title='bbox 787 617 876 662; x_wconf 83' lang='grc' dir='ltr'>ὑπὸ</span> <span class='ocrx_word' id='word_1_41' title='bbox 907 615 1073 666; x_wconf 78' lang='grc' dir='ltr'><em>παντὸς</em></span> <span class='ocrx_word' id='word_1_42' title='bbox 1101 615 1336 672; x_wconf 75' lang='grc' dir='ltr'><em>θηρεύεται</em></span> <span class='ocrx_word' id='word_1_43' title='bbox 1365 621 1443 671; x_wconf 82' lang='grc' dir='ltr'>θη-</span> 
     </span>
     <span class='ocr_line' id='line_1_8' title="bbox 163 684 1444 749; baseline -0.005 -13"><span class='ocrx_word' id='word_1_44' title='bbox 163 695 262 749; x_wconf 81' lang='grc' dir='ltr'><em>ρίου</em></span> <span class='ocrx_word' id='word_1_45' title='bbox 291 691 362 735; x_wconf 84' lang='grc' dir='ltr'><em>καὶ</em></span> <span class='ocrx_word' id='word_1_46' title='bbox 394 689 578 745; x_wconf 79' lang='grc' dir='ltr'><em>ὄρνιθος</em></span> <span class='ocrx_word' id='word_1_47' title='bbox 607 690 680 733; x_wconf 80' lang='grc' dir='ltr'><em>καὶ</em></span> <span class='ocrx_word' id='word_1_48' title='bbox 710 688 975 744; x_wconf 70' lang='grc' dir='ltr'>ἀνθρώπους</span> <span class='ocrx_word' id='word_1_49' title='bbox 1009 687 1126 731; x_wconf 80' lang='grc' dir='ltr'><em>οὕτω</em></span> <span class='ocrx_word' id='word_1_50' title='bbox 1157 684 1210 743; x_wconf 83' lang='grc' dir='ltr'>δή</span> <span class='ocrx_word' id='word_1_51' title='bbox 1240 703 1281 730; x_wconf 85' lang='grc' dir='ltr'><em>τι</em></span> <span class='ocrx_word' id='word_1_52' title='bbox 1309 684 1444 729; x_wconf 86' lang='grc' dir='ltr'><em>πολύ-</em></span> 
     </span>
     <span class='ocr_line' id='line_1_9' title="bbox 160 758 1442 820; baseline -0.005 -13"><span class='ocrx_word' id='word_1_53' title='bbox 160 762 299 820; x_wconf 79' lang='grc' dir='ltr'><em>γονόν</em></span> <span class='ocrx_word' id='word_1_54' title='bbox 336 762 450 814; x_wconf 81' lang='grc' dir='ltr'><em>ἐστι,</em></span> <span class='ocrx_word' id='word_1_55' title='bbox 494 761 789 805; x_wconf 79' lang='grc' dir='ltr'><em>ἐπικυΐσκεται</em></span> <span class='ocrx_word' id='word_1_56' title='bbox 826 765 995 817; x_wconf 84' lang='grc' dir='ltr'><em>μοῦνον</em></span> <span class='ocrx_word' id='word_1_57' title='bbox 1032 758 1212 803; x_wconf 80' lang='grc' dir='ltr'><em>πάντων</em></span> <span class='ocrx_word' id='word_1_58' title='bbox 1251 759 1442 814; x_wconf 80' lang='grc' dir='ltr'><em>θηρίων·</em></span> 
     </span>
    </p>
   </div>
   <div class='ocr_carea' id='block_1_4' title="bbox 107 876 383 884">
    <p class='ocr_par' dir='ltr' id='par_1_4' title="bbox 107 876 383 884">
     <span class='ocr_line' id='line_1_10' title="bbox 107 876 383 884; baseline 0 2372"><span class='ocrx_word' id='word_1_59' title='bbox 107 876 383 884; x_wconf 95' lang='lat' dir='ltr'> </span> 
     </span>
    </p>
   </div>
   <div class='ocr_carea' id='block_1_5' title="bbox 103 943 776 2926">
    <p class='ocr_par' dir='ltr' id='par_1_5' title="bbox 103 943 776 1559">
     <span class='ocr_line' id='line_1_11' title="bbox 103 943 774 994; baseline -0.009 -8"><span class='ocrx_word' id='word_1_60' title='bbox 103 961 145 986; x_wconf 89' lang='lat' dir='ltr'>se</span> <span class='ocrx_word' id='word_1_61' title='bbox 165 947 371 986; x_wconf 88' lang='lat' dir='ltr'>censendus</span> <span class='ocrx_word' id='word_1_62' title='bbox 391 947 447 982; x_wconf 83' lang='lat' dir='ltr'>est</span> <span class='ocrx_word' id='word_1_63' title='bbox 465 957 533 994; x_wconf 87' lang='lat' dir='ltr'>pro</span> <span class='ocrx_word' id='word_1_64' title='bbox 554 956 612 992; x_wconf 89' lang='lat' dir='ltr'>eo,</span> <span class='ocrx_word' id='word_1_65' title='bbox 642 944 705 994; x_wconf 88' lang='lat' dir='ltr'>qui</span> <span class='ocrx_word' id='word_1_66' title='bbox 736 943 774 980; x_wconf 91' lang='lat' dir='ltr'>in</span> 
     </span>
     <span class='ocr_line' id='line_1_12' title="bbox 104 1001 774 1056; baseline -0.007 -14"><span class='ocrx_word' id='word_1_67' title='bbox 104 1006 186 1056; x_wconf 87' lang='lat' dir='ltr'>ipso</span> <span class='ocrx_word' id='word_1_68' title='bbox 207 1005 337 1051; x_wconf 85' lang='lat' dir='ltr'>inerat,</span> <span class='ocrx_word' id='word_1_69' title='bbox 350 1013 436 1040; x_wconf 89' lang='lat' dir='ltr'>vero</span> <span class='ocrx_word' id='word_1_70' title='bbox 456 1001 642 1050; x_wconf 78' lang='lat' dir='ltr'>religionis</span> <span class='ocrx_word' id='word_1_71' title='bbox 664 1013 774 1038; x_wconf 89' lang='lat' dir='ltr'>sensu</span> 
     </span>
     <span class='ocr_line' id='line_1_13' title="bbox 105 1058 775 1110; baseline -0.009 -11"><span class='ocrx_word' id='word_1_72' title='bbox 105 1067 144 1099; x_wconf 81' lang='lat' dir='ltr'>et</span> <span class='ocrx_word' id='word_1_73' title='bbox 164 1060 313 1110; x_wconf 82' lang='lat' dir='ltr'>ingenio</span> <span class='ocrx_word' id='word_1_74' title='bbox 329 1071 440 1109; x_wconf 85' lang='lat' dir='ltr'>supra</span> <span class='ocrx_word' id='word_1_75' title='bbox 460 1058 589 1107; x_wconf 83' lang='lat' dir='ltr'>vulgus</span> <span class='ocrx_word' id='word_1_76' title='bbox 609 1062 645 1094; x_wconf 87' lang='lat' dir='ltr'>et</span> <span class='ocrx_word' id='word_1_77' title='bbox 658 1058 775 1095; x_wconf 88' lang='lat' dir='ltr'>omni-</span> 
     </span>
     <span class='ocr_line' id='line_1_14' title="bbox 104 1116 774 1168; baseline -0.006 -14"><span class='ocrx_word' id='word_1_78' title='bbox 104 1130 153 1155; x_wconf 90' lang='lat' dir='ltr'>no</span> <span class='ocrx_word' id='word_1_79' title='bbox 186 1129 298 1168; x_wconf 88' lang='lat' dir='ltr'>supra</span> <span class='ocrx_word' id='word_1_80' title='bbox 335 1128 436 1152; x_wconf 89' lang='lat' dir='ltr'>suam</span> <span class='ocrx_word' id='word_1_81' title='bbox 465 1116 579 1164; x_wconf 90' lang='lat' dir='ltr'>ipsius</span> <span class='ocrx_word' id='word_1_82' title='bbox 613 1120 774 1151; x_wconf 85' lang='lat' dir='ltr'>aetatem</span> 
     </span>
     <span class='ocr_line' id='line_1_15' title="bbox 105 1171 776 1220; baseline -0.004 -9"><span class='ocrx_word' id='word_1_83' title='bbox 105 1174 291 1212; x_wconf 85' lang='lat' dir='ltr'>eminenti.</span> <span class='ocrx_word' id='word_1_84' title='bbox 321 1171 427 1210; x_wconf 80' lang='lat' dir='ltr'>Facit</span> <span class='ocrx_word' id='word_1_85' title='bbox 446 1171 527 1218; x_wconf 88' lang='lat' dir='ltr'>huc,</span> <span class='ocrx_word' id='word_1_86' title='bbox 548 1171 649 1220; x_wconf 92' lang='lat' dir='ltr'>quod</span> <span class='ocrx_word' id='word_1_87' title='bbox 661 1171 776 1208; x_wconf 85' lang='lat' dir='ltr'>Athe-</span> 
     </span>
     <span class='ocr_line' id='line_1_16' title="bbox 104 1227 776 1277; baseline -0.009 -9"><span class='ocrx_word' id='word_1_88' title='bbox 104 1231 162 1268; x_wconf 90' lang='lat' dir='ltr'>nis</span> <span class='ocrx_word' id='word_1_89' title='bbox 190 1229 322 1268; x_wconf 83' lang='lat' dir='ltr'>cultam</span> <span class='ocrx_word' id='word_1_90' title='bbox 346 1229 456 1265; x_wconf 86' lang='lat' dir='ltr'>fuisse</span> <span class='ocrx_word' id='word_1_91' title='bbox 477 1228 682 1277; x_wconf 86' lang='lat' dir='ltr'>accepimus</span> <span class='ocrx_word' id='word_1_92' title='bbox 703 1227 776 1263; x_wconf 79' lang='lat' dir='ltr'>Mi-</span> 
     </span>
     <span class='ocr_line' id='line_1_17' title="bbox 104 1281 775 1336; baseline -0.007 -12"><span class='ocrx_word' id='word_1_93' title='bbox 104 1299 253 1325; x_wconf 86' lang='lat' dir='ltr'>nervam</span> <span class='ocrx_word' id='word_1_94' title='bbox 279 1281 501 1336; x_wconf 83' lang='grc' dir='ltr'><em>Πρόνοιαν,</em></span> <span class='ocrx_word' id='word_1_95' title='bbox 527 1285 574 1321; x_wconf 93' lang='lat' dir='ltr'>de</span> <span class='ocrx_word' id='word_1_96' title='bbox 595 1296 668 1333; x_wconf 87' lang='lat' dir='ltr'>qua</span> <span class='ocrx_word' id='word_1_97' title='bbox 690 1287 775 1334; x_wconf 85' lang='lat' dir='ltr'>post</span> 
     </span>
     <span class='ocr_line' id='line_1_18' title="bbox 106 1340 773 1393; baseline -0.007 -12"><span class='ocrx_word' id='word_1_98' title='bbox 106 1343 276 1393; x_wconf 84' lang='lat' dir='ltr'>Lennep.</span> <span class='ocrx_word' id='word_1_99' title='bbox 298 1341 320 1378; x_wconf 84' lang='lat' dir='ltr'>l.</span> <span class='ocrx_word' id='word_1_100' title='bbox 343 1342 365 1379; x_wconf 93' lang='lat' dir='ltr'>l.</span> <span class='ocrx_word' id='word_1_101' title='bbox 395 1340 510 1377; x_wconf 87' lang='lat' dir='ltr'>multa</span> <span class='ocrx_word' id='word_1_102' title='bbox 536 1341 712 1378; x_wconf 84' lang='lat' dir='ltr'>Creuzer.</span> <span class='ocrx_word' id='word_1_103' title='bbox 736 1341 773 1377; x_wconf 91' lang='lat' dir='ltr'>in</span> 
     </span>
     <span class='ocr_line' id='line_1_19' title="bbox 105 1398 772 1450; baseline 0.001 -13"><span class='ocrx_word' id='word_1_104' title='bbox 105 1399 268 1450; x_wconf 91' lang='lat' dir='ltr'>Symbol.</span> <span class='ocrx_word' id='word_1_105' title='bbox 290 1398 323 1435; x_wconf 93' lang='lat' dir='ltr'>ll</span> <span class='ocrx_word' id='word_1_106' title='bbox 346 1410 432 1449; x_wconf 86' lang='lat' dir='ltr'>pag.</span> <span class='ocrx_word' id='word_1_107' title='bbox 455 1399 536 1438; x_wconf 84' lang='lat'>713</span> <span class='ocrx_word' id='word_1_108' title='bbox 555 1410 659 1446; x_wconf 87' lang='lat' dir='ltr'>seqq.</span> <span class='ocrx_word' id='word_1_109' title='bbox 688 1400 772 1438; x_wconf 86' lang='lat'>790</span> 
     </span>
     <span class='ocr_line' id='line_1_20' title="bbox 105 1454 772 1506; baseline -0.006 -11"><span class='ocrx_word' id='word_1_110' title='bbox 105 1469 209 1506; x_wconf 88' lang='lat' dir='ltr'>seqq.</span> <span class='ocrx_word' id='word_1_111' title='bbox 282 1455 332 1493; x_wconf 85' lang='lat' dir='ltr'>Et</span> <span class='ocrx_word' id='word_1_112' title='bbox 361 1454 455 1491; x_wconf 87' lang='lat' dir='ltr'>conf.</span> <span class='ocrx_word' id='word_1_113' title='bbox 488 1455 648 1504; x_wconf 89' lang='lat' dir='ltr'>denique</span> <span class='ocrx_word' id='word_1_114' title='bbox 679 1458 772 1491; x_wconf 86' lang='lat' dir='ltr'>nott.</span> 
     </span>
     <span class='ocr_line' id='line_1_21' title="bbox 104 1506 456 1559; baseline -0.011 -8"><span class='ocrx_word' id='word_1_115' title='bbox 104 1514 155 1551; x_wconf 83' lang='lat' dir='ltr'>ad</span> <span class='ocrx_word' id='word_1_116' title='bbox 177 1506 318 1550; x_wconf 82' lang='lat' dir='ltr'>Herod.</span> <span class='ocrx_word' id='word_1_117' title='bbox 339 1512 369 1559; x_wconf 85' lang='lat' dir='ltr'>I,</span> <span class='ocrx_word' id='word_1_118' title='bbox 389 1513 456 1552; x_wconf 79' lang='grc'>92.</span> 
     </span>
    </p>

    <p class='ocr_par' dir='ltr' id='par_1_6' title="bbox 105 1563 776 2246">
     <span class='ocr_line' id='line_1_22' title="bbox 163 1563 770 1617; baseline -0.01 -8"><span class='ocrx_word' id='word_1_119' title='bbox 163 1568 267 1609; x_wconf 73' lang='grc' dir='ltr'><em>ἔστι</em></span> <span class='ocrx_word' id='word_1_120' title='bbox 287 1567 443 1608; x_wconf 78' lang='grc' dir='ltr'><em>ἐοῦσα</em></span> <span class='ocrx_word' id='word_1_121' title='bbox 463 1563 588 1617; x_wconf 81' lang='grc' dir='ltr'><em>σοφή]</em></span> <span class='ocrx_word' id='word_1_122' title='bbox 620 1567 675 1604; x_wconf 85' lang='lat' dir='ltr'>Ita</span> <span class='ocrx_word' id='word_1_123' title='bbox 690 1580 770 1604; x_wconf 90' lang='lat' dir='ltr'>cum</span> 
     </span>
     <span class='ocr_line' id='line_1_23' title="bbox 105 1624 772 1675; baseline -0.004 -11"><span class='ocrx_word' id='word_1_124' title='bbox 105 1625 310 1675; x_wconf 81' lang='lat' dir='ltr'>Schweigh.</span> <span class='ocrx_word' id='word_1_125' title='bbox 331 1629 367 1663; x_wconf 90' lang='lat' dir='ltr'>et</span> <span class='ocrx_word' id='word_1_126' title='bbox 381 1624 500 1662; x_wconf 85' lang='lat' dir='ltr'>Gaisf.</span> <span class='ocrx_word' id='word_1_127' title='bbox 522 1625 684 1661; x_wconf 76' lang='lat' dir='ltr'>distinxi.</span> <span class='ocrx_word' id='word_1_128' title='bbox 714 1625 745 1661; x_wconf 88' lang='lat' dir='ltr'>T</span> <span class='ocrx_word' id='word_1_129' title='bbox 749 1638 772 1661; x_wconf 92' lang='lat' dir='ltr'>u</span> 
     </span>
     <span class='ocr_line' id='line_1_24' title="bbox 107 1680 774 1731; baseline -0.004 -11"><span class='ocrx_word' id='word_1_130' title='bbox 107 1684 203 1721; x_wconf 82' lang='lat' dir='ltr'>conf.</span> <span class='ocrx_word' id='word_1_131' title='bbox 224 1684 287 1729; x_wconf 85' lang='lat' dir='ltr'>lll,</span> <span class='ocrx_word' id='word_1_132' title='bbox 306 1682 374 1728; x_wconf 83' lang='grc'>49,</span> <span class='ocrx_word' id='word_1_133' title='bbox 395 1687 431 1719; x_wconf 87' lang='lat' dir='ltr'>et</span> <span class='ocrx_word' id='word_1_134' title='bbox 451 1695 546 1731; x_wconf 82' lang='lat' dir='ltr'>quae</span> <span class='ocrx_word' id='word_1_135' title='bbox 567 1680 696 1718; x_wconf 86' lang='lat' dir='ltr'>similia</span> <span class='ocrx_word' id='word_1_136' title='bbox 717 1686 774 1718; x_wconf 86' lang='lat' dir='ltr'>at-</span> 
     </span>
     <span class='ocr_line' id='line_1_25' title="bbox 106 1737 773 1777; baseline -0.004 0"><span class='ocrx_word' id='word_1_137' title='bbox 106 1740 189 1777; x_wconf 81' lang='lat' dir='ltr'>tulit</span> <span class='ocrx_word' id='word_1_138' title='bbox 216 1739 447 1777; x_wconf 87' lang='lat' dir='ltr'>Boissonade</span> <span class='ocrx_word' id='word_1_139' title='bbox 486 1739 535 1774; x_wconf 89' lang='lat' dir='ltr'>ad</span> <span class='ocrx_word' id='word_1_140' title='bbox 565 1737 773 1774; x_wconf 81' lang='lat' dir='ltr'>Philostrat.</span> 
     </span>
     <span class='ocr_line' id='line_1_26' title="bbox 107 1796 774 1847; baseline -0.001 -13"><span class='ocrx_word' id='word_1_141' title='bbox 107 1797 276 1834; x_wconf 86' lang='lat' dir='ltr'>Heroicc.</span> <span class='ocrx_word' id='word_1_142' title='bbox 299 1808 386 1847; x_wconf 83' lang='lat' dir='ltr'>pag.</span> <span class='ocrx_word' id='word_1_143' title='bbox 406 1796 500 1836; x_wconf 79' lang='lat'>522.</span> <span class='ocrx_word' id='word_1_144' title='bbox 523 1796 605 1835; x_wconf 81' lang='lat'>660</span> <span class='ocrx_word' id='word_1_145' title='bbox 623 1807 702 1843; x_wconf 83' lang='lat' dir='ltr'>seq.</span> <span class='ocrx_word' id='word_1_146' title='bbox 717 1815 774 1823; x_wconf 90' lang='lat'>—-</span> 
     </span>
     <span class='ocr_line' id='line_1_27' title="bbox 107 1847 772 1904; baseline -0.005 -13"><span class='ocrx_word' id='word_1_147' title='bbox 107 1854 279 1891; x_wconf 68' lang='lat' dir='ltr'>voculam</span> <span class='ocrx_word' id='word_1_148' title='bbox 301 1848 376 1904; x_wconf 75' lang='grc' dir='ltr'>γὰρ</span> <span class='ocrx_word' id='word_1_149' title='bbox 401 1856 485 1901; x_wconf 87' lang='lat' dir='ltr'>post</span> <span class='ocrx_word' id='word_1_150' title='bbox 511 1847 586 1890; x_wconf 73' lang='grc' dir='ltr'><em>ὅσα</em></span> <span class='ocrx_word' id='word_1_151' title='bbox 615 1849 686 1902; x_wconf 81' lang='grc' dir='ltr'>μὲν</span> <span class='ocrx_word' id='word_1_152' title='bbox 717 1853 772 1888; x_wconf 86' lang='lat' dir='ltr'>in-</span> 
     </span>
     <span class='ocr_line' id='line_1_28' title="bbox 106 1908 774 1948; baseline -0.003 0"><span class='ocrx_word' id='word_1_153' title='bbox 106 1916 250 1948; x_wconf 80' lang='lat' dir='ltr'>vectam</span> <span class='ocrx_word' id='word_1_154' title='bbox 273 1914 424 1946; x_wconf 89' lang='lat' dir='ltr'>recentt.</span> <span class='ocrx_word' id='word_1_155' title='bbox 445 1908 503 1946; x_wconf 87' lang='lat' dir='ltr'>ed.</span> <span class='ocrx_word' id='word_1_156' title='bbox 523 1909 602 1945; x_wconf 86' lang='lat' dir='ltr'>iure</span> <span class='ocrx_word' id='word_1_157' title='bbox 627 1908 774 1946; x_wconf 85' lang='lat' dir='ltr'>deleve-</span> 
     </span>
     <span class='ocr_line' id='line_1_29' title="bbox 105 1964 773 2015; baseline -0.004 -11"><span class='ocrx_word' id='word_1_158' title='bbox 105 1972 199 2004; x_wconf 83' lang='lat' dir='ltr'>runt.</span> <span class='ocrx_word' id='word_1_159' title='bbox 240 1967 296 2003; x_wconf 88' lang='lat' dir='ltr'>Cf.</span> <span class='ocrx_word' id='word_1_160' title='bbox 322 1965 424 2002; x_wconf 85' lang='lat' dir='ltr'>Reiz.</span> <span class='ocrx_word' id='word_1_161' title='bbox 460 1964 579 2002; x_wconf 85' lang='lat' dir='ltr'>Praef.</span> <span class='ocrx_word' id='word_1_162' title='bbox 613 1978 649 2015; x_wconf 85' lang='lat' dir='ltr'>p.</span> <span class='ocrx_word' id='word_1_163' title='bbox 672 1964 773 2002; x_wconf 85' lang='lat' dir='ltr'>XIX.</span> 
     </span>
     <span class='ocr_line' id='line_1_30' title="bbox 107 2020 776 2061; baseline 0 0"><span class='ocrx_word' id='word_1_164' title='bbox 107 2024 197 2061; x_wconf 89' lang='lat' dir='ltr'>Mox</span> <span class='ocrx_word' id='word_1_165' title='bbox 211 2037 291 2060; x_wconf 91' lang='lat' dir='ltr'>cum</span> <span class='ocrx_word' id='word_1_166' title='bbox 313 2022 444 2059; x_wconf 87' lang='lat' dir='ltr'>iisdem</span> <span class='ocrx_word' id='word_1_167' title='bbox 467 2022 636 2059; x_wconf 85' lang='lat' dir='ltr'>dedimus</span> <span class='ocrx_word' id='word_1_168' title='bbox 654 2020 776 2061; x_wconf 79' lang='grc' dir='ltr'><em>ἐπιλί-</em></span> 
     </span>
     <span class='ocr_line' id='line_1_31' title="bbox 105 2078 775 2135; baseline -0.001 -19"><span class='ocrx_word' id='word_1_169' title='bbox 105 2096 161 2135; x_wconf 78' lang='grc' dir='ltr'>πῃ</span> <span class='ocrx_word' id='word_1_170' title='bbox 189 2093 255 2131; x_wconf 88' lang='lat' dir='ltr'>pro</span> <span class='ocrx_word' id='word_1_171' title='bbox 282 2079 380 2128; x_wconf 90' lang='lat' dir='ltr'>vulg.</span> <span class='ocrx_word' id='word_1_172' title='bbox 402 2078 643 2129; x_wconf 80' lang='grc' dir='ltr'><em>ἐπιλίπηται,</em></span> <span class='ocrx_word' id='word_1_173' title='bbox 673 2079 775 2128; x_wconf 87' lang='lat' dir='ltr'>quod</span> 
     </span>
     <span class='ocr_line' id='line_1_32' title="bbox 106 2136 773 2175; baseline -0.003 0"><span class='ocrx_word' id='word_1_174' title='bbox 106 2138 258 2175; x_wconf 78' lang='lat' dir='ltr'>retinuit</span> <span class='ocrx_word' id='word_1_175' title='bbox 278 2136 410 2173; x_wconf 78' lang='lat' dir='ltr'>Matth.</span> <span class='ocrx_word' id='word_1_176' title='bbox 443 2136 525 2173; x_wconf 87' lang='lat' dir='ltr'>Vid.</span> <span class='ocrx_word' id='word_1_177' title='bbox 548 2136 706 2174; x_wconf 87' lang='lat' dir='ltr'>Werfer.</span> <span class='ocrx_word' id='word_1_178' title='bbox 735 2137 773 2173; x_wconf 89' lang='lat' dir='ltr'>in</span> 
     </span>
     <span class='ocr_line' id='line_1_33' title="bbox 105 2192 771 2246; baseline -0.005 -14"><span class='ocrx_word' id='word_1_179' title='bbox 105 2194 203 2232; x_wconf 66' lang='lat' dir='ltr'>Aett.</span> <span class='ocrx_word' id='word_1_180' title='bbox 230 2193 329 2246; x_wconf 83' lang='lat' dir='ltr'>phill.</span> <span class='ocrx_word' id='word_1_181' title='bbox 356 2192 524 2230; x_wconf 83' lang='lat' dir='ltr'>Monacc.</span> <span class='ocrx_word' id='word_1_182' title='bbox 548 2193 576 2241; x_wconf 79' lang='grc' dir='ltr'>Ι,</span> <span class='ocrx_word' id='word_1_183' title='bbox 600 2197 619 2233; x_wconf 86' lang='grc'>1</span> <span class='ocrx_word' id='word_1_184' title='bbox 648 2207 684 2243; x_wconf 87' lang='lat' dir='ltr'>p.</span> <span class='ocrx_word' id='word_1_185' title='bbox 706 2195 771 2235; x_wconf 90' lang='lat'>86.</span> 
     </span>
    </p>

    <p class='ocr_par' dir='ltr' id='par_1_7' title="bbox 106 2246 774 2926">
     <span class='ocr_line' id='line_1_34' title="bbox 162 2246 772 2300; baseline -0.007 -10"><span class='ocrx_word' id='word_1_186' title='bbox 162 2249 230 2290; x_wconf 77' lang='grc' dir='ltr'><em>καὶ</em></span> <span class='ocrx_word' id='word_1_187' title='bbox 249 2246 413 2300; x_wconf 73' lang='grc' dir='ltr'><em>οἷνιηροὲ]</em></span> <span class='ocrx_word' id='word_1_188' title='bbox 435 2250 459 2289; x_wconf 86' lang='lat' dir='ltr'>i.</span> <span class='ocrx_word' id='word_1_189' title='bbox 479 2263 511 2287; x_wconf 89' lang='lat' dir='ltr'>e.</span> <span class='ocrx_word' id='word_1_190' title='bbox 534 2251 691 2297; x_wconf 85' lang='lat' dir='ltr'>molesta,</span> <span class='ocrx_word' id='word_1_191' title='bbox 709 2264 772 2287; x_wconf 77' lang='lat' dir='ltr'>no-</span> 
     </span>
     <span class='ocr_line' id='line_1_35' title="bbox 108 2306 771 2358; baseline -0.002 -13"><span class='ocrx_word' id='word_1_192' title='bbox 108 2310 208 2354; x_wconf 79' lang='lat' dir='ltr'>civa,</span> <span class='ocrx_word' id='word_1_193' title='bbox 238 2307 393 2358; x_wconf 77' lang='lat' dir='ltr'>infensa.</span> <span class='ocrx_word' id='word_1_194' title='bbox 471 2306 584 2350; x_wconf 84' lang='lat' dir='ltr'>Quod</span> <span class='ocrx_word' id='word_1_195' title='bbox 624 2320 705 2344; x_wconf 91' lang='lat' dir='ltr'>cum</span> <span class='ocrx_word' id='word_1_196' title='bbox 734 2307 771 2344; x_wconf 90' lang='lat' dir='ltr'>in</span> 
     </span>
     <span class='ocr_line' id='line_1_36' title="bbox 107 2364 773 2415; baseline -0.002 -13"><span class='ocrx_word' id='word_1_197' title='bbox 107 2365 266 2412; x_wconf 83' lang='lat' dir='ltr'>leaenas,</span> <span class='ocrx_word' id='word_1_198' title='bbox 295 2365 453 2415; x_wconf 75' lang='lat' dir='ltr'>viperaS,</span> <span class='ocrx_word' id='word_1_199' title='bbox 472 2364 519 2401; x_wconf 88' lang='lat' dir='ltr'>de</span> <span class='ocrx_word' id='word_1_200' title='bbox 537 2365 670 2413; x_wconf 90' lang='lat' dir='ltr'>quibus</span> <span class='ocrx_word' id='word_1_201' title='bbox 688 2377 773 2401; x_wconf 83' lang='lat' dir='ltr'>mox</span> 
     </span>
     <span class='ocr_line' id='line_1_37' title="bbox 106 2420 772 2470; baseline -0.003 -11"><span class='ocrx_word' id='word_1_202' title='bbox 106 2421 247 2460; x_wconf 89' lang='lat' dir='ltr'>Noster</span> <span class='ocrx_word' id='word_1_203' title='bbox 265 2422 354 2470; x_wconf 85' lang='lat' dir='ltr'>agit,</span> <span class='ocrx_word' id='word_1_204' title='bbox 370 2421 489 2458; x_wconf 87' lang='lat' dir='ltr'>minus</span> <span class='ocrx_word' id='word_1_205' title='bbox 508 2422 630 2467; x_wconf 83' lang='lat' dir='ltr'>cadat,</span> <span class='ocrx_word' id='word_1_206' title='bbox 644 2420 772 2458; x_wconf 84' lang='lat' dir='ltr'>Valck.</span> 
     </span>
     <span class='ocr_line' id='line_1_38' title="bbox 108 2475 774 2528; baseline 0.002 -14"><span class='ocrx_word' id='word_1_207' title='bbox 108 2478 181 2527; x_wconf 82' lang='lat' dir='ltr'>legi</span> <span class='ocrx_word' id='word_1_208' title='bbox 214 2478 352 2516; x_wconf 80' lang='lat' dir='ltr'>mavult</span> <span class='ocrx_word' id='word_1_209' title='bbox 382 2475 545 2528; x_wconf 75' lang='grc' dir='ltr'><em>ἄμικτα,</em></span> <span class='ocrx_word' id='word_1_210' title='bbox 577 2491 651 2527; x_wconf 89' lang='lat' dir='ltr'>qua</span> <span class='ocrx_word' id='word_1_211' title='bbox 682 2491 774 2515; x_wconf 90' lang='lat' dir='ltr'>voce</span> 
     </span>
     <span class='ocr_line' id='line_1_39' title="bbox 110 2535 773 2573; baseline 0 -2"><span class='ocrx_word' id='word_1_212' title='bbox 110 2547 183 2571; x_wconf 90' lang='lat' dir='ltr'>non</span> <span class='ocrx_word' id='word_1_213' title='bbox 220 2537 319 2573; x_wconf 88' lang='lat' dir='ltr'>serae</span> <span class='ocrx_word' id='word_1_214' title='bbox 358 2539 500 2572; x_wconf 85' lang='lat' dir='ltr'>tantum</span> <span class='ocrx_word' id='word_1_215' title='bbox 540 2536 607 2572; x_wconf 90' lang='lat' dir='ltr'>sed</span> <span class='ocrx_word' id='word_1_216' title='bbox 646 2535 773 2572; x_wconf 84' lang='lat' dir='ltr'>ferinis</span> 
     </span>
     <span class='ocr_line' id='line_1_40' title="bbox 111 2592 773 2642; baseline 0.002 -14"><span class='ocrx_word' id='word_1_217' title='bbox 111 2592 219 2628; x_wconf 85' lang='lat' dir='ltr'>ctiam</span> <span class='ocrx_word' id='word_1_218' title='bbox 241 2593 403 2630; x_wconf 90' lang='lat' dir='ltr'>moribus</span> <span class='ocrx_word' id='word_1_219' title='bbox 425 2592 551 2642; x_wconf 84' lang='lat' dir='ltr'>populi</span> <span class='ocrx_word' id='word_1_220' title='bbox 571 2592 671 2629; x_wconf 86' lang='lat' dir='ltr'>haud</span> <span class='ocrx_word' id='word_1_221' title='bbox 689 2604 773 2629; x_wconf 87' lang='lat' dir='ltr'>raro</span> 
     </span>
     <span class='ocr_line' id='line_1_41' title="bbox 111 2647 771 2699; baseline 0.005 -17"><span class='ocrx_word' id='word_1_222' title='bbox 111 2647 367 2697; x_wconf 74' lang='lat' dir='ltr'>designentur,</span> <span class='ocrx_word' id='word_1_223' title='bbox 394 2655 434 2685; x_wconf 90' lang='lat' dir='ltr'>ut</span> <span class='ocrx_word' id='word_1_224' title='bbox 455 2662 515 2699; x_wconf 86' lang='lat' dir='ltr'>ap.</span> <span class='ocrx_word' id='word_1_225' title='bbox 533 2649 771 2686; x_wconf 83' lang='lat' dir='ltr'>Demosthen.</span> 
     </span>
     <span class='ocr_line' id='line_1_42' title="bbox 111 2704 772 2756; baseline 0.003 -16"><span class='ocrx_word' id='word_1_226' title='bbox 111 2716 197 2754; x_wconf 83' lang='lat' dir='ltr'>pag.</span> <span class='ocrx_word' id='word_1_227' title='bbox 222 2704 325 2752; x_wconf 80' lang='lat'><strong>489,</strong></span> <span class='ocrx_word' id='word_1_228' title='bbox 343 2708 410 2747; x_wconf 88' lang='lat'>74.</span> <span class='ocrx_word' id='word_1_229' title='bbox 440 2706 614 2756; x_wconf 89' lang='lat' dir='ltr'>Sophocl.</span> <span class='ocrx_word' id='word_1_230' title='bbox 635 2704 671 2742; x_wconf 89' lang='lat' dir='ltr'>T</span> <span class='ocrx_word' id='word_1_231' title='bbox 674 2705 772 2742; x_wconf 89' lang='lat' dir='ltr'>rach.</span> 
     </span>
     <span class='ocr_line' id='line_1_43' title="bbox 115 2761 772 2813; baseline -0.003 -13"><span class='ocrx_word' id='word_1_232' title='bbox 115 2762 235 2800; x_wconf 87' lang='lat'>1111.</span> <span class='ocrx_word' id='word_1_233' title='bbox 290 2761 391 2799; x_wconf 85' lang='lat' dir='ltr'>Libri</span> <span class='ocrx_word' id='word_1_234' title='bbox 423 2762 548 2813; x_wconf 87' lang='lat' dir='ltr'>scripti</span> <span class='ocrx_word' id='word_1_235' title='bbox 573 2762 656 2799; x_wconf 87' lang='lat' dir='ltr'>huic</span> <span class='ocrx_word' id='word_1_236' title='bbox 683 2774 772 2799; x_wconf 90' lang='lat' dir='ltr'>con-</span> 
     </span>
     <span class='ocr_line' id='line_1_44' title="bbox 112 2816 774 2869; baseline 0.005 -16"><span class='ocrx_word' id='word_1_237' title='bbox 112 2816 270 2854; x_wconf 83' lang='lat' dir='ltr'>iecturae</span> <span class='ocrx_word' id='word_1_238' title='bbox 289 2830 363 2856; x_wconf 91' lang='lat' dir='ltr'>non</span> <span class='ocrx_word' id='word_1_239' title='bbox 380 2819 516 2865; x_wconf 88' lang='lat' dir='ltr'>favent,</span> <span class='ocrx_word' id='word_1_240' title='bbox 546 2832 656 2869; x_wconf 91' lang='lat' dir='ltr'>quam</span> <span class='ocrx_word' id='word_1_241' title='bbox 675 2818 774 2856; x_wconf 88' lang='lat' dir='ltr'>haud</span> 
     </span>
     <span class='ocr_line' id='line_1_45' title="bbox 111 2874 774 2926; baseline 0.005 -16"><span class='ocrx_word' id='word_1_242' title='bbox 111 2874 354 2912; x_wconf 87' lang='lat' dir='ltr'>necessariam</span> <span class='ocrx_word' id='word_1_243' title='bbox 420 2876 592 2926; x_wconf 88' lang='lat' dir='ltr'>equidem</span> <span class='ocrx_word' id='word_1_244' title='bbox 653 2877 774 2923; x_wconf 90' lang='lat' dir='ltr'>duco,</span> 
     </span>
    </p>
   </div>
   <div class='ocr_carea' id='block_1_6' title="bbox 828 938 1501 2923">
    <p class='ocr_par' dir='ltr' id='par_1_8' title="bbox 831 938 1499 1153">
     <span class='ocr_line' id='line_1_46' title="bbox 832 938 1499 993; baseline -0.006 -13"><span class='ocrx_word' id='word_1_245' title='bbox 832 955 1054 993; x_wconf 86' lang='lat' dir='ltr'>quamquam</span> <span class='ocrx_word' id='word_1_246' title='bbox 1105 942 1143 979; x_wconf 90' lang='lat' dir='ltr'>in</span> <span class='ocrx_word' id='word_1_247' title='bbox 1185 944 1322 980; x_wconf 82' lang='lat' dir='ltr'>textum</span> <span class='ocrx_word' id='word_1_248' title='bbox 1360 938 1499 989; x_wconf 86' lang='lat' dir='ltr'>recepit</span> 
     </span>
     <span class='ocr_line' id='line_1_47' title="bbox 831 993 1499 1049; baseline -0.007 -10"><span class='ocrx_word' id='word_1_249' title='bbox 831 1001 937 1039; x_wconf 83' lang='lat' dir='ltr'>Reiz.</span> <span class='ocrx_word' id='word_1_250' title='bbox 967 1001 1007 1037; x_wconf 92' lang='lat' dir='ltr'>ln</span> <span class='ocrx_word' id='word_1_251' title='bbox 1026 1013 1131 1049; x_wconf 86' lang='lat' dir='ltr'>seqq.</span> <span class='ocrx_word' id='word_1_252' title='bbox 1150 998 1268 1036; x_wconf 83' lang='lat' dir='ltr'>verbis</span> <span class='ocrx_word' id='word_1_253' title='bbox 1287 998 1404 1036; x_wconf 80' lang='grc' dir='ltr'><em>τοῦτο</em></span> <span class='ocrx_word' id='word_1_254' title='bbox 1425 993 1499 1047; x_wconf 77' lang='grc' dir='ltr'>μὲν</span> 
     </span>
     <span class='ocr_line' id='line_1_48' title="bbox 831 1049 1499 1107; baseline -0.003 -13"><span class='ocrx_word' id='word_1_255' title='bbox 831 1058 1060 1107; x_wconf 85' lang='lat' dir='ltr'>respondent</span> <span class='ocrx_word' id='word_1_256' title='bbox 1085 1057 1217 1093; x_wconf 77' lang='lat' dir='ltr'>verba:</span> <span class='ocrx_word' id='word_1_257' title='bbox 1248 1053 1277 1106; x_wconf 73' lang='grc' dir='ltr'><em>ἦ</em></span> <span class='ocrx_word' id='word_1_258' title='bbox 1297 1052 1339 1093; x_wconf 79' lang='grc' dir='ltr'>δὲ</span> <span class='ocrx_word' id='word_1_259' title='bbox 1364 1049 1415 1105; x_wconf 73' lang='grc' dir='ltr'>δή</span> <span class='ocrx_word' id='word_1_260' title='bbox 1435 1051 1499 1092; x_wconf 80' lang='grc' dir='ltr'><em>λέ·-</em></span> 
     </span>
     <span class='ocr_line' id='line_1_49' title="bbox 834 1115 1088 1153; baseline -0.008 -1"><span class='ocrx_word' id='word_1_261' title='bbox 834 1129 927 1153; x_wconf 86' lang='grc' dir='ltr'><em>αινα</em></span> <span class='ocrx_word' id='word_1_262' title='bbox 949 1129 986 1152; x_wconf 79' lang='grc' dir='ltr'>κ.</span> <span class='ocrx_word' id='word_1_263' title='bbox 1006 1128 1036 1151; x_wconf 85' lang='grc' dir='ltr'>τ.</span> <span class='ocrx_word' id='word_1_264' title='bbox 1055 1115 1088 1150; x_wconf 88' lang='grc' dir='ltr'>λ.</span> 
     </span>
    </p>

    <p class='ocr_par' dir='ltr' id='par_1_9' title="bbox 829 1162 1501 1443">
     <span class='ocr_line' id='line_1_50' title="bbox 891 1162 1500 1221; baseline -0.007 -12"><span class='ocrx_word' id='word_1_265' title='bbox 891 1165 954 1209; x_wconf 76' lang='grc' dir='ltr'><em>ὅτι</em></span> <span class='ocrx_word' id='word_1_266' title='bbox 972 1167 992 1208; x_wconf 81' lang='grc' dir='ltr'><strong><em>ὁ</em></strong></span> <span class='ocrx_word' id='word_1_267' title='bbox 1014 1165 1150 1221; x_wconf 74' lang='grc' dir='ltr'><em>λαγός]</em></span> <span class='ocrx_word' id='word_1_268' title='bbox 1181 1168 1303 1216; x_wconf 80' lang='lat' dir='ltr'>Vulgo</span> <span class='ocrx_word' id='word_1_269' title='bbox 1328 1162 1500 1218; x_wconf 81' lang='grc' dir='ltr'><em>λαγωὸς;</em></span> 
     </span>
     <span class='ocr_line' id='line_1_51' title="bbox 833 1222 1501 1277; baseline -0.004 -14"><span class='ocrx_word' id='word_1_270' title='bbox 833 1226 893 1263; x_wconf 86' lang='lat' dir='ltr'>alii</span> <span class='ocrx_word' id='word_1_271' title='bbox 917 1222 1060 1277; x_wconf 77' lang='grc' dir='ltr'><em>λαγώς,</em></span> <span class='ocrx_word' id='word_1_272' title='bbox 1091 1227 1207 1262; x_wconf 83' lang='lat' dir='ltr'>minus</span> <span class='ocrx_word' id='word_1_273' title='bbox 1228 1224 1399 1261; x_wconf 76' lang='lat' dir='ltr'>lonicum.</span> <span class='ocrx_word' id='word_1_274' title='bbox 1438 1223 1501 1260; x_wconf 85' lang='lat' dir='ltr'>Tu</span> 
     </span>
     <span class='ocr_line' id='line_1_52' title="bbox 832 1280 1499 1332; baseline -0.001 -13"><span class='ocrx_word' id='word_1_275' title='bbox 832 1283 904 1319; x_wconf 82' lang='lat' dir='ltr'>vid.</span> <span class='ocrx_word' id='word_1_276' title='bbox 927 1282 1123 1332; x_wconf 76' lang='lat' dir='ltr'>l&#39;hrynich.</span> <span class='ocrx_word' id='word_1_277' title='bbox 1147 1295 1233 1332; x_wconf 86' lang='lat' dir='ltr'>pag.</span> <span class='ocrx_word' id='word_1_278' title='bbox 1263 1283 1343 1322; x_wconf 84' lang='lat'>186</span> <span class='ocrx_word' id='word_1_279' title='bbox 1375 1280 1499 1329; x_wconf 86' lang='lat' dir='ltr'>ibique</span> 
     </span>
     <span class='ocr_line' id='line_1_53' title="bbox 831 1332 1500 1388; baseline -0.004 -11"><span class='ocrx_word' id='word_1_280' title='bbox 831 1339 997 1377; x_wconf 87' lang='lat' dir='ltr'>Lobeck.</span> <span class='ocrx_word' id='word_1_281' title='bbox 1055 1338 1113 1376; x_wconf 86' lang='lat' dir='ltr'>Ad</span> <span class='ocrx_word' id='word_1_282' title='bbox 1136 1351 1241 1388; x_wconf 90' lang='lat' dir='ltr'>seqq.</span> <span class='ocrx_word' id='word_1_283' title='bbox 1263 1334 1368 1376; x_wconf 79' lang='grc' dir='ltr'><em>οὕτω</em></span> <span class='ocrx_word' id='word_1_284' title='bbox 1388 1332 1438 1388; x_wconf 82' lang='grc' dir='ltr'>δή</span> <span class='ocrx_word' id='word_1_285' title='bbox 1462 1351 1500 1375; x_wconf 88' lang='grc' dir='ltr'><em>τι</em></span> 
     </span>
     <span class='ocr_line' id='line_1_54' title="bbox 829 1395 1276 1443; baseline -0.007 -9"><span class='ocrx_word' id='word_1_286' title='bbox 829 1397 926 1434; x_wconf 87' lang='lat' dir='ltr'>conf.</span> <span class='ocrx_word' id='word_1_287' title='bbox 947 1399 1040 1433; x_wconf 88' lang='lat' dir='ltr'>nott.</span> <span class='ocrx_word' id='word_1_288' title='bbox 1059 1396 1109 1432; x_wconf 88' lang='lat' dir='ltr'>ad</span> <span class='ocrx_word' id='word_1_289' title='bbox 1129 1395 1194 1443; x_wconf 87' lang='lat' dir='ltr'>Ill,</span> <span class='ocrx_word' id='word_1_290' title='bbox 1214 1397 1276 1434; x_wconf 80' lang='lat'>12.</span> 
     </span>
    </p>

    <p class='ocr_par' dir='ltr' id='par_1_10' title="bbox 828 1445 1501 2923">
     <span class='ocr_line' id='line_1_55' title="bbox 887 1445 1501 1502; baseline -0.008 -10"><span class='ocrx_word' id='word_1_291' title='bbox 887 1452 1159 1492; x_wconf 76' lang='grc' dir='ltr'><em>ἐπικυΐσκεται</em></span> <span class='ocrx_word' id='word_1_292' title='bbox 1199 1453 1354 1502; x_wconf 81' lang='grc' dir='ltr'><em>μοῦνον</em></span> <span class='ocrx_word' id='word_1_293' title='bbox 1394 1445 1501 1488; x_wconf 72' lang='grc' dir='ltr'><em>παν·</em></span> 
     </span>
     <span class='ocr_line' id='line_1_56' title="bbox 828 1506 1500 1560; baseline -0.009 -11"><span class='ocrx_word' id='word_1_294' title='bbox 828 1525 908 1549; x_wconf 88' lang='grc' dir='ltr'>των</span> <span class='ocrx_word' id='word_1_295' title='bbox 932 1508 1110 1560; x_wconf 83' lang='grc' dir='ltr'><em>θηρίων]</em></span> <span class='ocrx_word' id='word_1_296' title='bbox 1144 1508 1202 1546; x_wconf 84' lang='lat' dir='ltr'>Ad</span> <span class='ocrx_word' id='word_1_297' title='bbox 1231 1521 1309 1546; x_wconf 90' lang='lat' dir='ltr'>rem</span> <span class='ocrx_word' id='word_1_298' title='bbox 1336 1507 1396 1545; x_wconf 91' lang='lat' dir='ltr'>Tu</span> <span class='ocrx_word' id='word_1_299' title='bbox 1424 1506 1500 1543; x_wconf 86' lang='lat' dir='ltr'>vid.</span> 
     </span>
     <span class='ocr_line' id='line_1_57' title="bbox 828 1563 1499 1617; baseline -0.006 -14"><span class='ocrx_word' id='word_1_300' title='bbox 828 1572 976 1617; x_wconf 87' lang='lat' dir='ltr'>praeter</span> <span class='ocrx_word' id='word_1_301' title='bbox 1004 1566 1141 1603; x_wconf 86' lang='lat' dir='ltr'>Polluc.</span> <span class='ocrx_word' id='word_1_302' title='bbox 1172 1566 1230 1611; x_wconf 88' lang='lat' dir='ltr'>V,</span> <span class='ocrx_word' id='word_1_303' title='bbox 1260 1566 1334 1612; x_wconf 86' lang='lat'>73,</span> <span class='ocrx_word' id='word_1_304' title='bbox 1363 1563 1499 1600; x_wconf 86' lang='lat' dir='ltr'>Athen.</span> 
     </span>
     <span class='ocr_line' id='line_1_58' title="bbox 828 1620 1499 1675; baseline -0.009 -14"><span class='ocrx_word' id='word_1_305' title='bbox 828 1624 882 1661; x_wconf 89' lang='lat' dir='ltr'>lX</span> <span class='ocrx_word' id='word_1_306' title='bbox 899 1637 984 1675; x_wconf 87' lang='lat' dir='ltr'>pag.</span> <span class='ocrx_word' id='word_1_307' title='bbox 1005 1626 1089 1664; x_wconf 88' lang='lat'>400</span> <span class='ocrx_word' id='word_1_308' title='bbox 1109 1627 1146 1660; x_wconf 90' lang='lat' dir='ltr'>et</span> <span class='ocrx_word' id='word_1_309' title='bbox 1166 1622 1331 1659; x_wconf 85' lang='lat' dir='ltr'>Eustath.</span> <span class='ocrx_word' id='word_1_310' title='bbox 1350 1621 1398 1657; x_wconf 86' lang='lat' dir='ltr'>ad</span> <span class='ocrx_word' id='word_1_311' title='bbox 1418 1620 1499 1656; x_wconf 91' lang='lat' dir='ltr'>Ho-</span> 
     </span>
     <span class='ocr_line' id='line_1_59' title="bbox 830 1679 1498 1731; baseline -0.003 -12"><span class='ocrx_word' id='word_1_312' title='bbox 830 1694 919 1719; x_wconf 82' lang='lat' dir='ltr'>mer.</span> <span class='ocrx_word' id='word_1_313' title='bbox 940 1681 982 1718; x_wconf 91' lang='lat' dir='ltr'>ll.</span> <span class='ocrx_word' id='word_1_314' title='bbox 1003 1681 1073 1716; x_wconf 82' lang='grc' dir='ltr'>ΧΠ</span> <span class='ocrx_word' id='word_1_315' title='bbox 1092 1681 1288 1731; x_wconf 83' lang='lat' dir='ltr'>pag.908‚</span> <span class='ocrx_word' id='word_1_316' title='bbox 1308 1682 1334 1719; x_wconf 82' lang='grc'>2</span> <span class='ocrx_word' id='word_1_317' title='bbox 1355 1690 1382 1714; x_wconf 85' lang='lat' dir='ltr'>S·</span> <span class='ocrx_word' id='word_1_318' title='bbox 1401 1679 1498 1723; x_wconf 83' lang='grc'><strong>869,</strong></span> 
     </span>
     <span class='ocr_line' id='line_1_60' title="bbox 834 1733 1497 1785; baseline -0.003 -11"><span class='ocrx_word' id='word_1_319' title='bbox 834 1741 896 1778; x_wconf 83' lang='grc'>17.</span> <span class='ocrx_word' id='word_1_320' title='bbox 958 1737 1031 1781; x_wconf 91' lang='lat' dir='ltr'>Qui</span> <span class='ocrx_word' id='word_1_321' title='bbox 1057 1742 1212 1785; x_wconf 86' lang='lat' dir='ltr'>uterque</span> <span class='ocrx_word' id='word_1_322' title='bbox 1235 1735 1382 1773; x_wconf 76' lang='lat' dir='ltr'>exhibet</span> <span class='ocrx_word' id='word_1_323' title='bbox 1412 1733 1497 1773; x_wconf 76' lang='grc' dir='ltr'><em>ἐπι-</em></span> 
     </span>
     <span class='ocr_line' id='line_1_61' title="bbox 831 1791 1496 1840; baseline -0.009 -7"><span class='ocrx_word' id='word_1_324' title='bbox 831 1795 982 1833; x_wconf 80' lang='grc' dir='ltr'><em>κυΐσκει</em></span> <span class='ocrx_word' id='word_1_325' title='bbox 1006 1807 1059 1831; x_wconf 81' lang='grc' dir='ltr'>τε.</span> <span class='ocrx_word' id='word_1_326' title='bbox 1119 1793 1196 1830; x_wconf 90' lang='lat' dir='ltr'>Sed</span> <span class='ocrx_word' id='word_1_327' title='bbox 1217 1791 1367 1840; x_wconf 85' lang='lat' dir='ltr'>vulgata</span> <span class='ocrx_word' id='word_1_328' title='bbox 1387 1803 1496 1840; x_wconf 87' lang='lat' dir='ltr'>prae-</span> 
     </span>
     <span class='ocr_line' id='line_1_62' title="bbox 831 1846 1498 1898; baseline -0.007 -10"><span class='ocrx_word' id='word_1_329' title='bbox 831 1856 905 1888; x_wconf 74' lang='lat' dir='ltr'>stat</span> <span class='ocrx_word' id='word_1_330' title='bbox 924 1852 994 1887; x_wconf 83' lang='lat' dir='ltr'>hoe</span> <span class='ocrx_word' id='word_1_331' title='bbox 1014 1851 1090 1888; x_wconf 90' lang='lat' dir='ltr'>sere</span> <span class='ocrx_word' id='word_1_332' title='bbox 1118 1863 1248 1888; x_wconf 89' lang='lat' dir='ltr'>sensu:</span> <span class='ocrx_word' id='word_1_333' title='bbox 1279 1846 1498 1898; x_wconf 78' lang='lat' dir='ltr'>superfoeta-</span> 
     </span>
     <span class='ocr_line' id='line_1_63' title="bbox 830 1903 1499 1957; baseline -0.006 -13"><span class='ocrx_word' id='word_1_334' title='bbox 830 1912 904 1955; x_wconf 73' lang='lat' dir='ltr'>tur,</span> <span class='ocrx_word' id='word_1_335' title='bbox 928 1920 1032 1957; x_wconf 62' lang='lat' dir='ltr'>aupes</span> <span class='ocrx_word' id='word_1_336' title='bbox 1047 1909 1182 1956; x_wconf 76' lang='lat' dir='ltr'>priores</span> <span class='ocrx_word' id='word_1_337' title='bbox 1193 1905 1313 1956; x_wconf 76' lang='lat' dir='ltr'>foetus</span> <span class='ocrx_word' id='word_1_338' title='bbox 1332 1905 1405 1941; x_wconf 70' lang='lat' dir='ltr'>alio</span> <span class='ocrx_word' id='word_1_339' title='bbox 1418 1903 1499 1954; x_wconf 81' lang='lat' dir='ltr'>foe-</span> 
     </span>
     <span class='ocr_line' id='line_1_64' title="bbox 830 1961 1500 2014; baseline -0.007 -12"><span class='ocrx_word' id='word_1_340' title='bbox 830 1969 870 2002; x_wconf 71' lang='lat' dir='ltr'>ta</span> <span class='ocrx_word' id='word_1_341' title='bbox 900 1964 1058 2014; x_wconf 72' lang='lat' dir='ltr'>gravida</span> <span class='ocrx_word' id='word_1_342' title='bbox 1079 1965 1130 2014; x_wconf 84' lang='lat' dir='ltr'>fit</span> <span class='ocrx_word' id='word_1_343' title='bbox 1164 1965 1296 2008; x_wconf 63' lang='lat' dir='ltr'>bestia,</span> <span class='ocrx_word' id='word_1_344' title='bbox 1328 1975 1356 1998; x_wconf 93' lang='lat' dir='ltr'>s.</span> <span class='ocrx_word' id='word_1_345' title='bbox 1386 1961 1500 1998; x_wconf 78' lang='lat' dir='ltr'>denuo</span> 
     </span>
     <span class='ocr_line' id='line_1_65' title="bbox 831 2017 1501 2071; baseline -0.006 -12"><span class='ocrx_word' id='word_1_346' title='bbox 831 2024 993 2071; x_wconf 73' lang='lat' dir='ltr'>concipit.</span> <span class='ocrx_word' id='word_1_347' title='bbox 1051 2020 1202 2057; x_wconf 84' lang='lat' dir='ltr'>Laudat</span> <span class='ocrx_word' id='word_1_348' title='bbox 1219 2020 1394 2057; x_wconf 79' lang='lat' dir='ltr'>Valeken.</span> <span class='ocrx_word' id='word_1_349' title='bbox 1418 2017 1501 2056; x_wconf 85' lang='lat' dir='ltr'>He·-</span> 
     </span>
     <span class='ocr_line' id='line_1_66' title="bbox 829 2075 1500 2126; baseline -0.007 -10"><span class='ocrx_word' id='word_1_350' title='bbox 829 2080 909 2116; x_wconf 85' lang='lat' dir='ltr'>rod.</span> <span class='ocrx_word' id='word_1_351' title='bbox 938 2079 992 2126; x_wconf 89' lang='lat' dir='ltr'>ll,</span> <span class='ocrx_word' id='word_1_352' title='bbox 1019 2080 1086 2119; x_wconf 83' lang='lat'>93.</span> <span class='ocrx_word' id='word_1_353' title='bbox 1124 2076 1201 2123; x_wconf 88' lang='lat' dir='ltr'>IV,</span> <span class='ocrx_word' id='word_1_354' title='bbox 1232 2080 1306 2124; x_wconf 81' lang='lat'>30,</span> <span class='ocrx_word' id='word_1_355' title='bbox 1337 2076 1418 2123; x_wconf 86' lang='lat' dir='ltr'>(ubi</span> <span class='ocrx_word' id='word_1_356' title='bbox 1449 2075 1500 2112; x_wconf 84' lang='lat' dir='ltr'>sic</span> 
     </span>
     <span class='ocr_line' id='line_1_67' title="bbox 830 2131 1499 2182; baseline -0.009 -7"><span class='ocrx_word' id='word_1_357' title='bbox 830 2135 1089 2182; x_wconf 80' lang='grc' dir='ltr'><em>κυΐσκεσθαι)</em></span> <span class='ocrx_word' id='word_1_358' title='bbox 1123 2138 1161 2171; x_wconf 90' lang='lat' dir='ltr'>et</span> <span class='ocrx_word' id='word_1_359' title='bbox 1192 2134 1375 2172; x_wconf 91' lang='lat' dir='ltr'>Clement.</span> <span class='ocrx_word' id='word_1_360' title='bbox 1410 2131 1499 2170; x_wconf 83' lang='lat' dir='ltr'>Ale-</span> 
     </span>
     <span class='ocr_line' id='line_1_68' title="bbox 828 2188 1495 2241; baseline -0.007 -11"><span class='ocrx_word' id='word_1_361' title='bbox 828 2193 956 2230; x_wconf 85' lang='lat' dir='ltr'>xandr.</span> <span class='ocrx_word' id='word_1_362' title='bbox 986 2191 1148 2240; x_wconf 87' lang='lat' dir='ltr'>Paedag.</span> <span class='ocrx_word' id='word_1_363' title='bbox 1173 2190 1206 2227; x_wconf 89' lang='lat' dir='ltr'>II</span> <span class='ocrx_word' id='word_1_364' title='bbox 1233 2204 1269 2241; x_wconf 89' lang='lat' dir='ltr'>p.</span> <span class='ocrx_word' id='word_1_365' title='bbox 1295 2191 1376 2230; x_wconf 76' lang='lat'>223</span> <span class='ocrx_word' id='word_1_366' title='bbox 1407 2188 1456 2225; x_wconf 88' lang='lat' dir='ltr'>T.</span> <span class='ocrx_word' id='word_1_367' title='bbox 1483 2188 1495 2225; x_wconf 83' lang='lat' dir='ltr'>l</span> 
     </span>
     <span class='ocr_line' id='line_1_69' title="bbox 830 2245 1497 2299; baseline -0.007 -12"><span class='ocrx_word' id='word_1_368' title='bbox 830 2250 928 2287; x_wconf 81' lang='lat' dir='ltr'>Pott.</span> <span class='ocrx_word' id='word_1_369' title='bbox 950 2250 997 2286; x_wconf 88' lang='lat' dir='ltr'>de</span> <span class='ocrx_word' id='word_1_370' title='bbox 1013 2248 1145 2299; x_wconf 88' lang='lat' dir='ltr'>leporis</span> <span class='ocrx_word' id='word_1_371' title='bbox 1163 2247 1350 2284; x_wconf 84' lang='lat' dir='ltr'>salacitate</span> <span class='ocrx_word' id='word_1_372' title='bbox 1364 2245 1497 2283; x_wconf 89' lang='lat' dir='ltr'>eodem</span> 
     </span>
     <span class='ocr_line' id='line_1_70' title="bbox 828 2305 1497 2344; baseline -0.006 -1"><span class='ocrx_word' id='word_1_373' title='bbox 828 2307 943 2344; x_wconf 87' lang='lat' dir='ltr'>verbo</span> <span class='ocrx_word' id='word_1_374' title='bbox 976 2305 1284 2344; x_wconf 72' lang='grc' dir='ltr'><em>ἐπικυΐσκεσθαι</em></span> <span class='ocrx_word' id='word_1_375' title='bbox 1319 2306 1497 2340; x_wconf 87' lang='lat' dir='ltr'>utentem.</span> 
     </span>
     <span class='ocr_line' id='line_1_71' title="bbox 829 2358 1499 2411; baseline -0.007 -11"><span class='ocrx_word' id='word_1_376' title='bbox 829 2364 885 2411; x_wconf 87' lang='lat'>(„</span> <span class='ocrx_word' id='word_1_377' title='bbox 897 2362 1004 2400; x_wconf 85' lang='lat' dir='ltr'>Adde</span> <span class='ocrx_word' id='word_1_378' title='bbox 1042 2362 1185 2410; x_wconf 84' lang='lat' dir='ltr'>Georg.</span> <span class='ocrx_word' id='word_1_379' title='bbox 1236 2361 1287 2398; x_wconf 89' lang='lat' dir='ltr'>Io.</span> <span class='ocrx_word' id='word_1_380' title='bbox 1334 2358 1499 2397; x_wconf 84' lang='lat' dir='ltr'>Bekkeri</span> 
     </span>
     <span class='ocr_line' id='line_1_72' title="bbox 832 2416 1500 2470; baseline -0.009 -13"><span class='ocrx_word' id='word_1_381' title='bbox 832 2420 1029 2470; x_wconf 88' lang='lat' dir='ltr'>Specimen</span> <span class='ocrx_word' id='word_1_382' title='bbox 1066 2419 1177 2455; x_wconf 90' lang='lat' dir='ltr'>Obss.</span> <span class='ocrx_word' id='word_1_383' title='bbox 1214 2418 1253 2455; x_wconf 88' lang='lat' dir='ltr'>in</span> <span class='ocrx_word' id='word_1_384' title='bbox 1288 2416 1500 2454; x_wconf 82' lang='lat' dir='ltr'>Philostrati</span> 
     </span>
     <span class='ocr_line' id='line_1_73' title="bbox 831 2474 1500 2527; baseline -0.009 -13"><span class='ocrx_word' id='word_1_385' title='bbox 831 2478 904 2514; x_wconf 87' lang='lat' dir='ltr'>Vit.</span> <span class='ocrx_word' id='word_1_386' title='bbox 925 2474 1095 2527; x_wconf 85' lang='lat' dir='ltr'>Apollon.</span> <span class='ocrx_word' id='word_1_387' title='bbox 1122 2474 1184 2512; x_wconf 89' lang='lat' dir='ltr'>lib.</span> <span class='ocrx_word' id='word_1_388' title='bbox 1207 2476 1223 2511; x_wconf 88' lang='grc' dir='ltr'>Ι</span> <span class='ocrx_word' id='word_1_389' title='bbox 1246 2486 1332 2525; x_wconf 86' lang='lat' dir='ltr'>pag.</span> <span class='ocrx_word' id='word_1_390' title='bbox 1354 2477 1406 2515; x_wconf 79' lang='lat'>21</span> <span class='ocrx_word' id='word_1_391' title='bbox 1429 2485 1500 2522; x_wconf 92' lang='lat' dir='ltr'>sq.,</span> 
     </span>
     <span class='ocr_line' id='line_1_74' title="bbox 831 2530 1498 2583; baseline -0.009 -12"><span class='ocrx_word' id='word_1_392' title='bbox 831 2534 893 2583; x_wconf 91' lang='lat' dir='ltr'>qui</span> <span class='ocrx_word' id='word_1_393' title='bbox 932 2532 1143 2570; x_wconf 87' lang='lat' dir='ltr'>Herodotei</span> <span class='ocrx_word' id='word_1_394' title='bbox 1181 2531 1286 2568; x_wconf 90' lang='lat' dir='ltr'>huius</span> <span class='ocrx_word' id='word_1_395' title='bbox 1321 2530 1390 2567; x_wconf 89' lang='lat' dir='ltr'>loci</span> <span class='ocrx_word' id='word_1_396' title='bbox 1424 2541 1498 2566; x_wconf 92' lang='lat' dir='ltr'>non</span> 
     </span>
     <span class='ocr_line' id='line_1_75' title="bbox 830 2586 1500 2638; baseline -0.009 -10"><span class='ocrx_word' id='word_1_397' title='bbox 830 2592 1019 2628; x_wconf 88' lang='lat' dir='ltr'>immemor</span> <span class='ocrx_word' id='word_1_398' title='bbox 1054 2589 1135 2626; x_wconf 85' lang='lat' dir='ltr'>suit.</span> <span class='ocrx_word' id='word_1_399' title='bbox 1169 2586 1259 2638; x_wconf 82' lang='lat' dir='ltr'>Cr.]</span> <span class='ocrx_word' id='word_1_400' title='bbox 1319 2586 1402 2625; x_wconf 81' lang='lat' dir='ltr'>Nec</span> <span class='ocrx_word' id='word_1_401' title='bbox 1423 2587 1500 2623; x_wconf 82' lang='lat' dir='ltr'>dis-</span> 
     </span>
     <span class='ocr_line' id='line_1_76' title="bbox 831 2642 1497 2685; baseline -0.009 -1"><span class='ocrx_word' id='word_1_402' title='bbox 831 2647 960 2685; x_wconf 90' lang='lat' dir='ltr'>similia</span> <span class='ocrx_word' id='word_1_403' title='bbox 982 2646 1077 2684; x_wconf 83' lang='lat' dir='ltr'>tradi</span> <span class='ocrx_word' id='word_1_404' title='bbox 1098 2645 1201 2683; x_wconf 88' lang='lat' dir='ltr'>Idem</span> <span class='ocrx_word' id='word_1_405' title='bbox 1222 2648 1326 2682; x_wconf 89' lang='lat' dir='ltr'>notat</span> <span class='ocrx_word' id='word_1_406' title='bbox 1347 2644 1394 2680; x_wconf 86' lang='lat' dir='ltr'>ab</span> <span class='ocrx_word' id='word_1_407' title='bbox 1415 2642 1497 2679; x_wconf 89' lang='lat' dir='ltr'>Ari-</span> 
     </span>
     <span class='ocr_line' id='line_1_77' title="bbox 831 2698 1497 2752; baseline -0.014 -11"><span class='ocrx_word' id='word_1_408' title='bbox 831 2703 954 2742; x_wconf 88' lang='lat' dir='ltr'>stotel.</span> <span class='ocrx_word' id='word_1_409' title='bbox 975 2704 1022 2741; x_wconf 86' lang='lat' dir='ltr'>de</span> <span class='ocrx_word' id='word_1_410' title='bbox 1042 2716 1128 2752; x_wconf 87' lang='lat' dir='ltr'>gen.</span> <span class='ocrx_word' id='word_1_411' title='bbox 1148 2702 1219 2739; x_wconf 86' lang='lat' dir='ltr'>An.</span> <span class='ocrx_word' id='word_1_412' title='bbox 1233 2701 1297 2748; x_wconf 89' lang='lat' dir='ltr'>lV,</span> <span class='ocrx_word' id='word_1_413' title='bbox 1311 2698 1497 2740; x_wconf 89' lang='lat' dir='ltr'>5.Aelian.</span> 
     </span>
     <span class='ocr_line' id='line_1_78' title="bbox 830 2755 1497 2809; baseline -0.018 -9"><span class='ocrx_word' id='word_1_414' title='bbox 830 2760 879 2800; x_wconf 88' lang='lat' dir='ltr'>N.</span> <span class='ocrx_word' id='word_1_415' title='bbox 901 2759 946 2797; x_wconf 92' lang='lat' dir='ltr'>A.</span> <span class='ocrx_word' id='word_1_416' title='bbox 966 2761 1014 2807; x_wconf 89' lang='lat' dir='ltr'>ll,</span> <span class='ocrx_word' id='word_1_417' title='bbox 1037 2762 1113 2806; x_wconf 75' lang='lat'>123</span> <span class='ocrx_word' id='word_1_418' title='bbox 1141 2759 1274 2809; x_wconf 86' lang='lat' dir='ltr'>quibus</span> <span class='ocrx_word' id='word_1_419' title='bbox 1294 2755 1497 2794; x_wconf 84' lang='lat' dir='ltr'>Larcherus</span> 
     </span>
     <span class='ocr_line' id='line_1_79' title="bbox 831 2810 1496 2857; baseline -0.008 -3"><span class='ocrx_word' id='word_1_420' title='bbox 831 2817 937 2855; x_wconf 89' lang='lat' dir='ltr'>addit</span> <span class='ocrx_word' id='word_1_421' title='bbox 963 2815 1148 2854; x_wconf 84' lang='lat' dir='ltr'>Aristotel.</span> <span class='ocrx_word' id='word_1_422' title='bbox 1178 2814 1228 2853; x_wconf 89' lang='lat' dir='ltr'>N.</span> <span class='ocrx_word' id='word_1_423' title='bbox 1261 2813 1305 2850; x_wconf 91' lang='lat' dir='ltr'>A.</span> <span class='ocrx_word' id='word_1_424' title='bbox 1332 2811 1397 2857; x_wconf 82' lang='lat' dir='ltr'>Vl,</span> <span class='ocrx_word' id='word_1_425' title='bbox 1428 2810 1496 2850; x_wconf 86' lang='lat'>33.</span> 
     </span>
     <span class='ocr_line' id='line_1_80' title="bbox 832 2866 1499 2923; baseline -0.016 -11"><span class='ocrx_word' id='word_1_426' title='bbox 832 2875 976 2923; x_wconf 90' lang='lat' dir='ltr'>Causa,</span> <span class='ocrx_word' id='word_1_427' title='bbox 1006 2877 1046 2910; x_wconf 90' lang='lat' dir='ltr'>ut</span> <span class='ocrx_word' id='word_1_428' title='bbox 1067 2885 1126 2910; x_wconf 90' lang='lat' dir='ltr'>me</span> <span class='ocrx_word' id='word_1_429' title='bbox 1146 2869 1336 2910; x_wconf 85' lang='lat' dir='ltr'>admonuit</span> <span class='ocrx_word' id='word_1_430' title='bbox 1359 2866 1499 2904; x_wconf 81' lang='lat' dir='ltr'>doctis-</span> 
     </span>
    </p>
   </div>
  </div>
 </body>
</html>
