1879 3255
581 185 929 226 THALIA.

178 303 402 358 Αἴγυπτον
429 294 788 352 ναυτιλλομένων
819 294 1109 349 ἐννενώκασι,
1155 297 1287 339 τοῦτο
1319 296 1445 352 ἔρχο-

988 185 1051 225 111.
1417 193 1446 231 0

176 389 253 430 μαι
282 367 478 425 φράσων.
537 368 581 417 ἐς
609 369 837 423 Αἴγυπτον
872 367 919 411 ἐκ
948 370 1024 423 τῆς
1057 364 1265 417 Ἑλλάδος
1294 365 1448 422 πάσης,

175 442 248 487 καὶ
284 439 418 494 πρὸς,
458 438 504 482 ἐκ
539 440 770 494 Φοινίκης,
811 437 998 494 κέραμος
1041 436 1240 494 ἐσάγεται
1280 436 1450 492 πλήρης

176 515 305 558 οἴνου
337 512 402 562 δὶς
433 515 514 554 τοῦ
544 511 660 562 ἔτεος
689 509 897 554 ἑκάστου·
945 510 1018 554 καὶ
1054 511 1104 553 ιἐν
1143 507 1356 565 κεράμιον
1388 509 1449 551 οἰ-

171 583 310 640 νηρὸν
339 581 517 639 ἀριθμῷ
546 584 747 638 κείμενον
778 579 861 624 οὐκ
891 581 981 625 ἔστι
1021 580 1101 637 (ὦς
1142 579 1258 639 λόγῳ
1289 581 1474 631 ἐἰπεῖν)1

144 664 165 697 2
174 658 358 700 ἰδέσθαι.

346 783 453 834 Cap.
483 781 546 819 VI.

171 846 429 903 ἐννενώκασι]
445 850 505 889 Ad
518 852 669 888 formam
683 850 778 887 conf.

115 923 211 961 quae
230 909 384 947 diximus
412 909 460 945 ad
487 909 513 955 l,
539 910 590 948 10
609 907 696 955 etl,
723 908 777 948 68

114 968 196 1018 (nbi
232 980 269 1017 p.
299 968 379 1007 176
409 978 442 1002 a.
470 965 531 1002 lin.
565 965 616 1003 12
652 978 719 1014 pro
751 963 779 1010 l,

116 1025 176 1064 68
203 1023 311 1060 scribi
338 1022 449 1060 debet
469 1023 495 1068 l,
518 1023 620 1069 77);
651 1021 699 1057 ad
718 1034 778 1058 ar-

115 1084 326 1131 gumentum
347 1080 440 1117 conf.
466 1083 557 1116 nott.
582 1078 630 1114 ad
654 1077 719 1126 111,
741 1077 779 1117 5.

173 1157 345 1209 κέραμος
396 1152 576 1210 ἐσάγεται
623 1151 778 1207 πλήρης

115 1214 246 1266 οἴνου]
270 1213 440 1267 κέραμος
457 1213 642 1252 collective
659 1213 716 1250 hIc
732 1213 780 1250 de

113 1274 212 1311 vasis
222 1272 381 1323 figlinis,
411 1272 459 1310 de
477 1270 642 1308 cadorum
658 1283 687 1307 s,
710 1270 778 1307 do-

113 1329 243 1367 liorum
262 1342 401 1366 numero
423 1341 450 1365 s.
474 1326 701 1365 multitudine
722 1327 780 1363 in-

58 1405 63 1410 ·
114 1386 366 1436 telligendum.
403 1385 487 1422 Hoc
512 1398 598 1422 vero
622 1397 666 1422 ex
685 1383 783 1430 loco,

114 1444 252 1495 optime
273 1446 447 1481 monente
471 1442 630 1480 Heeren.
656 1440 782 1478 Ideen.

113 1500 143 1548 l,
165 1502 191 1540 2
210 1514 244 1550 p.
274 1502 349 1539 121
375 1504 413 1537 et
434 1499 480 1546 ll,
499 1502 524 1539 2
545 1513 581 1549 p.
603 1499 697 1544 382,
722 1498 779 1534 in—

113 1556 313 1606 telligitur,
344 1569 524 1606 quaenam
539 1568 598 1593 res
617 1568 638 1592 a
658 1555 781 1592 Phoe-

113 1615 254 1652 nicibus
278 1614 315 1650 in
333 1613 542 1664 Aegyptum
554 1641 565 1659 ,
594 1616 680 1649 tunc
696 1612 779 1648 viti-

115 1672 185 1709 bus
212 1675 418 1716 carentem,
449 1670 680 1706 introductae
700 1669 780 1705 fue-

116 1728 210 1774 rint,
242 1731 494 1777 quantumque
510 1726 584 1762 vini
603 1737 780 1762 commer-

115 1784 209 1822 cium
225 1783 385 1821 floruerit
396 1783 504 1820 hasce
520 1795 588 1833 per
601 1783 782 1831 regiones.

172 1861 242 1903 καὶ
284 1863 331 1902 ἓν
379 1858 570 1913 κεράμιον
620 1858 782 1912 οἰνηρὸν

116 1915 282 1974 άριθμῷ
306 1935 339 1958 κ.
366 1934 399 1958 τ.
431 1918 481 1970 λ.]
521 1919 544 1956 i.
576 1932 607 1956 e.
639 1919 779 1963 Quam-

116 1991 226 2027 quam
262 1981 322 2014 tot
359 1976 457 2013 dolia
506 1977 592 2013 vino
639 1975 782 2026 repleta

115 2035 315 2084 quotannis
346 2034 384 2070 in
403 2033 614 2083 Aegyptum
642 2033 781 2083 impor-

115 2096 258 2138 tantur,
289 2095 413 2128 tamen
435 2103 483 2128 ne
503 2103 613 2126 unum
633 2090 781 2139 quidem

114 2149 267 2186 istorum
284 2147 463 2185 doliorum
488 2147 694 2195 figlinorum
714 2159 782 2197 per

113 2204 324 2256 Aegyptum
351 2205 477 2244 videre
500 2204 595 2241 licet.
656 2203 782 2247 Quare

115 2262 194 2300 iure
214 2261 438 2311 quaesieris,
469 2261 557 2310 quid
578 2261 654 2297 istis
676 2260 780 2296 doliis

114 2319 202 2366 fiat,
241 2331 436 2368 quamnam
459 2318 508 2354 ad
531 2330 607 2355 rem
626 2317 781 2354 adhibe-

115 2383 222 2412 antur
247 2376 298 2412 ita
324 2380 362 2412 ut
394 2388 438 2413 ex
467 2375 655 2411 hominum
693 2387 780 2411 con-

117 2436 244 2482 spectu
270 2445 419 2482 prorsus
441 2435 677 2469 evanescant.
724 2430 782 2467 Ad

117 2487 209 2526 hanc
256 2490 507 2538 quaestionem
525 2516 536 2534 ,
591 2489 627 2525 in
671 2500 782 2536 quam

117 2557 410 2595 unumquemque
443 2549 577 2595 sponte
618 2545 781 2582 incidere

118 2607 402 2640 consentaneum
427 2608 504 2648 est,
534 2602 607 2638 iam
627 2614 782 2651 respon-

120 2656 184 2694 det
205 2658 441 2706 Herodotus,
472 2672 575 2696 usum
601 2658 781 2695 doliorum

121 2712 170 2748 ad
195 2726 307 2763 aquas
336 2729 403 2766 per
433 2716 580 2753 deserta
613 2715 782 2752 serendas

123 2768 304 2817 indicans3
343 2785 495 2822 quorum
528 2772 707 2809 doliorum
736 2771 781 2807 fi-

122 2824 302 2874 glinorum
332 2827 412 2867 loco
449 2842 546 2867 nunc
574 2842 682 2867 nemo
718 2841 783 2865 ne-

418 658 501 698 κοῦ
545 655 676 710 δῆτα,
722 654 836 697 εἴποι
865 669 931 704 τις
969 651 1049 706 ἂν,
1090 655 1228 695 ταῦτα
1270 649 1445 694 ἀναισι-

836 782 905 820 scit
935 781 1102 820 adhiberi
1136 794 1159 819 a
1188 780 1504 833 proficiscentibus

835 844 948 877 utres.

893 891 1086 948 κεράμιον
1135 891 1302 946 οἰνηρόν
1353 907 1398 933 ex
1434 894 1505 931 hoc

834 951 913 990 loco
942 954 1058 990 citant
1089 952 1220 990 Pollux
1239 952 1319 999 V,11
1356 953 1431 993 161
1466 965 1503 1002 p·

837 1012 920 1050 802
940 1023 1017 1059 seq.
1036 1009 1247 1048 Hemsterh.
1260 1036 1270 1055 ,
1301 1009 1363 1046 ubi
1383 1008 1455 1045 cf.
1446 1021 1505 1045 in-

836 1071 967 1116 terprr.
1002 1070 1040 1104 et
1075 1065 1199 1103 Lexic.
1229 1065 1396 1113 Seguier.
1417 1078 1505 1115 pag.

841 1125 934 1170 110,
948 1125 1013 1162 32.
1041 1122 1088 1160 ἓν
1111 1117 1271 1175 α’ριθμῷ
1293 1122 1506 1169 (‚‚71eunum

837 1179 975 1230 quidem
1010 1181 1204 1228 numerffl)
1245 1191 1319 1215 non
1355 1179 1504 1227 quidem

837 1236 1092 1284 abundanter,
1134 1236 1200 1273 sed
1237 1235 1429 1285 gravitatis
1467 1239 1506 1273 et

837 1294 1042 1331 sententiae
1058 1294 1254 1342 augendae
1272 1304 1381 1330 causa
1399 1292 1506 1329 addi-

836 1355 914 1387 tum
951 1355 1052 1401 puto,
1111 1350 1221 1387 Conf.
1258 1349 1413 1387 Weiske
1446 1348 1507 1387 De

837 1407 1076 1458 pleonasmm.
1106 1405 1150 1445 L.
1178 1407 1244 1445 Gr.
1275 1419 1312 1456 p.
1343 1404 1409 1445 45.
1436 1404 1504 1446 46.

838 1477 885 1502 ne
908 1464 1023 1515 plura.
1064 1463 1136 1500 Pro
1157 1461 1320 1502 ἰδέσθαι
1343 1463 1429 1500 edd.
1449 1475 1508 1500 re-

838 1525 949 1559 centt.
969 1525 1052 1572 post
1062 1520 1293 1570 Stephanum
1313 1517 1506 1558 εἰδέσθαι.

838 1578 899 1615 Tu
920 1580 1014 1615 conf.
1039 1578 1065 1621 l,
1092 1579 1144 1618 88
1166 1578 1254 1625 ibiq.
1273 1581 1366 1614 nott.
1406 1576 1507 1613 Infra

838 1635 912 1681 ΙΙΙ,
946 1637 997 1674 12
1028 1634 1165 1673 ἴδοιτο.
1215 1634 1287 1670 Pro
1318 1633 1507 1684 κείμενον

839 1691 869 1741 (i
894 1704 926 1729 e.
946 1692 1151 1742 repositum)
1170 1689 1310 1740 aliquot
1327 1690 1407 1727 libri
1430 1704 1507 1729 κει-

839 1744 913 1787 νόν
944 1750 986 1796 (ἰ.
1018 1762 1048 1786 e.
1079 1760 1232 1784 vacuum
1259 1760 1307 1784 sc.
1340 1746 1506 1796 dolium),

839 1805 939 1853 quod
955 1817 1149 1856 perperam
1169 1805 1308 1854 recepit
1319 1804 1507 1842 Schaefer.

838 1861 935 1899 Nam
956 1875 976 1899 e
994 1861 1131 1899 scholio
1144 1865 1269 1897 natum
1289 1860 1444 1908 videtur,
1469 1865 1507 1898 ut

838 1922 940 1955 recte
960 1919 1103 1955 monuit
1122 1917 1327 1966 Schweigh.

896 1976 972 2013 κοῦ
1002 1975 1102 2025 δῆτα
1123 1995 1172 2002 -
1196 1976 1320 2012 ταῦτα
1351 1968 1506 2012 άναισι-

838 2030 1023 2083 μοῦνται]
1066 2032 1097 2068 Ε
1131 2031 1347 2069 Florentino
1389 2042 1508 2080 nuper

837 2093 1025 2139 receptum
1045 2083 1382 2138 ἀναισιμοῦνται,
1401 2087 1507 2124 addi-

839 2150 944 2183 cente
975 2159 1048 2183 uno
1071 2145 1238 2182 Parisino
1266 2149 1381 2194 atque
1405 2144 1509 2181 Aldi-

839 2216 906 2246 na,
960 2216 1028 2253 pro
1071 2202 1169 2251 vulg.
1212 2196 1507 2251 άναισιμοῦται.

839 2259 937 2296 Satis
959 2261 1055 2297 enirn
1073 2264 1199 2296 notum
1217 2259 1316 2308 apud
1337 2258 1509 2295 Herodo-

840 2321 917 2353 tum
938 2317 1088 2354 verbum
1106 2315 1247 2367 plurale
1268 2315 1423 2352 subinde
1444 2328 1508 2352 se-

840 2373 903 2420 qui
931 2378 1060 2410 neutra
1083 2372 1235 2423 pluralia
1263 2373 1315 2419 (v,
1341 2385 1372 2409 c.
1392 2371 1420 2417 l,
1441 2373 1508 2412 76.

839 2430 987 2474 11‚128
1018 2429 1089 2467 alia
1112 2429 1236 2479 plura,
1277 2442 1373 2477 quae
1405 2428 1509 2464 dabit

839 2487 1001 2525 Fischer.
1031 2487 1078 2523 ad
1106 2485 1251 2524 Weller.
1272 2486 1336 2532 ΙΙΙ,
1366 2497 1398 2520 a.
1421 2498 1507 2536 pag.

841 2542 955 2593 343).
987 2544 1126 2581 Sensus
1149 2542 1218 2579 loci
1237 2548 1316 2580 est:
1349 2554 1509 2592 quonum,

839 2601 861 2637 i.
885 2613 916 2637 e.
938 2613 1117 2651 quemnam
1139 2612 1222 2636 sane
1251 2602 1289 2636 in
1305 2612 1406 2636 usum
1425 2599 1509 2634 haec

839 2657 936 2694 (lolia
958 2660 1182 2694 insumantur
1209 2669 1237 2693 s.
1264 2655 1508 2693 adhibeantur.

839 2713 928 2752 Non
953 2715 1060 2752 valde
1081 2715 1228 2765 dispar,
1259 2713 1360 2762 quod
1381 2712 1407 2758 l,
1430 2711 1508 2750 179

840 2770 902 2819 leg
878 2772 993 2808 uitur:
1026 2772 1089 2809 δεῖ
1104 2784 1150 2821 με
1166 2765 1401 2835 ἐπιφράσαι,
1422 2766 1471 2805 ίν
1485 2780 1510 2802 α

842 2827 884 2866 ἐκ
904 2830 977 2879 τῆς
995 2823 1154 2880 τάφρου
1174 2824 1204 2878 ἡ
1219 2828 1272 2878 γῆ
1291 2816 1510 2874 α’ναισιμώ-

1505 300 1694 334 Aegyptum,
1721 299 1781 327 col-

1504 332 1548 358 lec
1534 339 1582 359 cta
1592 337 1622 359 et
1637 341 1716 368 aqua
1728 333 1782 361 im-

1506 366 1587 399 pieta
1615 375 1672 402 quo
1699 368 1782 397 defe-

1506 404 1622 429 rantur.
