<?xml version="1.0" encoding="UTF-8"?>
<!DOCTYPE html PUBLIC "-//W3C//DTD XHTML 1.0 Transitional//EN"
    "http://www.w3.org/TR/xhtml1/DTD/xhtml1-transitional.dtd">
<html xmlns="http://www.w3.org/1999/xhtml" xml:lang="en" lang="en">
 <head>
  <title>
</title>
<meta http-equiv="Content-Type" content="text/html;charset=utf-8" />
  <meta name='ocr-system' content='tesseract 3.04.00' />
  <meta name='ocr-capabilities' content='ocr_page ocr_carea ocr_par ocr_line ocrx_word'/>
</head>
<body>
  <div class='ocr_page' id='page_1' title='image "./musaeher02hero/musaeher02hero_0645.png"; bbox 0 0 1863 3256; ppageno 0'>
   <div class='ocr_carea' id='block_1_1' title="bbox 205 229 1784 472">
    <p class='ocr_par' dir='ltr' id='par_1_1' title="bbox 205 229 1784 472">
     <span class='ocr_line' id='line_1_1' title="bbox 492 229 1452 278; baseline -0.004 -6"><span class='ocrx_word' id='word_1_1' title='bbox 492 229 1168 272; x_wconf 89' lang='lat' dir='ltr'><strong>MELPOMENE.1V.</strong></span> <span class='ocrx_word' id='word_1_2' title='bbox 1372 240 1452 278; x_wconf 72' lang='lat'><strong>(321</strong></span> 
     </span>
     <span class='ocr_line' id='line_1_2' title="bbox 206 339 1784 405; baseline -0.003 -20"><span class='ocrx_word' id='word_1_3' title='bbox 206 341 357 395; x_wconf 80' lang='grc' dir='ltr'><em>οὐδὲν,</em></span> <span class='ocrx_word' id='word_1_4' title='bbox 387 339 482 385; x_wconf 72' lang='grc' dir='ltr'><em>ἀλλ’</em></span> <span class='ocrx_word' id='word_1_5' title='bbox 511 339 619 384; x_wconf 79' lang='grc' dir='ltr'><em>ἄλλα</em></span> <span class='ocrx_word' id='word_1_6' title='bbox 647 339 814 384; x_wconf 79' lang='grc' dir='ltr'><em>τοιάδε·</em></span> <span class='ocrx_word' id='word_1_7' title='bbox 860 339 1098 394; x_wconf 81' lang='grc' dir='ltr'><em>πύγαργοι,</em></span> <span class='ocrx_word' id='word_1_8' title='bbox 1134 339 1207 382; x_wconf 81' lang='grc' dir='ltr'><strong>καὶ</strong></span> <span class='ocrx_word' id='word_1_9' title='bbox 1237 343 1453 398; x_wconf 75' lang='grc' dir='ltr'><em>ζορκάδες,</em></span> <span class='ocrx_word' id='word_1_10' title='bbox 1510 343 1784 405; x_wconf 59' lang='lat'><strong>,¹,3352‚„‘³¹²¹¹;¹„}3„</strong></span> 
     </span>
     <span class='ocr_line' id='line_1_3' title="bbox 205 409 1689 472; baseline -0.001 -16"><span class='ocrx_word' id='word_1_11' title='bbox 205 414 279 456; x_wconf 82' lang='grc' dir='ltr'><strong>καὶ</strong></span> <span class='ocrx_word' id='word_1_12' title='bbox 309 411 560 469; x_wconf 74' lang='grc' dir='ltr'><em>βουβάλιες,</em></span> <span class='ocrx_word' id='word_1_13' title='bbox 597 412 670 455; x_wconf 84' lang='grc' dir='ltr'><strong>καὶ</strong></span> <span class='ocrx_word' id='word_1_14' title='bbox 700 411 818 463; x_wconf 84' lang='grc' dir='ltr'><em>ὄνοι,</em></span> <span class='ocrx_word' id='word_1_15' title='bbox 857 409 937 453; x_wconf 84' lang='grc' dir='ltr'><strong>οὐκ</strong></span> <span class='ocrx_word' id='word_1_16' title='bbox 969 412 1012 453; x_wconf 83' lang='grc' dir='ltr'><strong>οἱ</strong></span> <span class='ocrx_word' id='word_1_17' title='bbox 1039 409 1091 452; x_wconf 81' lang='grc' dir='ltr'><strong>τὰ</strong></span> <span class='ocrx_word' id='word_1_18' title='bbox 1121 410 1246 464; x_wconf 80' lang='grc' dir='ltr'><em>κέρεα</em></span> <span class='ocrx_word' id='word_1_19' title='bbox 1275 412 1452 467; x_wconf 73' lang='grc' dir='ltr'><em>ἔχοντες,</em></span> <span class='ocrx_word' id='word_1_20' title='bbox 1509 412 1689 472; x_wconf 40' lang='grc' dir='ltr'><strong>ξξηῗξζξζιᾞι</strong></span> 
     </span>
    </p>
   </div>
   <div class='ocr_carea' id='block_1_2' title="bbox 207 476 1594 612">
    <p class='ocr_par' dir='ltr' id='par_1_2' title="bbox 207 476 1594 612">
     <span class='ocr_line' id='line_1_4' title="bbox 208 476 1583 538; baseline 0.001 -13"><span class='ocrx_word' id='word_1_21' title='bbox 208 482 315 525; x_wconf 78' lang='grc' dir='ltr'><em>ἀλλὰ</em></span> <span class='ocrx_word' id='word_1_22' title='bbox 345 481 469 526; x_wconf 77' lang='grc' dir='ltr'><em>ἄλλοι</em></span> <span class='ocrx_word' id='word_1_23' title='bbox 497 482 668 525; x_wconf 81' lang='grc' dir='ltr'><em>ἄποτοι·</em></span> <span class='ocrx_word' id='word_1_24' title='bbox 710 481 763 525; x_wconf 78' lang='grc' dir='ltr'><strong>οὐ</strong></span> <span class='ocrx_word' id='word_1_25' title='bbox 791 480 876 538; x_wconf 71' lang='grc' dir='ltr'><strong>γάρ</strong></span> <span class='ocrx_word' id='word_1_26' title='bbox 906 480 957 537; x_wconf 79' lang='grc' dir='ltr'><em>δὴ</em></span> <span class='ocrx_word' id='word_1_27' title='bbox 987 481 1178 523; x_wconf 86' lang='grc' dir='ltr'><em>πίνουσι·</em></span> <span class='ocrx_word' id='word_1_28' title='bbox 1207 482 1280 524; x_wconf 83' lang='grc' dir='ltr'><strong>καὶ</strong></span> <span class='ocrx_word' id='word_1_29' title='bbox 1310 482 1482 538; x_wconf 82' lang='grc' dir='ltr'><em>ὅρυες,5</em></span> <span class='ocrx_word' id='word_1_30' title='bbox 1509 476 1540 502; x_wconf 65' lang='lat' dir='ltr'><strong>in</strong></span> <span class='ocrx_word' id='word_1_31' title='bbox 1560 486 1583 503; x_wconf 81' lang='lat'><strong>⁸¹</strong></span> 
     </span>
     <span class='ocr_line' id='line_1_5' title="bbox 207 551 1594 612; baseline 0.001 -16"><span class='ocrx_word' id='word_1_32' title='bbox 207 557 297 597; x_wconf 77' lang='grc' dir='ltr'><strong>τῶν</strong></span> <span class='ocrx_word' id='word_1_33' title='bbox 334 554 387 597; x_wconf 81' lang='grc' dir='ltr'><strong>τὰ</strong></span> <span class='ocrx_word' id='word_1_34' title='bbox 426 553 552 608; x_wconf 76' lang='grc' dir='ltr'><em>κέρεα</em></span> <span class='ocrx_word' id='word_1_35' title='bbox 589 557 699 597; x_wconf 86' lang='grc' dir='ltr'><em>τοῖσι</em></span> <span class='ocrx_word' id='word_1_36' title='bbox 742 553 911 604; x_wconf 83' lang='grc' dir='ltr'><em>Φοίνιξι</em></span> <span class='ocrx_word' id='word_1_37' title='bbox 947 553 989 595; x_wconf 81' lang='grc' dir='ltr'><strong>οἱ</strong></span> <span class='ocrx_word' id='word_1_38' title='bbox 1027 551 1179 608; x_wconf 77' lang='grc' dir='ltr'><em>πήχεες</em></span> <span class='ocrx_word' id='word_1_39' title='bbox 1214 557 1456 598; x_wconf 79' lang='grc' dir='ltr'><em>ποιεῦνται·</em></span> <span class='ocrx_word' id='word_1_40' title='bbox 1512 570 1594 612; x_wconf 77' lang='lat'><strong>355</strong></span> 
     </span>
    </p>
   </div>
   <div class='ocr_carea' id='block_1_3' title="bbox 1578 478 1676 512">
    <p class='ocr_par' dir='ltr' id='par_1_3' title="bbox 1578 478 1676 512">
     <span class='ocr_line' id='line_1_6' title="bbox 1578 478 1676 512; baseline 0.031 -10"><span class='ocrx_word' id='word_1_41' title='bbox 1578 478 1676 512; x_wconf 76' lang='lat' dir='ltr'><strong>‘1pl1i0.</strong></span> 
     </span>
    </p>
   </div>
   <div class='ocr_carea' id='block_1_4' title="bbox 0 0 44 3256">
    <p class='ocr_par' dir='ltr' id='par_1_4' title="bbox 0 0 44 3256">
     <span class='ocr_line' id='line_1_7' title="bbox 0 0 44 3256; baseline 0 0"><span class='ocrx_word' id='word_1_42' title='bbox 0 0 44 3256; x_wconf 95' lang='lat' dir='ltr'><strong> </strong></span> 
     </span>
    </p>
   </div>
   <div class='ocr_carea' id='block_1_5' title="bbox 151 661 423 667">
    <p class='ocr_par' dir='ltr' id='par_1_5' title="bbox 151 661 423 667">
     <span class='ocr_line' id='line_1_8' title="bbox 151 661 423 667; baseline 0 0"><span class='ocrx_word' id='word_1_43' title='bbox 151 661 423 667; x_wconf 95' lang='lat' dir='ltr'><strong> </strong></span> 
     </span>
    </p>
   </div>
   <div class='ocr_carea' id='block_1_6' title="bbox 147 725 806 2026">
    <p class='ocr_par' dir='ltr' id='par_1_6' title="bbox 149 725 806 1452">
     <span class='ocr_line' id='line_1_9' title="bbox 151 725 803 777; baseline -0.006 -12"><span class='ocrx_word' id='word_1_44' title='bbox 151 740 297 777; x_wconf 84' lang='lat' dir='ltr'><strong>genere.</strong></span> <span class='ocrx_word' id='word_1_45' title='bbox 360 727 419 765; x_wconf 93' lang='lat' dir='ltr'><strong>De</strong></span> <span class='ocrx_word' id='word_1_46' title='bbox 465 725 627 775; x_wconf 78' lang='lat' dir='ltr'><strong>Antz&#39;lope</strong></span> <span class='ocrx_word' id='word_1_47' title='bbox 671 725 803 772; x_wconf 78' lang='lat' dir='ltr'><strong>Dama,</strong></span> 
     </span>
     <span class='ocr_line' id='line_1_10' title="bbox 152 782 805 832; baseline 0 -13"><span class='ocrx_word' id='word_1_48' title='bbox 152 796 246 832; x_wconf 83' lang='lat' dir='ltr'><strong>quae</strong></span> <span class='ocrx_word' id='word_1_49' title='bbox 271 789 443 830; x_wconf 83' lang='lat' dir='ltr'><strong>vocatur,</strong></span> <span class='ocrx_word' id='word_1_50' title='bbox 479 784 659 831; x_wconf 82' lang='lat' dir='ltr'><strong>cogitarat</strong></span> <span class='ocrx_word' id='word_1_51' title='bbox 694 782 805 819; x_wconf 83' lang='lat' dir='ltr'><strong>Lich-</strong></span> 
     </span>
     <span class='ocr_line' id='line_1_11' title="bbox 150 838 804 889; baseline -0.003 -13"><span class='ocrx_word' id='word_1_52' title='bbox 150 840 321 878; x_wconf 87' lang='lat' dir='ltr'><strong>tenstein.</strong></span> <span class='ocrx_word' id='word_1_53' title='bbox 339 839 360 876; x_wconf 97' lang='lat' dir='ltr'><strong>l.</strong></span> <span class='ocrx_word' id='word_1_54' title='bbox 381 839 403 876; x_wconf 92' lang='lat' dir='ltr'><strong>l.</strong></span> <span class='ocrx_word' id='word_1_55' title='bbox 420 851 505 889; x_wconf 80' lang='lat' dir='ltr'><strong>pag.</strong></span> <span class='ocrx_word' id='word_1_56' title='bbox 526 841 607 880; x_wconf 77' lang='lat'><strong>230</strong></span> <span class='ocrx_word' id='word_1_57' title='bbox 628 839 696 875; x_wconf 86' lang='lat' dir='ltr'><strong>hoc</strong></span> <span class='ocrx_word' id='word_1_58' title='bbox 717 838 804 875; x_wconf 89' lang='lat' dir='ltr'><strong>sub-</strong></span> 
     </span>
     <span class='ocr_line' id='line_1_12' title="bbox 151 896 802 945; baseline -0.002 -13"><span class='ocrx_word' id='word_1_59' title='bbox 151 896 293 941; x_wconf 90' lang='lat' dir='ltr'><strong>iiciens,</strong></span> <span class='ocrx_word' id='word_1_60' title='bbox 337 896 482 932; x_wconf 87' lang='lat' dir='ltr'><strong>minime</strong></span> <span class='ocrx_word' id='word_1_61' title='bbox 511 907 714 945; x_wconf 78' lang='lat' dir='ltr'>pygargum</span> <span class='ocrx_word' id='word_1_62' title='bbox 743 907 802 931; x_wconf 84' lang='lat' dir='ltr'><strong>re-</strong></span> 
     </span>
     <span class='ocr_line' id='line_1_13' title="bbox 149 952 802 1002; baseline -0.002 -14"><span class='ocrx_word' id='word_1_63' title='bbox 149 952 234 989; x_wconf 82' lang='lat' dir='ltr'><strong>ferri</strong></span> <span class='ocrx_word' id='word_1_64' title='bbox 277 965 386 1002; x_wconf 86' lang='lat' dir='ltr'><strong>posse</strong></span> <span class='ocrx_word' id='word_1_65' title='bbox 425 952 474 989; x_wconf 79' lang='lat' dir='ltr'><strong>ad</strong></span> <span class='ocrx_word' id='word_1_66' title='bbox 512 964 591 989; x_wconf 80' lang='lat' dir='ltr'><strong>earn</strong></span> <span class='ocrx_word' id='word_1_67' title='bbox 638 952 802 997; x_wconf 85' lang='lat' dir='ltr'><strong>bestiam,</strong></span> 
     </span>
     <span class='ocr_line' id='line_1_14' title="bbox 150 1007 803 1057; baseline -0.002 -13"><span class='ocrx_word' id='word_1_68' title='bbox 150 1021 245 1057; x_wconf 87' lang='lat' dir='ltr'><strong>quae</strong></span> <span class='ocrx_word' id='word_1_69' title='bbox 272 1009 310 1044; x_wconf 91' lang='lat' dir='ltr'><strong>in</strong></span> <span class='ocrx_word' id='word_1_70' title='bbox 336 1007 457 1045; x_wconf 85' lang='lat' dir='ltr'><strong>Africa</strong></span> <span class='ocrx_word' id='word_1_71' title='bbox 475 1008 702 1045; x_wconf 80' lang='lat' dir='ltr'><strong>meridionali</strong></span> <span class='ocrx_word' id='word_1_72' title='bbox 723 1012 803 1044; x_wconf 87' lang='lat' dir='ltr'><strong>tan-</strong></span> 
     </span>
     <span class='ocr_line' id='line_1_15' title="bbox 150 1064 804 1113; baseline -0.005 -11"><span class='ocrx_word' id='word_1_73' title='bbox 150 1069 228 1102; x_wconf 88' lang='lat' dir='ltr'><strong>tum</strong></span> <span class='ocrx_word' id='word_1_74' title='bbox 249 1064 467 1113; x_wconf 83' lang='lat' dir='ltr'><strong>reperiatur,</strong></span> <span class='ocrx_word' id='word_1_75' title='bbox 507 1069 543 1101; x_wconf 91' lang='lat' dir='ltr'><strong>et</strong></span> <span class='ocrx_word' id='word_1_76' title='bbox 566 1076 588 1100; x_wconf 87' lang='lat' dir='ltr'><strong>a</strong></span> <span class='ocrx_word' id='word_1_77' title='bbox 613 1064 717 1100; x_wconf 89' lang='lat' dir='ltr'><strong>nobis</strong></span> <span class='ocrx_word' id='word_1_78' title='bbox 740 1077 804 1099; x_wconf 81' lang='lat' dir='ltr'><strong>vo-</strong></span> 
     </span>
     <span class='ocr_line' id='line_1_16' title="bbox 150 1119 802 1158; baseline -0.003 -1"><span class='ocrx_word' id='word_1_79' title='bbox 150 1126 250 1158; x_wconf 87' lang='lat' dir='ltr'><strong>catur</strong></span> <span class='ocrx_word' id='word_1_80' title='bbox 270 1119 468 1157; x_wconf 74' lang='lat' dir='ltr'><strong>Blessbock.</strong></span> <span class='ocrx_word' id='word_1_81' title='bbox 517 1119 730 1157; x_wconf 88' lang='lat' dir='ltr'><strong>Aristoteles</strong></span> <span class='ocrx_word' id='word_1_82' title='bbox 753 1120 802 1156; x_wconf 80' lang='lat' dir='ltr'><strong>H.</strong></span> 
     </span>
     <span class='ocr_line' id='line_1_17' title="bbox 150 1176 802 1227; baseline -0.002 -15"><span class='ocrx_word' id='word_1_83' title='bbox 150 1176 194 1213; x_wconf 89' lang='lat' dir='ltr'><strong>A.</strong></span> <span class='ocrx_word' id='word_1_84' title='bbox 214 1177 276 1223; x_wconf 86' lang='lat' dir='ltr'><strong>VI,</strong></span> <span class='ocrx_word' id='word_1_85' title='bbox 305 1179 329 1217; x_wconf 89' lang='grc'>6</span> <span class='ocrx_word' id='word_1_86' title='bbox 363 1190 398 1227; x_wconf 88' lang='lat' dir='ltr'><strong>p.</strong></span> <span class='ocrx_word' id='word_1_87' title='bbox 420 1176 502 1217; x_wconf 89' lang='lat'><strong>864</strong></span> <span class='ocrx_word' id='word_1_88' title='bbox 521 1177 563 1214; x_wconf 92' lang='lat' dir='ltr'><strong>C.</strong></span> <span class='ocrx_word' id='word_1_89' title='bbox 604 1176 668 1222; x_wconf 90' lang='lat' dir='ltr'><strong>IX,</strong></span> <span class='ocrx_word' id='word_1_90' title='bbox 690 1179 744 1216; x_wconf 80' lang='lat'><strong>32</strong></span> <span class='ocrx_word' id='word_1_91' title='bbox 766 1190 802 1226; x_wconf 94' lang='lat' dir='ltr'><strong>p.</strong></span> 
     </span>
     <span class='ocr_line' id='line_1_18' title="bbox 152 1233 806 1282; baseline -0.006 -9"><span class='ocrx_word' id='word_1_92' title='bbox 152 1234 233 1273; x_wconf 83' lang='lat'><strong>937</strong></span> <span class='ocrx_word' id='word_1_93' title='bbox 251 1233 297 1270; x_wconf 89' lang='lat' dir='ltr'><strong>D.</strong></span> <span class='ocrx_word' id='word_1_94' title='bbox 326 1234 418 1269; x_wconf 89' lang='lat' dir='ltr'><strong>inter</strong></span> <span class='ocrx_word' id='word_1_95' title='bbox 441 1245 525 1269; x_wconf 78' lang='lat' dir='ltr'><strong>aves</strong></span> <span class='ocrx_word' id='word_1_96' title='bbox 552 1245 702 1282; x_wconf 84' lang='lat' dir='ltr'><strong>rapaces</strong></span> <span class='ocrx_word' id='word_1_97' title='bbox 728 1245 806 1269; x_wconf 90' lang='lat' dir='ltr'><strong>me-</strong></span> 
     </span>
     <span class='ocr_line' id='line_1_19' title="bbox 151 1287 804 1339; baseline 0 -14"><span class='ocrx_word' id='word_1_98' title='bbox 151 1293 272 1326; x_wconf 87' lang='lat' dir='ltr'><strong>morat</strong></span> <span class='ocrx_word' id='word_1_99' title='bbox 288 1301 503 1339; x_wconf 77' lang='lat' dir='ltr'><strong>pygargum.</strong></span> <span class='ocrx_word' id='word_1_100' title='bbox 540 1287 591 1325; x_wconf 89' lang='lat' dir='ltr'><strong>At</strong></span> <span class='ocrx_word' id='word_1_101' title='bbox 610 1290 707 1337; x_wconf 83' lang='lat' dir='ltr'><strong>apud</strong></span> <span class='ocrx_word' id='word_1_102' title='bbox 723 1289 804 1325; x_wconf 86' lang='lat' dir='ltr'><strong>He·-</strong></span> 
     </span>
     <span class='ocr_line' id='line_1_20' title="bbox 150 1345 802 1394; baseline -0.002 -12"><span class='ocrx_word' id='word_1_103' title='bbox 150 1346 322 1382; x_wconf 87' lang='lat' dir='ltr'><strong>rodotum</strong></span> <span class='ocrx_word' id='word_1_104' title='bbox 360 1345 594 1394; x_wconf 84' lang='lat' dir='ltr'><strong>cogitandum</strong></span> <span class='ocrx_word' id='word_1_105' title='bbox 623 1345 671 1382; x_wconf 89' lang='lat' dir='ltr'><strong>de</strong></span> <span class='ocrx_word' id='word_1_106' title='bbox 709 1357 802 1394; x_wconf 88' lang='lat' dir='ltr'><strong>qua-</strong></span> 
     </span>
     <span class='ocr_line' id='line_1_21' title="bbox 152 1402 330 1452; baseline 0.011 -15"><span class='ocrx_word' id='word_1_107' title='bbox 152 1402 330 1452; x_wconf 84' lang='lat' dir='ltr'><strong>drupede.</strong></span> 
     </span>
    </p>

    <p class='ocr_par' dir='ltr' id='par_1_7' title="bbox 147 1460 805 2026">
     <span class='ocr_line' id='line_1_22' title="bbox 207 1460 803 1519; baseline -0.003 -12"><span class='ocrx_word' id='word_1_108' title='bbox 207 1463 419 1519; x_wconf 76' lang='grc' dir='ltr'><em>ζορκάδες]</em></span> <span class='ocrx_word' id='word_1_109' title='bbox 476 1460 573 1505; x_wconf 82' lang='lat' dir='ltr'><strong>Alibi</strong></span> <span class='ocrx_word' id='word_1_110' title='bbox 612 1461 803 1519; x_wconf 74' lang='grc' dir='ltr'><em>δορκάδες</em></span> 
     </span>
     <span class='ocr_line' id='line_1_23' title="bbox 150 1524 804 1574; baseline -0.005 -11"><span class='ocrx_word' id='word_1_111' title='bbox 150 1530 346 1573; x_wconf 85' lang='lat' dir='ltr'><strong>vocantur,</strong></span> <span class='ocrx_word' id='word_1_112' title='bbox 386 1525 485 1574; x_wconf 90' lang='lat' dir='ltr'><strong>quod</strong></span> <span class='ocrx_word' id='word_1_113' title='bbox 512 1525 630 1574; x_wconf 89' lang='lat' dir='ltr'><strong>ipsum</strong></span> <span class='ocrx_word' id='word_1_114' title='bbox 651 1524 686 1561; x_wconf 93' lang='lat' dir='ltr'><strong>h.</strong></span> <span class='ocrx_word' id='word_1_115' title='bbox 707 1524 728 1560; x_wconf 92' lang='lat' dir='ltr'><strong>l.</strong></span> <span class='ocrx_word' id='word_1_116' title='bbox 750 1525 804 1561; x_wconf 86' lang='lat' dir='ltr'><strong>af-</strong></span> 
     </span>
     <span class='ocr_line' id='line_1_24' title="bbox 151 1579 804 1629; baseline -0.006 -10"><span class='ocrx_word' id='word_1_117' title='bbox 151 1583 222 1620; x_wconf 86' lang='lat' dir='ltr'><strong>fert</strong></span> <span class='ocrx_word' id='word_1_118' title='bbox 239 1595 330 1618; x_wconf 87' lang='lat' dir='ltr'><strong>unus</strong></span> <span class='ocrx_word' id='word_1_119' title='bbox 354 1581 455 1618; x_wconf 85' lang='lat' dir='ltr'><strong>liber.</strong></span> <span class='ocrx_word' id='word_1_120' title='bbox 485 1581 592 1617; x_wconf 90' lang='lat' dir='ltr'><strong>Conf.</strong></span> <span class='ocrx_word' id='word_1_121' title='bbox 608 1580 766 1629; x_wconf 87' lang='lat' dir='ltr'><strong>Hesych.</strong></span> <span class='ocrx_word' id='word_1_122' title='bbox 786 1579 804 1616; x_wconf 96' lang='lat' dir='ltr'>I</span> 
     </span>
     <span class='ocr_line' id='line_1_25' title="bbox 150 1636 803 1688; baseline -0.002 -14"><span class='ocrx_word' id='word_1_123' title='bbox 150 1650 237 1688; x_wconf 80' lang='lat' dir='ltr'><strong>pag.</strong></span> <span class='ocrx_word' id='word_1_124' title='bbox 257 1638 364 1679; x_wconf 88' lang='grc'>1586</span> <span class='ocrx_word' id='word_1_125' title='bbox 387 1638 510 1685; x_wconf 88' lang='lat' dir='ltr'><strong>ibique</strong></span> <span class='ocrx_word' id='word_1_126' title='bbox 531 1636 678 1674; x_wconf 89' lang='lat' dir='ltr'><strong>Alberti.</strong></span> <span class='ocrx_word' id='word_1_127' title='bbox 710 1636 803 1674; x_wconf 75' lang='lat' dir='ltr'><strong>Plut.</strong></span> 
     </span>
     <span class='ocr_line' id='line_1_26' title="bbox 151 1692 804 1742; baseline -0.006 -10"><span class='ocrx_word' id='word_1_128' title='bbox 151 1693 295 1732; x_wconf 90' lang='lat' dir='ltr'><strong>Romul.</strong></span> <span class='ocrx_word' id='word_1_129' title='bbox 310 1695 374 1734; x_wconf 89' lang='grc'><strong>27.</strong></span> <span class='ocrx_word' id='word_1_130' title='bbox 406 1692 600 1729; x_wconf 77' lang='lat' dir='ltr'><strong>Dorcadem</strong></span> <span class='ocrx_word' id='word_1_131' title='bbox 618 1692 804 1742; x_wconf 75' lang='lat' dir='ltr'><strong>Libycam,</strong></span> 
     </span>
     <span class='ocr_line' id='line_1_27' title="bbox 151 1748 804 1799; baseline 0 -13"><span class='ocrx_word' id='word_1_132' title='bbox 151 1763 261 1798; x_wconf 88' lang='lat' dir='ltr'><strong>quam</strong></span> <span class='ocrx_word' id='word_1_133' title='bbox 290 1750 482 1799; x_wconf 83' lang='lat' dir='ltr'><strong>descripsit</strong></span> <span class='ocrx_word' id='word_1_134' title='bbox 511 1749 650 1786; x_wconf 84' lang='lat' dir='ltr'><strong>Aelian.</strong></span> <span class='ocrx_word' id='word_1_135' title='bbox 678 1749 728 1785; x_wconf 90' lang='lat' dir='ltr'><strong>H.</strong></span> <span class='ocrx_word' id='word_1_136' title='bbox 762 1748 804 1786; x_wconf 87' lang='lat' dir='ltr'><strong>A.</strong></span> 
     </span>
     <span class='ocr_line' id='line_1_28' title="bbox 151 1804 805 1853; baseline -0.006 -9"><span class='ocrx_word' id='word_1_137' title='bbox 151 1805 252 1853; x_wconf 87' lang='lat' dir='ltr'>XIV,</span> <span class='ocrx_word' id='word_1_138' title='bbox 270 1804 308 1853; x_wconf 90' lang='lat'><strong>4,</strong></span> <span class='ocrx_word' id='word_1_139' title='bbox 325 1806 564 1843; x_wconf 87' lang='lat' dir='ltr'><strong>recentiorum</strong></span> <span class='ocrx_word' id='word_1_140' title='bbox 576 1818 657 1843; x_wconf 89' lang='lat' dir='ltr'><strong>esse</strong></span> <span class='ocrx_word' id='word_1_141' title='bbox 676 1805 805 1841; x_wconf 74' lang='lat' dir='ltr'><strong>antilo-</strong></span> 
     </span>
     <span class='ocr_line' id='line_1_29' title="bbox 147 1861 803 1913; baseline -0.002 -14"><span class='ocrx_word' id='word_1_142' title='bbox 147 1875 218 1913; x_wconf 80' lang='lat' dir='ltr'><strong>pen</strong></span> <span class='ocrx_word' id='word_1_143' title='bbox 249 1862 456 1907; x_wconf 78' lang='lat' dir='ltr'><strong>dorcadem,</strong></span> <span class='ocrx_word' id='word_1_144' title='bbox 505 1867 628 1899; x_wconf 91' lang='lat' dir='ltr'><strong>monet</strong></span> <span class='ocrx_word' id='word_1_145' title='bbox 659 1861 803 1898; x_wconf 84' lang='lat' dir='ltr'><strong>Cuvier.</strong></span> 
     </span>
     <span class='ocr_line' id='line_1_30' title="bbox 151 1916 804 1967; baseline 0.002 -11"><span class='ocrx_word' id='word_1_146' title='bbox 151 1920 200 1956; x_wconf 86' lang='lat' dir='ltr'><strong>ad</strong></span> <span class='ocrx_word' id='word_1_147' title='bbox 221 1919 312 1955; x_wconf 90' lang='lat' dir='ltr'><strong>Plin.</strong></span> <span class='ocrx_word' id='word_1_148' title='bbox 339 1918 389 1957; x_wconf 89' lang='lat' dir='ltr'><strong>H.</strong></span> <span class='ocrx_word' id='word_1_149' title='bbox 412 1917 463 1956; x_wconf 91' lang='lat' dir='ltr'><strong>N.</strong></span> <span class='ocrx_word' id='word_1_150' title='bbox 490 1916 575 1955; x_wconf 89' lang='lat' dir='ltr'>VIII</span> <span class='ocrx_word' id='word_1_151' title='bbox 608 1918 724 1967; x_wconf 82' lang='lat'><strong>(83),</strong></span> <span class='ocrx_word' id='word_1_152' title='bbox 751 1918 804 1958; x_wconf 83' lang='lat'><strong>58</strong></span> 
     </span>
     <span class='ocr_line' id='line_1_31' title="bbox 150 1975 386 2026; baseline 0 -14"><span class='ocrx_word' id='word_1_153' title='bbox 150 1988 188 2026; x_wconf 88' lang='lat' dir='ltr'><strong>p.</strong></span> <span class='ocrx_word' id='word_1_154' title='bbox 207 1975 289 2016; x_wconf 87' lang='grc'><strong>467</strong></span> <span class='ocrx_word' id='word_1_155' title='bbox 309 1987 386 2025; x_wconf 78' lang='lat' dir='ltr'><strong>seq.</strong></span> 
     </span>
    </p>
   </div>
   <div class='ocr_carea' id='block_1_7' title="bbox 149 2047 805 2609">
    <p class='ocr_par' dir='ltr' id='par_1_8' title="bbox 149 2047 805 2609">
     <span class='ocr_line' id='line_1_32' title="bbox 209 2047 802 2104; baseline -0.003 -12"><span class='ocrx_word' id='word_1_156' title='bbox 209 2049 435 2104; x_wconf 70' lang='grc' dir='ltr'><em>βουβάλιες]</em></span> <span class='ocrx_word' id='word_1_157' title='bbox 477 2052 622 2090; x_wconf 81' lang='lat' dir='ltr'><strong>Dicitur</strong></span> <span class='ocrx_word' id='word_1_158' title='bbox 651 2047 802 2103; x_wconf 80' lang='grc' dir='ltr'><em>βούβα-</em></span> 
     </span>
     <span class='ocr_line' id='line_1_33' title="bbox 152 2105 805 2161; baseline -0.005 -13"><span class='ocrx_word' id='word_1_159' title='bbox 152 2111 219 2156; x_wconf 83' lang='grc' dir='ltr'><strong>λος</strong></span> <span class='ocrx_word' id='word_1_160' title='bbox 237 2114 274 2147; x_wconf 89' lang='lat' dir='ltr'><strong>et</strong></span> <span class='ocrx_word' id='word_1_161' title='bbox 294 2105 504 2161; x_wconf 80' lang='grc' dir='ltr'><em>βούβαλις,·</em></span> <span class='ocrx_word' id='word_1_162' title='bbox 535 2110 581 2147; x_wconf 92' lang='lat' dir='ltr'><strong>de</strong></span> <span class='ocrx_word' id='word_1_163' title='bbox 598 2122 671 2159; x_wconf 87' lang='lat' dir='ltr'><strong>qua</strong></span> <span class='ocrx_word' id='word_1_164' title='bbox 690 2109 805 2146; x_wconf 87' lang='lat' dir='ltr'><strong>bestia</strong></span> 
     </span>
     <span class='ocr_line' id='line_1_34' title="bbox 151 2165 805 2213; baseline -0.003 -10"><span class='ocrx_word' id='word_1_165' title='bbox 151 2179 277 2204; x_wconf 88' lang='lat' dir='ltr'><strong>omnes</strong></span> <span class='ocrx_word' id='word_1_166' title='bbox 312 2171 474 2203; x_wconf 85' lang='lat' dir='ltr'><strong>veterum</strong></span> <span class='ocrx_word' id='word_1_167' title='bbox 518 2165 614 2202; x_wconf 91' lang='lat' dir='ltr'><strong>locos</strong></span> <span class='ocrx_word' id='word_1_168' title='bbox 660 2165 805 2213; x_wconf 84' lang='lat' dir='ltr'><strong>collegit</strong></span> 
     </span>
     <span class='ocr_line' id='line_1_35' title="bbox 149 2220 803 2271; baseline -0.003 -11"><span class='ocrx_word' id='word_1_169' title='bbox 149 2221 321 2260; x_wconf 84' lang='lat' dir='ltr'><strong>Bochart.</strong></span> <span class='ocrx_word' id='word_1_170' title='bbox 337 2222 486 2260; x_wconf 88' lang='lat' dir='ltr'><strong>Hieroz.</strong></span> <span class='ocrx_word' id='word_1_171' title='bbox 507 2220 573 2268; x_wconf 87' lang='lat' dir='ltr'><strong>Ill,</strong></span> <span class='ocrx_word' id='word_1_172' title='bbox 594 2223 647 2262; x_wconf 86' lang='grc'><strong>22</strong></span> <span class='ocrx_word' id='word_1_173' title='bbox 664 2235 699 2271; x_wconf 92' lang='lat' dir='ltr'><strong>p.</strong></span> <span class='ocrx_word' id='word_1_174' title='bbox 721 2224 803 2263; x_wconf 72' lang='lat'><strong>910</strong></span> 
     </span>
     <span class='ocr_line' id='line_1_36' title="bbox 152 2277 803 2328; baseline -0.002 -13"><span class='ocrx_word' id='word_1_175' title='bbox 152 2291 256 2328; x_wconf 88' lang='lat' dir='ltr'><strong>seqq.</strong></span> <span class='ocrx_word' id='word_1_176' title='bbox 284 2279 332 2315; x_wconf 86' lang='lat' dir='ltr'><strong>ad</strong></span> <span class='ocrx_word' id='word_1_177' title='bbox 361 2291 549 2328; x_wconf 89' lang='lat' dir='ltr'><strong>caprarum</strong></span> <span class='ocrx_word' id='word_1_178' title='bbox 577 2277 803 2325; x_wconf 71' lang='lat' dir='ltr'><strong>sylvestrium</strong></span> 
     </span>
     <span class='ocr_line' id='line_1_37' title="bbox 152 2333 804 2384; baseline 0 -13"><span class='ocrx_word' id='word_1_179' title='bbox 152 2348 267 2384; x_wconf 84' lang='lat' dir='ltr'><strong>genus</strong></span> <span class='ocrx_word' id='word_1_180' title='bbox 305 2335 464 2372; x_wconf 86' lang='lat' dir='ltr'><strong>reserens</strong></span> <span class='ocrx_word' id='word_1_181' title='bbox 498 2334 670 2381; x_wconf 88' lang='lat' dir='ltr'><strong>bestiam,</strong></span> <span class='ocrx_word' id='word_1_182' title='bbox 710 2333 804 2371; x_wconf 85' lang='lat' dir='ltr'><strong>male</strong></span> 
     </span>
     <span class='ocr_line' id='line_1_38' title="bbox 152 2390 805 2440; baseline -0.002 -12"><span class='ocrx_word' id='word_1_183' title='bbox 152 2390 237 2428; x_wconf 91' lang='lat' dir='ltr'><strong>olim</strong></span> <span class='ocrx_word' id='word_1_184' title='bbox 255 2404 277 2428; x_wconf 90' lang='lat' dir='ltr'><strong>a</strong></span> <span class='ocrx_word' id='word_1_185' title='bbox 302 2391 519 2440; x_wconf 85' lang='lat' dir='ltr'><strong>quibusdam</strong></span> <span class='ocrx_word' id='word_1_186' title='bbox 547 2390 656 2427; x_wconf 90' lang='lat' dir='ltr'><strong>boum</strong></span> <span class='ocrx_word' id='word_1_187' title='bbox 679 2391 805 2439; x_wconf 85' lang='lat' dir='ltr'><strong>generi</strong></span> 
     </span>
     <span class='ocr_line' id='line_1_39' title="bbox 152 2447 805 2497; baseline 0.002 -14"><span class='ocrx_word' id='word_1_188' title='bbox 152 2447 382 2497; x_wconf 84' lang='lat' dir='ltr'><strong>adscriptam.</strong></span> <span class='ocrx_word' id='word_1_189' title='bbox 411 2447 478 2484; x_wconf 84' lang='lat' dir='ltr'><strong>Est</strong></span> <span class='ocrx_word' id='word_1_190' title='bbox 495 2459 605 2491; x_wconf 90' lang='lat' dir='ltr'><strong>vero,</strong></span> <span class='ocrx_word' id='word_1_191' title='bbox 634 2452 805 2484; x_wconf 78' lang='lat' dir='ltr'><strong>monente</strong></span> 
     </span>
     <span class='ocr_line' id='line_1_40' title="bbox 155 2501 804 2549; baseline 0 -11"><span class='ocrx_word' id='word_1_192' title='bbox 155 2502 299 2541; x_wconf 88' lang='lat' dir='ltr'><strong>Cuvier.</strong></span> <span class='ocrx_word' id='word_1_193' title='bbox 315 2504 362 2540; x_wconf 87' lang='lat' dir='ltr'><strong>ad</strong></span> <span class='ocrx_word' id='word_1_194' title='bbox 383 2503 471 2540; x_wconf 85' lang='lat' dir='ltr'><strong>Plin.</strong></span> <span class='ocrx_word' id='word_1_195' title='bbox 489 2503 540 2545; x_wconf 88' lang='grc' dir='ltr'><strong>Η,</strong></span> <span class='ocrx_word' id='word_1_196' title='bbox 561 2501 612 2541; x_wconf 90' lang='grc' dir='ltr'><strong>Ν.</strong></span> <span class='ocrx_word' id='word_1_197' title='bbox 632 2502 731 2549; x_wconf 81' lang='lat' dir='ltr'><strong>Vm,</strong></span> <span class='ocrx_word' id='word_1_198' title='bbox 754 2502 804 2543; x_wconf 85' lang='lat'><strong>15</strong></span> 
     </span>
     <span class='ocr_line' id='line_1_41' title="bbox 152 2557 804 2609; baseline 0.002 -14"><span class='ocrx_word' id='word_1_199' title='bbox 152 2571 193 2609; x_wconf 89' lang='lat' dir='ltr'><strong>p.</strong></span> <span class='ocrx_word' id='word_1_200' title='bbox 213 2557 326 2606; x_wconf 63' lang='lat'><strong>414„</strong></span> <span class='ocrx_word' id='word_1_201' title='bbox 356 2560 517 2609; x_wconf 77' lang='lat' dir='ltr'><strong>Antilope</strong></span> <span class='ocrx_word' id='word_1_202' title='bbox 539 2559 676 2596; x_wconf 75' lang='lat' dir='ltr'><strong>bubalis</strong></span> <span class='ocrx_word' id='word_1_203' title='bbox 698 2559 804 2597; x_wconf 89' lang='lat' dir='ltr'><strong>Linn.</strong></span> 
     </span>
    </p>
   </div>
   <div class='ocr_carea' id='block_1_8' title="bbox 154 2633 805 2911">
    <p class='ocr_par' dir='ltr' id='par_1_9' title="bbox 154 2633 805 2911">
     <span class='ocr_line' id='line_1_42' title="bbox 213 2633 804 2689; baseline 0.002 -15"><span class='ocrx_word' id='word_1_204' title='bbox 213 2633 372 2687; x_wconf 67' lang='grc' dir='ltr'><em>ἄποτοι]</em></span> <span class='ocrx_word' id='word_1_205' title='bbox 413 2639 437 2677; x_wconf 86' lang='lat' dir='ltr'><strong>i.</strong></span> <span class='ocrx_word' id='word_1_206' title='bbox 457 2651 488 2676; x_wconf 90' lang='lat' dir='ltr'><strong>e.</strong></span> <span class='ocrx_word' id='word_1_207' title='bbox 523 2641 586 2689; x_wconf 81' lang='lat' dir='ltr'><strong>qui</strong></span> <span class='ocrx_word' id='word_1_208' title='bbox 599 2638 689 2675; x_wconf 74' lang='lat' dir='ltr'><strong>nihil</strong></span> <span class='ocrx_word' id='word_1_209' title='bbox 700 2641 804 2687; x_wconf 81' lang='lat' dir='ltr'><strong>potus</strong></span> 
     </span>
     <span class='ocr_line' id='line_1_43' title="bbox 156 2696 804 2742; baseline 0.006 -14"><span class='ocrx_word' id='word_1_210' title='bbox 156 2696 316 2738; x_wconf 78' lang='lat' dir='ltr'><strong>sumunt,</strong></span> <span class='ocrx_word' id='word_1_211' title='bbox 343 2706 522 2742; x_wconf 77' lang='lat' dir='ltr'><strong>nunquam</strong></span> <span class='ocrx_word' id='word_1_212' title='bbox 544 2696 684 2740; x_wconf 72' lang='lat' dir='ltr'><strong>hibunt,</strong></span> <span class='ocrx_word' id='word_1_213' title='bbox 709 2696 804 2732; x_wconf 91' lang='lat' dir='ltr'><strong>utin</strong></span> 
     </span>
     <span class='ocr_line' id='line_1_44' title="bbox 154 2748 803 2800; baseline 0.005 -14"><span class='ocrx_word' id='word_1_214' title='bbox 154 2749 327 2798; x_wconf 88' lang='lat' dir='ltr'><strong>Sophocl.</strong></span> <span class='ocrx_word' id='word_1_215' title='bbox 345 2748 400 2785; x_wconf 88' lang='lat' dir='ltr'><strong>Ai.</strong></span> <span class='ocrx_word' id='word_1_216' title='bbox 418 2750 498 2790; x_wconf 82' lang='lat'><strong>324</strong></span> <span class='ocrx_word' id='word_1_217' title='bbox 525 2752 626 2798; x_wconf 85' lang='lat'><strong>(317</strong></span> <span class='ocrx_word' id='word_1_218' title='bbox 644 2752 803 2800; x_wconf 78' lang='lat' dir='ltr'><strong>Herm).</strong></span> 
     </span>
     <span class='ocr_line' id='line_1_45' title="bbox 155 2800 804 2857; baseline 0.003 -16"><span class='ocrx_word' id='word_1_219' title='bbox 155 2805 276 2854; x_wconf 89' lang='lat' dir='ltr'><strong>Supra</strong></span> <span class='ocrx_word' id='word_1_220' title='bbox 297 2804 358 2852; x_wconf 89' lang='lat' dir='ltr'><strong>IV,</strong></span> <span class='ocrx_word' id='word_1_221' title='bbox 381 2806 431 2845; x_wconf 86' lang='grc'><strong>81</strong></span> <span class='ocrx_word' id='word_1_222' title='bbox 462 2800 570 2857; x_wconf 71' lang='grc' dir='ltr'><em>ὕδωρ</em></span> <span class='ocrx_word' id='word_1_223' title='bbox 598 2803 749 2846; x_wconf 68' lang='grc' dir='ltr'><em>ἄποτον</em></span> <span class='ocrx_word' id='word_1_224' title='bbox 771 2807 804 2844; x_wconf 81' lang='lat' dir='ltr'><strong>vi</strong></span> 
     </span>
     <span class='ocr_line' id='line_1_46' title="bbox 155 2858 805 2911; baseline 0.005 -13"><span class='ocrx_word' id='word_1_225' title='bbox 155 2861 312 2911; x_wconf 88' lang='lat' dir='ltr'><strong>passiva.</strong></span> <span class='ocrx_word' id='word_1_226' title='bbox 325 2880 378 2888; x_wconf 90' lang='lat'>—</span> <span class='ocrx_word' id='word_1_227' title='bbox 393 2858 526 2899; x_wconf 89' lang='lat' dir='ltr'><strong>Asinos</strong></span> <span class='ocrx_word' id='word_1_228' title='bbox 544 2874 655 2899; x_wconf 84' lang='lat' dir='ltr'><strong>cornu</strong></span> <span class='ocrx_word' id='word_1_229' title='bbox 672 2863 805 2901; x_wconf 84' lang='lat' dir='ltr'><strong>instru-</strong></span> 
     </span>
    </p>
   </div>
   <div class='ocr_carea' id='block_1_9' title="bbox 857 725 1514 2913">
    <p class='ocr_par' dir='ltr' id='par_1_10' title="bbox 860 725 1513 820">
     <span class='ocr_line' id='line_1_47' title="bbox 860 725 1513 779; baseline 0.009 -18"><span class='ocrx_word' id='word_1_230' title='bbox 860 729 936 762; x_wconf 86' lang='lat' dir='ltr'><strong>ctos</strong></span> <span class='ocrx_word' id='word_1_231' title='bbox 957 726 1130 775; x_wconf 78' lang='lat' dir='ltr'><strong>attigerat</strong></span> <span class='ocrx_word' id='word_1_232' title='bbox 1150 725 1288 766; x_wconf 87' lang='lat' dir='ltr'><strong>Noster</strong></span> <span class='ocrx_word' id='word_1_233' title='bbox 1307 728 1425 779; x_wconf 86' lang='lat' dir='ltr'><strong>capite</strong></span> <span class='ocrx_word' id='word_1_234' title='bbox 1445 740 1513 767; x_wconf 88' lang='lat' dir='ltr'><strong>an-</strong></span> 
     </span>
     <span class='ocr_line' id='line_1_48' title="bbox 860 783 1053 820; baseline 0.01 -2"><span class='ocrx_word' id='word_1_235' title='bbox 860 783 1053 820; x_wconf 75' lang='lat' dir='ltr'><strong>tecedenti.</strong></span> 
     </span>
    </p>

    <p class='ocr_par' dir='ltr' id='par_1_11' title="bbox 857 836 1514 2123">
     <span class='ocr_line' id='line_1_49' title="bbox 914 836 1512 890; baseline 0.005 -15"><span class='ocrx_word' id='word_1_236' title='bbox 914 838 979 876; x_wconf 70' lang='lat' dir='ltr'><strong>mel</strong></span> <span class='ocrx_word' id='word_1_237' title='bbox 1006 836 1139 890; x_wconf 78' lang='grc' dir='ltr'><em>ὄρυες]</em></span> <span class='ocrx_word' id='word_1_238' title='bbox 1189 840 1309 878; x_wconf 85' lang='lat' dir='ltr'><strong>Boves</strong></span> <span class='ocrx_word' id='word_1_239' title='bbox 1338 842 1432 878; x_wconf 85' lang='lat' dir='ltr'><strong>seras</strong></span> <span class='ocrx_word' id='word_1_240' title='bbox 1456 840 1512 878; x_wconf 86' lang='lat' dir='ltr'><strong>hie</strong></span> 
     </span>
     <span class='ocr_line' id='line_1_50' title="bbox 858 893 1511 945; baseline 0.008 -16"><span class='ocrx_word' id='word_1_241' title='bbox 858 893 1009 943; x_wconf 78' lang='lat' dir='ltr'><strong>intelligi</strong></span> <span class='ocrx_word' id='word_1_242' title='bbox 1027 901 1133 945; x_wconf 88' lang='lat' dir='ltr'><strong>putat</strong></span> <span class='ocrx_word' id='word_1_243' title='bbox 1150 896 1264 942; x_wconf 80' lang='lat' dir='ltr'><strong>Miot,</strong></span> <span class='ocrx_word' id='word_1_244' title='bbox 1302 897 1426 934; x_wconf 88' lang='lat' dir='ltr'><strong>Gallus</strong></span> <span class='ocrx_word' id='word_1_245' title='bbox 1456 898 1511 934; x_wconf 90' lang='lat' dir='ltr'><strong>in-</strong></span> 
     </span>
     <span class='ocr_line' id='line_1_51' title="bbox 858 952 1512 1001; baseline 0.006 -15"><span class='ocrx_word' id='word_1_246' title='bbox 858 953 1010 1001; x_wconf 83' lang='lat' dir='ltr'><strong>terpres.</strong></span> <span class='ocrx_word' id='word_1_247' title='bbox 1028 952 1369 1000; x_wconf 77' lang='lat' dir='ltr'><strong>Scliweighaeusero</strong></span> <span class='ocrx_word' id='word_1_248' title='bbox 1385 954 1512 990; x_wconf 79' lang='lat' dir='ltr'><strong>viden-</strong></span> 
     </span>
     <span class='ocr_line' id='line_1_52' title="bbox 857 1005 1509 1058; baseline 0.006 -16"><span class='ocrx_word' id='word_1_249' title='bbox 857 1010 915 1042; x_wconf 87' lang='lat' dir='ltr'><strong>tur</strong></span> <span class='ocrx_word' id='word_1_250' title='bbox 937 1005 1051 1058; x_wconf 79' lang='grc' dir='ltr'><em>ὄρυες</em></span> <span class='ocrx_word' id='word_1_251' title='bbox 1080 1008 1176 1044; x_wconf 87' lang='lat' dir='ltr'><strong>haud</strong></span> <span class='ocrx_word' id='word_1_252' title='bbox 1204 1009 1350 1046; x_wconf 82' lang='lat' dir='ltr'><strong>differre</strong></span> <span class='ocrx_word' id='word_1_253' title='bbox 1378 1010 1423 1046; x_wconf 90' lang='lat' dir='ltr'><strong>ab</strong></span> <span class='ocrx_word' id='word_1_254' title='bbox 1453 1009 1509 1056; x_wconf 89' lang='lat' dir='ltr'><strong>iis,</strong></span> 
     </span>
     <span class='ocr_line' id='line_1_53' title="bbox 859 1063 1508 1117; baseline 0.009 -19"><span class='ocrx_word' id='word_1_255' title='bbox 859 1063 988 1111; x_wconf 86' lang='lat' dir='ltr'><strong>quibus</strong></span> <span class='ocrx_word' id='word_1_256' title='bbox 1024 1064 1133 1113; x_wconf 79' lang='lat' dir='ltr'><strong>vulgo</strong></span> <span class='ocrx_word' id='word_1_257' title='bbox 1177 1077 1310 1103; x_wconf 88' lang='lat' dir='ltr'><strong>nomen</strong></span> <span class='ocrx_word' id='word_1_258' title='bbox 1355 1063 1508 1117; x_wconf 76' lang='grc' dir='ltr'><em>ὄρυγες,</em></span> 
     </span>
     <span class='ocr_line' id='line_1_54' title="bbox 860 1120 1510 1171; baseline 0.005 -16"><span class='ocrx_word' id='word_1_259' title='bbox 860 1121 959 1167; x_wconf 88' lang='lat' dir='ltr'><strong>quod</strong></span> <span class='ocrx_word' id='word_1_260' title='bbox 984 1121 1101 1170; x_wconf 86' lang='lat' dir='ltr'><strong>ipsum</strong></span> <span class='ocrx_word' id='word_1_261' title='bbox 1120 1120 1154 1156; x_wconf 91' lang='lat' dir='ltr'><strong>h.</strong></span> <span class='ocrx_word' id='word_1_262' title='bbox 1177 1120 1197 1157; x_wconf 93' lang='lat' dir='ltr'><strong>l.</strong></span> <span class='ocrx_word' id='word_1_263' title='bbox 1221 1122 1414 1171; x_wconf 89' lang='lat' dir='ltr'><strong>repositum</strong></span> <span class='ocrx_word' id='word_1_264' title='bbox 1442 1135 1510 1158; x_wconf 74' lang='lat' dir='ltr'><strong>vo-</strong></span> 
     </span>
     <span class='ocr_line' id='line_1_55' title="bbox 859 1174 1510 1228; baseline 0.006 -18"><span class='ocrx_word' id='word_1_265' title='bbox 859 1174 977 1212; x_wconf 84' lang='lat' dir='ltr'><strong>luerat</strong></span> <span class='ocrx_word' id='word_1_266' title='bbox 1005 1177 1158 1214; x_wconf 88' lang='lat' dir='ltr'><strong>Gesner.</strong></span> <span class='ocrx_word' id='word_1_267' title='bbox 1188 1177 1246 1214; x_wconf 91' lang='lat' dir='ltr'><strong>De</strong></span> <span class='ocrx_word' id='word_1_268' title='bbox 1278 1179 1467 1228; x_wconf 87' lang='lat' dir='ltr'><strong>Quadrup.</strong></span> <span class='ocrx_word' id='word_1_269' title='bbox 1494 1177 1510 1214; x_wconf 87' lang='lat' dir='ltr'>I</span> 
     </span>
     <span class='ocr_line' id='line_1_56' title="bbox 859 1233 1512 1284; baseline 0.006 -17"><span class='ocrx_word' id='word_1_270' title='bbox 859 1244 895 1281; x_wconf 90' lang='lat' dir='ltr'><strong>p.</strong></span> <span class='ocrx_word' id='word_1_271' title='bbox 914 1233 1008 1278; x_wconf 86' lang='lat'><strong>871,</strong></span> <span class='ocrx_word' id='word_1_272' title='bbox 1026 1234 1205 1282; x_wconf 83' lang='lat' dir='ltr'><strong>probante</strong></span> <span class='ocrx_word' id='word_1_273' title='bbox 1224 1233 1312 1271; x_wconf 88' lang='lat' dir='ltr'><strong>Italo</strong></span> <span class='ocrx_word' id='word_1_274' title='bbox 1333 1235 1512 1284; x_wconf 90' lang='lat' dir='ltr'><strong>interpre-</strong></span> 
     </span>
     <span class='ocr_line' id='line_1_57' title="bbox 859 1288 1511 1336; baseline 0.006 -13"><span class='ocrx_word' id='word_1_275' title='bbox 859 1292 906 1324; x_wconf 92' lang='lat' dir='ltr'><strong>te.</strong></span> <span class='ocrx_word' id='word_1_276' title='bbox 955 1288 1004 1325; x_wconf 86' lang='lat' dir='ltr'><strong>Et</strong></span> <span class='ocrx_word' id='word_1_277' title='bbox 1030 1301 1118 1326; x_wconf 80' lang='lat' dir='ltr'><strong>sane</strong></span> <span class='ocrx_word' id='word_1_278' title='bbox 1143 1290 1201 1326; x_wconf 82' lang='lat' dir='ltr'><strong>vix</strong></span> <span class='ocrx_word' id='word_1_279' title='bbox 1227 1290 1398 1336; x_wconf 86' lang='lat' dir='ltr'><strong>dubium,</strong></span> <span class='ocrx_word' id='word_1_280' title='bbox 1432 1303 1511 1326; x_wconf 87' lang='lat' dir='ltr'><strong>mo-</strong></span> 
     </span>
     <span class='ocr_line' id='line_1_58' title="bbox 859 1343 1513 1395; baseline 0.006 -16"><span class='ocrx_word' id='word_1_281' title='bbox 859 1347 972 1380; x_wconf 86' lang='lat' dir='ltr'><strong>nente</strong></span> <span class='ocrx_word' id='word_1_282' title='bbox 1008 1343 1236 1391; x_wconf 84' lang='lat' dir='ltr'><strong>Leuckarto,</strong></span> <span class='ocrx_word' id='word_1_283' title='bbox 1277 1346 1334 1383; x_wconf 87' lang='lat' dir='ltr'><strong>hic</strong></span> <span class='ocrx_word' id='word_1_284' title='bbox 1372 1359 1513 1395; x_wconf 78' lang='lat' dir='ltr'><strong>orygem</strong></span> 
     </span>
     <span class='ocr_line' id='line_1_59' title="bbox 859 1399 1513 1450; baseline 0.005 -16"><span class='ocrx_word' id='word_1_285' title='bbox 859 1399 964 1436; x_wconf 90' lang='lat' dir='ltr'><strong>Plinii</strong></span> <span class='ocrx_word' id='word_1_286' title='bbox 985 1404 1095 1448; x_wconf 79' lang='lat' dir='ltr'><strong>atque</strong></span> <span class='ocrx_word' id='word_1_287' title='bbox 1117 1401 1321 1438; x_wconf 86' lang='lat' dir='ltr'><strong>Aristotelis</strong></span> <span class='ocrx_word' id='word_1_288' title='bbox 1345 1402 1513 1450; x_wconf 83' lang='lat' dir='ltr'><strong>intelligi,</strong></span> 
     </span>
     <span class='ocr_line' id='line_1_60' title="bbox 860 1458 1514 1506; baseline 0.005 -15"><span class='ocrx_word' id='word_1_289' title='bbox 860 1468 955 1503; x_wconf 85' lang='lat' dir='ltr'><strong>quae</strong></span> <span class='ocrx_word' id='word_1_290' title='bbox 993 1460 1051 1493; x_wconf 82' lang='lat' dir='ltr'><strong>est</strong></span> <span class='ocrx_word' id='word_1_291' title='bbox 1086 1458 1325 1494; x_wconf 90' lang='lat' dir='ltr'><strong>recentiorum</strong></span> <span class='ocrx_word' id='word_1_292' title='bbox 1352 1458 1514 1506; x_wconf 74' lang='lat' dir='ltr'><strong>Antilope</strong></span> 
     </span>
     <span class='ocr_line' id='line_1_61' title="bbox 858 1511 1514 1564; baseline 0.003 -16"><span class='ocrx_word' id='word_1_293' title='bbox 858 1511 1059 1561; x_wconf 66' lang='lat' dir='ltr'><strong>Leuc-oryx.</strong></span> <span class='ocrx_word' id='word_1_294' title='bbox 1116 1512 1174 1550; x_wconf 89' lang='lat' dir='ltr'><strong>De</strong></span> <span class='ocrx_word' id='word_1_295' title='bbox 1195 1514 1357 1564; x_wconf 72' lang='lat' dir='ltr'><strong>Antilope</strong></span> <span class='ocrx_word' id='word_1_296' title='bbox 1377 1515 1432 1551; x_wconf 87' lang='lat' dir='ltr'><strong>hic</strong></span> <span class='ocrx_word' id='word_1_297' title='bbox 1452 1514 1514 1562; x_wconf 82' lang='lat' dir='ltr'><strong>agi</strong></span> 
     </span>
     <span class='ocr_line' id='line_1_62' title="bbox 859 1568 1514 1618; baseline 0.006 -15"><span class='ocrx_word' id='word_1_298' title='bbox 859 1568 1053 1605; x_wconf 84' lang='lat' dir='ltr'><strong>arbitratus</strong></span> <span class='ocrx_word' id='word_1_299' title='bbox 1087 1581 1232 1618; x_wconf 90' lang='lat' dir='ltr'><strong>quoque</strong></span> <span class='ocrx_word' id='word_1_300' title='bbox 1270 1575 1348 1607; x_wconf 85' lang='lat' dir='ltr'><strong>erat</strong></span> <span class='ocrx_word' id='word_1_301' title='bbox 1383 1571 1514 1618; x_wconf 81' lang='lat' dir='ltr'><strong>zoega</strong></span> 
     </span>
     <span class='ocr_line' id='line_1_63' title="bbox 858 1623 1512 1674; baseline 0.005 -14"><span class='ocrx_word' id='word_1_302' title='bbox 858 1623 917 1660; x_wconf 88' lang='lat' dir='ltr'><strong>De</strong></span> <span class='ocrx_word' id='word_1_303' title='bbox 937 1624 1100 1661; x_wconf 81' lang='lat' dir='ltr'><strong>obelisco.</strong></span> <span class='ocrx_word' id='word_1_304' title='bbox 1122 1639 1158 1674; x_wconf 92' lang='lat' dir='ltr'><strong>p.</strong></span> <span class='ocrx_word' id='word_1_305' title='bbox 1180 1627 1258 1666; x_wconf 87' lang='grc'><strong>168</strong></span> <span class='ocrx_word' id='word_1_306' title='bbox 1278 1630 1354 1663; x_wconf 90' lang='lat' dir='ltr'><strong>not.</strong></span> <span class='ocrx_word' id='word_1_307' title='bbox 1403 1626 1512 1663; x_wconf 87' lang='lat' dir='ltr'><strong>Plura</strong></span> 
     </span>
     <span class='ocr_line' id='line_1_64' title="bbox 858 1679 1510 1731; baseline 0.003 -15"><span class='ocrx_word' id='word_1_308' title='bbox 858 1679 1108 1717; x_wconf 87' lang='lat' dir='ltr'><strong>Lichtenstein</strong></span> <span class='ocrx_word' id='word_1_309' title='bbox 1127 1680 1147 1716; x_wconf 91' lang='lat' dir='ltr'><strong>l.</strong></span> <span class='ocrx_word' id='word_1_310' title='bbox 1169 1680 1190 1717; x_wconf 93' lang='lat' dir='ltr'><strong>l.</strong></span> <span class='ocrx_word' id='word_1_311' title='bbox 1216 1695 1252 1731; x_wconf 90' lang='lat' dir='ltr'><strong>p.</strong></span> <span class='ocrx_word' id='word_1_312' title='bbox 1275 1684 1355 1722; x_wconf 82' lang='lat'><strong>200</strong></span> <span class='ocrx_word' id='word_1_313' title='bbox 1374 1694 1450 1730; x_wconf 87' lang='lat' dir='ltr'><strong>seq.</strong></span> <span class='ocrx_word' id='word_1_314' title='bbox 1471 1685 1510 1722; x_wconf 86' lang='grc'><strong>2.</strong></span> 
     </span>
     <span class='ocr_line' id='line_1_65' title="bbox 859 1737 1512 1787; baseline 0.006 -15"><span class='ocrx_word' id='word_1_315' title='bbox 859 1737 1028 1773; x_wconf 64' lang='lat' dir='ltr'><strong>Veterum</strong></span> <span class='ocrx_word' id='word_1_316' title='bbox 1049 1738 1094 1774; x_wconf 89' lang='lat' dir='ltr'><strong>de</strong></span> <span class='ocrx_word' id='word_1_317' title='bbox 1108 1737 1228 1787; x_wconf 81' lang='lat' dir='ltr'><strong>Oryge</strong></span> <span class='ocrx_word' id='word_1_318' title='bbox 1249 1738 1347 1775; x_wconf 90' lang='lat' dir='ltr'><strong>locos</strong></span> <span class='ocrx_word' id='word_1_319' title='bbox 1369 1738 1512 1776; x_wconf 87' lang='lat' dir='ltr'><strong>exhibet</strong></span> 
     </span>
     <span class='ocr_line' id='line_1_66' title="bbox 857 1792 1510 1844; baseline 0.003 -16"><span class='ocrx_word' id='word_1_320' title='bbox 857 1792 1024 1829; x_wconf 86' lang='lat' dir='ltr'><strong>Bochart.</strong></span> <span class='ocrx_word' id='word_1_321' title='bbox 1043 1792 1066 1829; x_wconf 93' lang='lat' dir='ltr'><strong>l.</strong></span> <span class='ocrx_word' id='word_1_322' title='bbox 1089 1793 1110 1830; x_wconf 90' lang='lat' dir='ltr'><strong>l.</strong></span> <span class='ocrx_word' id='word_1_323' title='bbox 1131 1794 1196 1839; x_wconf 90' lang='lat' dir='ltr'><strong>Ill,</strong></span> <span class='ocrx_word' id='word_1_324' title='bbox 1216 1797 1268 1835; x_wconf 85' lang='grc'><strong>26</strong></span> <span class='ocrx_word' id='word_1_325' title='bbox 1283 1808 1319 1844; x_wconf 88' lang='lat' dir='ltr'><strong>p.</strong></span> <span class='ocrx_word' id='word_1_326' title='bbox 1334 1793 1414 1834; x_wconf 83' lang='lat'><strong>946</strong></span> <span class='ocrx_word' id='word_1_327' title='bbox 1426 1807 1510 1843; x_wconf 83' lang='lat' dir='ltr'><strong>sqq.</strong></span> 
     </span>
     <span class='ocr_line' id='line_1_67' title="bbox 859 1847 1510 1899; baseline 0.003 -15"><span class='ocrx_word' id='word_1_328' title='bbox 859 1847 1111 1899; x_wconf 83' lang='lat' dir='ltr'><strong>Antiloparum</strong></span> <span class='ocrx_word' id='word_1_329' title='bbox 1147 1863 1232 1887; x_wconf 76' lang='lat' dir='ltr'><strong>vero</strong></span> <span class='ocrx_word' id='word_1_330' title='bbox 1280 1863 1301 1887; x_wconf 89' lang='lat' dir='ltr'><strong>e</strong></span> <span class='ocrx_word' id='word_1_331' title='bbox 1343 1851 1510 1886; x_wconf 87' lang='lat' dir='ltr'><strong>cornibus</strong></span> 
     </span>
     <span class='ocr_line' id='line_1_68' title="bbox 861 1904 1510 1955; baseline 0.002 -13"><span class='ocrx_word' id='word_1_332' title='bbox 861 1904 966 1942; x_wconf 77' lang='lat' dir='ltr'><strong>tibias</strong></span> <span class='ocrx_word' id='word_1_333' title='bbox 1009 1909 1154 1955; x_wconf 83' lang='lat' dir='ltr'><strong>paratas</strong></span> <span class='ocrx_word' id='word_1_334' title='bbox 1198 1907 1309 1943; x_wconf 86' lang='lat' dir='ltr'><strong>fuisse</strong></span> <span class='ocrx_word' id='word_1_335' title='bbox 1342 1918 1416 1942; x_wconf 90' lang='lat' dir='ltr'><strong>non</strong></span> <span class='ocrx_word' id='word_1_336' title='bbox 1453 1910 1510 1943; x_wconf 86' lang='lat' dir='ltr'><strong>est</strong></span> 
     </span>
     <span class='ocr_line' id='line_1_69' title="bbox 861 1962 1511 2012; baseline 0.003 -15"><span class='ocrx_word' id='word_1_337' title='bbox 861 1962 961 2010; x_wconf 90' lang='lat' dir='ltr'><strong>quod</strong></span> <span class='ocrx_word' id='word_1_338' title='bbox 1000 1974 1166 1999; x_wconf 89' lang='lat' dir='ltr'><strong>moneam</strong></span> <span class='ocrx_word' id='word_1_339' title='bbox 1216 1966 1300 2012; x_wconf 89' lang='lat' dir='ltr'><strong>post</strong></span> <span class='ocrx_word' id='word_1_340' title='bbox 1331 1962 1511 2011; x_wconf 72' lang='lat' dir='ltr'><strong>Biittiger.</strong></span> 
     </span>
     <span class='ocr_line' id='line_1_70' title="bbox 861 2018 1512 2069; baseline 0.005 -16"><span class='ocrx_word' id='word_1_341' title='bbox 861 2018 1036 2067; x_wconf 87' lang='lat' dir='ltr'><strong>disputat.</strong></span> <span class='ocrx_word' id='word_1_342' title='bbox 1067 2018 1104 2055; x_wconf 92' lang='lat' dir='ltr'><strong>in</strong></span> <span class='ocrx_word' id='word_1_343' title='bbox 1132 2018 1322 2056; x_wconf 84' lang='lat' dir='ltr'><strong>Amalthea</strong></span> <span class='ocrx_word' id='word_1_344' title='bbox 1345 2018 1396 2054; x_wconf 91' lang='lat' dir='ltr'><strong>III</strong></span> <span class='ocrx_word' id='word_1_345' title='bbox 1424 2030 1512 2069; x_wconf 81' lang='lat' dir='ltr'><strong>pag.</strong></span> 
     </span>
     <span class='ocr_line' id='line_1_71' title="bbox 863 2075 1068 2123; baseline 0 -9"><span class='ocrx_word' id='word_1_346' title='bbox 863 2075 944 2115; x_wconf 85' lang='lat'><strong>192</strong></span> <span class='ocrx_word' id='word_1_347' title='bbox 965 2087 1068 2123; x_wconf 87' lang='lat' dir='ltr'><strong>seqq.</strong></span> 
     </span>
    </p>

    <p class='ocr_par' dir='ltr' id='par_1_12' title="bbox 858 2127 1513 2913">
     <span class='ocr_line' id='line_1_72' title="bbox 916 2127 1513 2181; baseline 0.002 -13"><span class='ocrx_word' id='word_1_348' title='bbox 916 2132 997 2168; x_wconf 75' lang='grc' dir='ltr'><strong>τῶν</strong></span> <span class='ocrx_word' id='word_1_349' title='bbox 1017 2127 1064 2168; x_wconf 73' lang='grc' dir='ltr'><strong>το)</strong></span> <span class='ocrx_word' id='word_1_350' title='bbox 1092 2127 1206 2181; x_wconf 86' lang='grc' dir='ltr'><em>κε’ρεοι</em></span> <span class='ocrx_word' id='word_1_351' title='bbox 1232 2133 1335 2169; x_wconf 83' lang='grc' dir='ltr'><em>τοῖσι</em></span> <span class='ocrx_word' id='word_1_352' title='bbox 1355 2129 1513 2177; x_wconf 78' lang='grc' dir='ltr'><em>Φοίνιξι</em></span> 
     </span>
     <span class='ocr_line' id='line_1_73' title="bbox 861 2182 1513 2237; baseline -0.002 -11"><span class='ocrx_word' id='word_1_353' title='bbox 861 2185 904 2226; x_wconf 83' lang='grc' dir='ltr'><strong>οἱ</strong></span> <span class='ocrx_word' id='word_1_354' title='bbox 920 2182 1061 2237; x_wconf 81' lang='grc' dir='ltr'><em>πήχεες</em></span> <span class='ocrx_word' id='word_1_355' title='bbox 1081 2186 1301 2237; x_wconf 77' lang='grc' dir='ltr'><em>ποιεῦνται]</em></span> <span class='ocrx_word' id='word_1_356' title='bbox 1342 2186 1413 2223; x_wconf 91' lang='lat' dir='ltr'><strong>Pro</strong></span> <span class='ocrx_word' id='word_1_357' title='bbox 1431 2189 1513 2225; x_wconf 77' lang='grc' dir='ltr'><strong>τῶν</strong></span> 
     </span>
     <span class='ocr_line' id='line_1_74' title="bbox 858 2240 1511 2293; baseline -0.005 -11"><span class='ocrx_word' id='word_1_358' title='bbox 858 2240 957 2282; x_wconf 62' lang='lat' dir='ltr'><strong>zato}</strong></span> <span class='ocrx_word' id='word_1_359' title='bbox 973 2241 1087 2293; x_wconf 81' lang='grc' dir='ltr'><em>κέρεα</em></span> <span class='ocrx_word' id='word_1_360' title='bbox 1105 2244 1240 2280; x_wconf 89' lang='lat' dir='ltr'><strong>dudum</strong></span> <span class='ocrx_word' id='word_1_361' title='bbox 1259 2243 1384 2280; x_wconf 87' lang='lat' dir='ltr'><strong>melius</strong></span> <span class='ocrx_word' id='word_1_362' title='bbox 1403 2243 1511 2280; x_wconf 88' lang='lat' dir='ltr'><strong>resti-</strong></span> 
     </span>
     <span class='ocr_line' id='line_1_75' title="bbox 858 2299 1513 2349; baseline 0.002 -13"><span class='ocrx_word' id='word_1_363' title='bbox 858 2303 980 2338; x_wconf 88' lang='lat' dir='ltr'><strong>tuerat</strong></span> <span class='ocrx_word' id='word_1_364' title='bbox 1000 2300 1152 2337; x_wconf 83' lang='lat' dir='ltr'><strong>Gesner.</strong></span> <span class='ocrx_word' id='word_1_365' title='bbox 1172 2299 1194 2336; x_wconf 91' lang='lat' dir='ltr'><strong>l.</strong></span> <span class='ocrx_word' id='word_1_366' title='bbox 1215 2299 1237 2336; x_wconf 93' lang='lat' dir='ltr'><strong>l.</strong></span> <span class='ocrx_word' id='word_1_367' title='bbox 1258 2312 1295 2349; x_wconf 84' lang='lat' dir='ltr'><strong>p.</strong></span> <span class='ocrx_word' id='word_1_368' title='bbox 1319 2301 1414 2346; x_wconf 89' lang='lat'>770,</span> <span class='ocrx_word' id='word_1_369' title='bbox 1433 2299 1513 2337; x_wconf 76' lang='grc' dir='ltr'><strong>τῶν</strong></span> 
     </span>
     <span class='ocr_line' id='line_1_76' title="bbox 859 2353 1513 2406; baseline -0.005 -12"><span class='ocrx_word' id='word_1_370' title='bbox 859 2353 907 2394; x_wconf 74' lang='grc' dir='ltr'><strong>τοὶ</strong></span> <span class='ocrx_word' id='word_1_371' title='bbox 939 2353 1054 2406; x_wconf 79' lang='grc' dir='ltr'><em>κέρεα</em></span> <span class='ocrx_word' id='word_1_372' title='bbox 1091 2356 1142 2392; x_wconf 87' lang='lat' dir='ltr'><strong>sic</strong></span> <span class='ocrx_word' id='word_1_373' title='bbox 1180 2356 1443 2405; x_wconf 84' lang='lat' dir='ltr'><strong>interpretans:</strong></span> <span class='ocrx_word' id='word_1_374' title='bbox 1494 2367 1513 2392; x_wconf 83' lang='lat' dir='ltr'><strong>e</strong></span> 
     </span>
     <span class='ocr_line' id='line_1_77' title="bbox 861 2412 1512 2462; baseline -0.002 -14"><span class='ocrx_word' id='word_1_375' title='bbox 861 2425 1004 2462; x_wconf 77' lang='lat' dir='ltr'><strong>quorum</strong></span> <span class='ocrx_word' id='word_1_376' title='bbox 1033 2413 1190 2448; x_wconf 74' lang='lat' dir='ltr'><strong>cornibus</strong></span> <span class='ocrx_word' id='word_1_377' title='bbox 1211 2413 1322 2448; x_wconf 77' lang='lat' dir='ltr'><strong>cubiti</strong></span> <span class='ocrx_word' id='word_1_378' title='bbox 1334 2412 1435 2461; x_wconf 83' lang='lat' dir='ltr'><strong>fiunt</strong></span> <span class='ocrx_word' id='word_1_379' title='bbox 1456 2412 1512 2447; x_wconf 80' lang='lat' dir='ltr'><strong>in-</strong></span> 
     </span>
     <span class='ocr_line' id='line_1_78' title="bbox 861 2468 1512 2518; baseline -0.003 -13"><span class='ocrx_word' id='word_1_380' title='bbox 861 2471 1060 2506; x_wconf 72' lang='lat' dir='ltr'><strong>strumentis</strong></span> <span class='ocrx_word' id='word_1_381' title='bbox 1083 2470 1245 2515; x_wconf 73' lang='grc' dir='ltr'><em>ηιιιείείε,</em></span> <span class='ocrx_word' id='word_1_382' title='bbox 1293 2481 1380 2518; x_wconf 81' lang='lat' dir='ltr'><strong>quae</strong></span> <span class='ocrx_word' id='word_1_383' title='bbox 1405 2468 1512 2517; x_wconf 81' lang='lat' dir='ltr'><strong>phoe-</strong></span> 
     </span>
     <span class='ocr_line' id='line_1_79' title="bbox 860 2524 1512 2562; baseline -0.005 0"><span class='ocrx_word' id='word_1_384' title='bbox 860 2527 954 2562; x_wconf 82' lang='lat' dir='ltr'><strong>m&#39;ces</strong></span> <span class='ocrx_word' id='word_1_385' title='bbox 973 2528 1105 2562; x_wconf 71' lang='lat' dir='ltr'><strong>vocant.</strong></span> <span class='ocrx_word' id='word_1_386' title='bbox 1162 2525 1258 2562; x_wconf 90' lang='lat' dir='ltr'><strong>Hinc</strong></span> <span class='ocrx_word' id='word_1_387' title='bbox 1279 2524 1434 2561; x_wconf 72' lang='lat' dir='ltr'><strong>citharas</strong></span> <span class='ocrx_word' id='word_1_388' title='bbox 1457 2525 1512 2560; x_wconf 93' lang='lat' dir='ltr'><strong>in-</strong></span> 
     </span>
     <span class='ocr_line' id='line_1_80' title="bbox 859 2579 1509 2628; baseline -0.008 -9"><span class='ocrx_word' id='word_1_389' title='bbox 859 2582 1073 2620; x_wconf 85' lang='lat' dir='ltr'><strong>tellexerunt</strong></span> <span class='ocrx_word' id='word_1_390' title='bbox 1095 2580 1246 2618; x_wconf 83' lang='lat' dir='ltr'><strong>Salmas.</strong></span> <span class='ocrx_word' id='word_1_391' title='bbox 1274 2582 1321 2618; x_wconf 90' lang='lat' dir='ltr'><strong>ad</strong></span> <span class='ocrx_word' id='word_1_392' title='bbox 1341 2579 1452 2616; x_wconf 90' lang='lat' dir='ltr'><strong>Solin.</strong></span> <span class='ocrx_word' id='word_1_393' title='bbox 1473 2592 1509 2628; x_wconf 92' lang='lat' dir='ltr'><strong>p.</strong></span> 
     </span>
     <span class='ocr_line' id='line_1_81' title="bbox 863 2635 1512 2686; baseline -0.011 -10"><span class='ocrx_word' id='word_1_394' title='bbox 863 2638 955 2680; x_wconf 86' lang='lat'><strong>157.</strong></span> <span class='ocrx_word' id='word_1_395' title='bbox 984 2638 1155 2675; x_wconf 86' lang='lat' dir='ltr'><strong>Bochart.</strong></span> <span class='ocrx_word' id='word_1_396' title='bbox 1174 2638 1198 2674; x_wconf 94' lang='lat' dir='ltr'><strong>l.</strong></span> <span class='ocrx_word' id='word_1_397' title='bbox 1218 2637 1239 2674; x_wconf 92' lang='lat' dir='ltr'><strong>l.</strong></span> <span class='ocrx_word' id='word_1_398' title='bbox 1255 2650 1291 2686; x_wconf 92' lang='lat' dir='ltr'><strong>p.</strong></span> <span class='ocrx_word' id='word_1_399' title='bbox 1309 2636 1389 2677; x_wconf 80' lang='lat'><strong>946</strong></span> <span class='ocrx_word' id='word_1_400' title='bbox 1407 2635 1512 2671; x_wconf 86' lang='lat' dir='ltr'><strong>item-</strong></span> 
     </span>
     <span class='ocr_line' id='line_1_82' title="bbox 859 2690 1511 2744; baseline -0.009 -13"><span class='ocrx_word' id='word_1_401' title='bbox 859 2707 930 2744; x_wconf 89' lang='lat' dir='ltr'><strong>que</strong></span> <span class='ocrx_word' id='word_1_402' title='bbox 949 2694 1119 2732; x_wconf 88' lang='lat' dir='ltr'><strong>Larcher.</strong></span> <span class='ocrx_word' id='word_1_403' title='bbox 1170 2693 1221 2729; x_wconf 90' lang='lat' dir='ltr'><strong>Et</strong></span> <span class='ocrx_word' id='word_1_404' title='bbox 1238 2705 1326 2728; x_wconf 87' lang='lat' dir='ltr'><strong>sane</strong></span> <span class='ocrx_word' id='word_1_405' title='bbox 1346 2692 1437 2726; x_wconf 91' lang='lat' dir='ltr'><strong>inter</strong></span> <span class='ocrx_word' id='word_1_406' title='bbox 1454 2690 1511 2725; x_wconf 82' lang='lat' dir='ltr'><strong>in·</strong></span> 
     </span>
     <span class='ocr_line' id='line_1_83' title="bbox 859 2746 1508 2788; baseline -0.009 0"><span class='ocrx_word' id='word_1_407' title='bbox 859 2755 1060 2788; x_wconf 85' lang='lat' dir='ltr'><strong>strumenta</strong></span> <span class='ocrx_word' id='word_1_408' title='bbox 1117 2749 1251 2786; x_wconf 87' lang='lat' dir='ltr'><strong>musica</strong></span> <span class='ocrx_word' id='word_1_409' title='bbox 1302 2746 1508 2782; x_wconf 87' lang='lat' dir='ltr'><strong>Athenaeus</strong></span> 
     </span>
     <span class='ocr_line' id='line_1_84' title="bbox 859 2799 1507 2854; baseline -0.011 -12"><span class='ocrx_word' id='word_1_410' title='bbox 859 2807 978 2853; x_wconf 89' lang='lat' dir='ltr'>(XIV,</span> <span class='ocrx_word' id='word_1_411' title='bbox 1000 2809 1024 2848; x_wconf 90' lang='lat'><strong>9</strong></span> <span class='ocrx_word' id='word_1_412' title='bbox 1047 2803 1130 2854; x_wconf 80' lang='lat'>[40]</span> <span class='ocrx_word' id='word_1_413' title='bbox 1152 2816 1236 2852; x_wconf 84' lang='lat' dir='ltr'><strong>pag.</strong></span> <span class='ocrx_word' id='word_1_414' title='bbox 1254 2804 1334 2842; x_wconf 82' lang='lat'><strong>637</strong></span> <span class='ocrx_word' id='word_1_415' title='bbox 1353 2801 1396 2839; x_wconf 91' lang='lat' dir='ltr'><strong>B.</strong></span> <span class='ocrx_word' id='word_1_416' title='bbox 1427 2799 1507 2836; x_wconf 91' lang='lat' dir='ltr'><strong>coll.</strong></span> 
     </span>
     <span class='ocr_line' id='line_1_85' title="bbox 858 2855 1505 2913; baseline -0.014 -13"><span class='ocrx_word' id='word_1_417' title='bbox 858 2862 995 2913; x_wconf 87' lang='lat' dir='ltr'><strong>Ephor.</strong></span> <span class='ocrx_word' id='word_1_418' title='bbox 1013 2862 1179 2910; x_wconf 78' lang='lat' dir='ltr'><strong>fragium.</strong></span> <span class='ocrx_word' id='word_1_419' title='bbox 1205 2870 1291 2909; x_wconf 85' lang='lat' dir='ltr'><strong>pag.</strong></span> <span class='ocrx_word' id='word_1_420' title='bbox 1307 2858 1384 2897; x_wconf 79' lang='lat'><strong>261</strong></span> <span class='ocrx_word' id='word_1_421' title='bbox 1406 2855 1505 2906; x_wconf 85' lang='lat' dir='ltr'><strong>seq.)</strong></span> 
     </span>
    </p>
   </div>
  </div>
 </body>
</html>
