1863 3256
518 265 862 310 THALIA.
921 266 985 305 111.

1299 273 1381 310 223

105 399 260 433 νατον,
299 384 374 427 καί
409 397 483 438 μοι
521 382 654 423 τοῦτο
695 376 987 433 ἐξαγγέλλεται
1028 373 1268 432 σαφηνέως.
1327 377 1381 420 σύ

104 471 187 498 νυν
217 454 288 509 ἐμὲ
319 453 576 508 ἐκκομίσας,
607 448 745 492 αὐτόν
775 449 849 492 καὶ
877 447 1098 504 χρήματα,
1131 446 1182 489 τά
1205 446 1285 502 μὲν
1312 446 1383 489 az}-
1395 454 1439 488 95

76 530 202 568 7τῶν
233 523 363 574 αὐτὸς
392 523 478 578 ἔχε,
512 521 566 564 τοὶ·
598 520 643 563 δὲ
674 519 746 575 ἐμὲ
776 520 824 562 ἔα
855 519 977 575 ἔχειν.
1022 517 1185 562 εἵνεκέν
1213 533 1256 561 τε
1286 535 1383 575 χρη-

104 597 275 653 μάτων,
307 593 450 649 ἄρξεις
479 591 650 648 ἁπάσης
678 595 755 647 τῆς
777 589 996 642 Ἑλλάδος.
1044 591 1079 634 εἰ
1105 591 1149 634 δέ
1180 606 1257 645 μοι
1288 589 1380 632 ἀπι-

105 669 239 718 στέεις
268 665 321 708 τὰ
351 668 449 720 περὶ
479 668 568 707 τῶν
597 661 854 719 χρημάτων,

0 747 54 790 23
103 737 310 788 στότατος
339 734 542 791 τυγχάνει
572 735 678 787 ἐών,
719 738 781 790 τῷ
814 733 896 790 ἐγώ
929 732 1169 785 ἀποδέξω.“
1234 737 1382 776 Ταῦτα

886 662 1060 716 πέμψον
1092 661 1209 713 ὅστις
1231 678 1299 705 τοι
1317 677 1382 704 πι·

102 808 295 859 ἀκούσας
326 805 348 850 ὁ
372 806 682 861 Πολυκράτης,
712 804 829 862 ἥσθη
862 822 905 848 τε
936 805 1007 849 καὶ
1038 804 1268 860 ἐβούλετο·
1300 807 1404 849 καίι

96 897 198 932 κως,
212 881 398 935 ἱμείρετο
409 878 492 935 γὰρ
505 877 737 934 χρημάτων
749 876 957 934 μεγάλως,
970 875 1213 931 ἀποπέμπει
1229 893 1285 932 πρ
1293 881 1382 920 ὦτα

97 950 401 1006 κατοψόμενον
441 949 726 1004 Μαιάνδριον
755 950 1062 1002 ΛῙαιανδρίου,
1111 946 1251 1001 ἄνδρα
1290 952 1379 991 τῶν

101 1021 257 1072 οἰστῶν,
290 1021 338 1072 ὅς
369 1023 410 1064 οἱ
437 1015 494 1076 ἦν
523 1021 868 1078 γραμματιστής·
903 1019 950 1072 ὃς
979 1019 1122 1077 χρόνῳ
1149 1018 1203 1063 οὐ
1233 1024 1380 1078 πολλῷ

96 1094 283 1148 ’ὕστερον
312 1091 506 1144 τούτων,
540 1092 619 1136 τόν
639 1092 810 1152 κόσμον
837 1091 915 1137 τὸν
941 1091 987 1135 ἐκ
1016 1096 1096 1135 τοῦ
1128 1090 1380 1148 ἀνδρεῶνος

102 1263 152 1308 σύ
172 1283 248 1306 νυν
262 1264 328 1318 ἐμὲ
341 1265 554 1317 ἐκκομίσας
565 1282 595 1306 κ4
612 1283 644 1305 τ.
657 1266 708 1317 λ.]

42 1327 65 1363 i.
88 1339 119 1363 e.
153 1324 210 1361 Tu
232 1327 369 1373 igitur,
398 1327 439 1360 ut
470 1327 503 1360 et
523 1337 574 1360 me
597 1327 710 1375 ipsum

40 1395 85 1419 ex
109 1381 195 1418 hac
216 1385 348 1418 terra
378 1381 510 1417 educas
544 1386 575 1418 et
599 1395 708 1433 pecu-

38 1441 122 1476 nias
151 1451 268 1475 meas
297 1441 467 1487 exportes.
526 1438 581 1476 Ita
611 1443 709 1476 recte

39 1495 243 1545 Schweigh.
269 1495 306 1532 in
329 1494 420 1532 Iex.
443 1495 583 1533 Herod.
609 1509 709 1532 com-

37 1565 172 1604 parans
211 1551 284 1599 ΙΙΙ,
319 1553 385 1591 43.
411 1574 467 1579 -
504 1551 565 1589 Ad
596 1552 708 1590 verba

41 1607 192 1648 είνεκέν
212 1623 251 1647 τε
277 1603 491 1659 χρῃιιάτωι
514 1609 628 1659 (quod
649 1612 707 1645 at-

39 1668 130 1703 tenet
157 1665 207 1701 ad
235 1666 428 1714 pecuums)
468 1667 532 1703 (r.
570 1665 706 1702 consuli

39 1722 116 1759 vult
147 1722 404 1770 wyttenbach.
436 1723 705 1760 Animadverss.

39 1779 77 1816 in
97 1778 278 1816 Plutarch.
307 1777 437 1815 Moral.
457 1779 490 1815 ll
519 1793 605 1830 pag.
623 1781 701 1819 671

40 1848 118 1884 seq.
171 1834 233 1871 Tu
265 1835 337 1871 vid.
372 1835 505 1873 matth.
544 1837 609 1874 Gr.
641 1836 707 1872 Gr.

40 1905 128 1944 pag.
155 1893 276 1932 1137.

214 1980 246 2018 c
258 1993 279 2018 a
290 1994 325 2032 p.
359 1981 528 2019 cxxui.

96 2055 209 2109 ’ἥσθη
232 2074 272 2098 τε
289 2059 358 2099 καὶ
380 2056 584 2112 ἐβούλετο]
615 2062 708 2099 Ver-

39 2116 127 2154 bum
171 2112 356 2167 ἐβούλετο
386 2118 444 2155 hic
487 2119 706 2168 praegnanti

39 2185 149 2210 sensu
169 2174 304 2211 dictum
330 2175 501 2212 videtur:
532 2175 706 2225 valdeque

39 2231 157 2266 animo
178 2230 265 2267 haec
286 2233 445 2281 expetiit,
479 2231 704 2270 desideravit.

38 2286 242 2335 Schweigh.
271 2289 412 2325 reddit:
454 2289 706 2326 commi-onem

39 2355 103 2392 que
131 2345 279 2392 accepit.
321 2345 384 2381 Sic
414 2345 460 2392 Υ,
480 2344 553 2385 493
583 2348 706 2400 θυμῷ

39 2395 299 2450 βουλόμενοι,
328 2400 455 2439 Valck.
486 2403 705 2453 interprete,

38 2462 115 2493 est.
147 2456 273 2506 cupide
289 2458 455 2505 volentes,
474 2472 627 2496 animose
646 2460 706 2497 de-

39 2512 255 2559 siderantes,
286 2512 585 2567 ἐπιθυμητικῶς
605 2513 706 2570 πρὸς

39 2570 162 2608 ταῦτα
182 2570 436 2635 διακείμενοι.

100 2622 359 2678 Μαιάνδριον
413 2628 704 2680 Μαιανδρίου]

41 2661 306 2734 Μαιάνδριον
330 2685 416 2736 (pro
439 2686 704 2738 Μαίανδρον)

40 2749 136 2773 nunc
157 2744 253 2776 recte
273 2742 484 2792 repositum.
524 2743 608 2781 Vid.
628 2743 705 2781 Lu-

40 2793 132 2830 ciani
155 2793 177 2830 l.
199 2807 284 2833 mox
302 2796 325 2834 l.
371 2798 501 2837 Monet
523 2805 646 2838 autem
668 2800 703 2837 h.

39 2848 64 2886 1.
105 2849 281 2888 Valcken.
318 2855 432 2891 rarius
475 2869 565 2894 sane
604 2857 704 2907 apud

41 2905 206 2944 Graecos
216 2907 331 2960 patris
348 2922 480 2950 nomen
496 2912 571 2951 filio
588 2914 702 2952 fuisse

767 1268 946 1314 inditum,
978 1271 1018 1304 ut
1052 1280 1096 1305 ex
1128 1268 1163 1304 h.
1192 1266 1213 1303 l.
1243 1272 1431 1317 appareat.

767 1324 900 1362 Persas
925 1325 993 1361 hoc
1013 1325 1139 1374 utique
1160 1336 1436 1374 nonnumquam

766 1382 909 1428 secisse,
938 1382 1003 1428 ait,
1031 1386 1069 1418 et
1093 1381 1192 1432 apud
1213 1380 1437 1419 Demosthe-

765 1451 849 1475 nem
872 1451 1022 1488 quoque
1050 1439 1213 1488 quinque
1242 1438 1438 1475 memorari

766 1495 858 1532 filios
878 1495 1041 1545 patribus
1070 1496 1317 1544 cognomines
1373 1495 1435 1533 De

766 1550 986 1589 DIaeanclrz'o
1005 1553 1076 1588 vid.
1098 1552 1250 1590 Lucian.
1286 1550 1436 1602 Necyo-

765 1616 879 1646 mant.
914 1607 1044 1659 §.161
1075 1609 1286 1660 Contempl.
1316 1607 1353 1660 ἓ.
1381 1607 1433 1650 14

765 1670 802 1703 et
823 1667 869 1702 ad
882 1673 1075 1715 utrumque
1092 1666 1209 1703 locum
1222 1666 1432 1703 Hemsterh.

764 1735 851 1773 pag.
875 1724 969 1764 358.
994 1724 1075 1763 396
1096 1737 1173 1772 seq.
1199 1722 1247 1760 T.
1272 1723 1319 1760 Ill
1345 1723 1431 1772 Bip.

767 1780 847 1816 coll.
878 1779 1044 1816 Perizon.
1071 1781 1120 1817 ad
1144 1779 1285 1817 Aelian.
1315 1780 1359 1816 Υ.
1381 1779 1432 1816 Η.

767 1836 850 1883 Xll,
877 1835 931 1876 53
961 1841 997 1874 et
1021 1837 1092 1873 vid.
1121 1838 1240 1887 ipsum
1261 1837 1433 1874 Herodo-

768 1896 842 1930 tum
863 1893 927 1939 Ill,
949 1892 1028 1934 142
1047 1906 1151 1943 seqq.
1210 1892 1306 1930 Nam
1326 1893 1432 1930 Mae-

767 1950 916 1986 andrius
932 1949 1114 1999 Polycrati
1136 1951 1326 1988 interfecto
1351 1963 1433 1987 suc-

767 2007 878 2043 cessit
905 2007 941 2042 in
969 2007 1070 2043 Sami
1100 2008 1263 2057 imperio.
1316 2008 1430 2045 Cuius

765 2076 823 2100 res
863 2068 1079 2101 enarrantur
1111 2077 1132 2101 a
1160 2063 1329 2101 Panofka
1360 2064 1431 2101 Sa-

763 2121 884 2157 miorr.
915 2120 992 2157 Res
1013 2133 1097 2171 pag.
1120 2121 1172 2162 43
1195 2133 1273 2170 seq.
1321 2121 1433 2165 Quod

762 2190 849 2214 vero
886 2176 1040 2214 Lucian.
1082 2178 1120 2214 in
1150 2178 1360 2228 Contempl.
1392 2176 1430 2228 ἓ.

767 2233 819 2274 14
850 2232 1078 2282 Polycratem
1113 2235 1238 2271 scribit
1276 2235 1323 2271 ab
1362 2235 1430 2272 ad-

763 2295 885 2327 stante
906 2290 1072 2327 familiari
1092 2304 1196 2328 servo
1209 2291 1428 2328 Maeandrio

760 2347 946 2397 proditum
975 2360 1067 2393 esse,
1096 2347 1134 2384 id
1161 2348 1258 2385 unde
1279 2347 1428 2397 habeat,

763 2404 933 2452 equidem
953 2405 1088 2441 nescio.
1127 2404 1238 2454 Apud
1256 2405 1430 2442 Herodo-

764 2466 840 2497 tum
862 2460 935 2498 tale
958 2461 1046 2509 quid
1068 2461 1216 2499 minime
1233 2462 1397 2499 refertur.

822 2513 868 2563 ὃς
897 2513 1027 2570 χρόνῳ
1055 2539 1112 2545 ——
1139 2513 1306 2569 ὕστερον
1336 2514 1428 2557 τοιῖ-

763 2574 864 2623 των]
896 2574 955 2610 Ad
987 2574 1207 2612 locutionem
1242 2576 1335 2613 conf.
1362 2575 1428 2623 lll,

765 2633 896 2672 36.—-
918 2631 960 2667 In
971 2632 1136 2681 proxime
1157 2644 1261 2681 seqq.
1276 2627 1428 2680 κόσμον

763 2688 811 2725 de
832 2688 1072 2738 suppellectili
1090 2691 1244 2738 pretioso
1264 2689 1298 2726 in
1318 2688 1428 2738 Poly-

762 2745 871 2781 cratis
891 2744 1050 2782 conclavi
1071 2745 1274 2795 intelligere
1294 2745 1426 2782 malim.

760 2799 819 2838 De
838 2799 979 2839 Heraeo
992 2802 1064 2838 dixi
1082 2803 1128 2839 ad
1148 2803 1211 2849 Ill,
1231 2805 1296 2843 60.
1309 2811 1426 2850 προσ-

762 2851 927 2908 δὸκιμον
959 2854 1063 2897 εἶναι
1089 2858 1186 2896 valet
1216 2857 1424 2908 exspectari,

759 2917 802 2951 ut
822 2913 854 2963 1,
876 2917 942 2964 78,
973 2915 1069 2952 alibi.

1457 738 1655 767 Maeandrius
1683 749 1701 768 a

1439 772 1480 799 Po
1464 773 1529 806 loyc
1534 781 1567 799 ra
1551 777 1600 800 ”ite
1649 782 1715 814 spe-

1460 807 1634 833 uaoltrauri
1627 808 1716 835 iims-

1439 840 1584 903 Oursoeitle'·

1576 849 1614 875 ιιρ
1608 841 1668 868 itur
1679 842 1715 869 ab

1856 802 1863 818 A
1856 470 1863 775 .——-*-
1859 460 1861 463 -
1854 23 1863 453 25--—.-——--——⁴
