1863 3256
368 197 451 238 174

765 199 1237 239 HERODOTI

364 306 630 359 συνοίκοισι,
674 308 748 351 καὶ
776 309 952 364 Μαρσὶ,
991 308 1217 367 τριηκόσια
1255 307 1443 352 τάλαντα
1481 311 1632 363 προεί-

332 381 489 434 4ρητο.
547 378 683 434 νομός
723 381 894 431 εἴνατος
934 382 1008 424 καὶ
1056 382 1234 432 δέκατος
1281 375 1425 431 οὗτος.
1481 381 1631 425 Ἰνδῶν

360 449 407 492 δὲ
446 448 618 505 πλῆθός
655 465 700 492 τε
748 454 898 508 πολλῷ
946 451 1149 495 πλεῖστόν
1196 452 1285 495 ἐστι
1323 451 1500 494 πάντων
1542 455 1632 495 τῶν

361 519 483 576 ἡμεῖς
512 522 635 575 ἴδμεν
667 519 943 574 ἀνθρώπων,
981 521 1053 564 καὶ
1084 520 1229 577 φόρον
1257 522 1494 577 ἀπαγίνεον
1524 520 1687 576 πρός85

358 589 525 642 πάντας
554 590 656 642 τοὺς
685 589 844 643 ἄλλους
875 589 1080 647 ἑξήκοντα
1119 593 1192 636 καὶ
1222 592 1450 650 τριηκόσια
1479 593 1632 637 τάλαν-

301 754 360 786 tur
382 749 547 797 gentium
575 749 722 786 nomina
744 750 967 789 confudisse.

303 804 444 842 Moschi·
461 805 559 854 apud
589 805 872 855 Xenophontem
893 819 967 843 non

304 865 509 907 occurrunt,
537 862 602 898 sed
624 862 722 911 apud
734 862 966 900 Herodotum

301 917 384 963 VH,
401 918 467 956 78.
509 917 567 954 De
588 919 771 954 montibus
794 918 968 955 Moscho-

301 986 381 1010 rum
410 973 504 1010 conf.
538 974 659 1011 Strab.
684 974 735 1009 XI
762 987 798 1024 p.
820 974 902 1014 492
934 987 963 1012 S.

302 1029 386 1069 754
409 1028 453 1066 A.
483 1034 519 1067 et
547 1030 617 1066 XII
646 1043 681 1080 p.
706 1030 797 1071 521.
826 1030 907 1071 548
934 1044 965 1070 S.

303 1087 385 1125 793
415 1088 456 1122 A.
484 1090 521 1123 et
550 1086 630 1127 825
657 1087 701 1124 Β.
758 1086 837 1124 Alia
863 1087 966 1124 dabit

299 1141 514 1180 Tzschucke
537 1143 584 1179 ad
596 1143 772 1193 Pouipon.
796 1143 881 1180 Mel.
903 1144 967 1191 ΙΙΙ,

300 1199 325 1239 5
347 1196 384 1249 ἓ.
406 1199 432 1240 4
456 1211 541 1249 pag·
566 1201 644 1241 139
664 1213 740 1249 seq.
773 1200 966 1237 Tibarenos

298 1257 401 1292 novit
419 1255 640 1305 Xenophon.
659 1257 775 1293 Anab.
798 1258 844 1303 V,
865 1257 904 1303 5,
928 1260 965 1304 1,

298 1312 363 1349 ubi
384 1311 520 1349 consul.
546 1312 704 1361 Kriiger.
735 1313 794 1350 De
814 1312 965 1350 Macro-

297 1369 404 1405 nibus
426 1369 500 1405 dixi
528 1370 576 1405 ad
601 1369 646 1416 ll,
672 1369 762 1410 104.
793 1369 961 1408 Maltebr.

300 1424 322 1462 l.
339 1425 361 1462 Ι.
388 1425 454 1462 has
483 1429 635 1475 genteS‚
666 1439 774 1463 unam
802 1431 887 1478 post
911 1426 963 1464 al-

297 1485 429 1528 teram,
443 1481 628 1520 habitasse
647 1484 776 1519 statuit
801 1484 837 1519 in
858 1496 963 1520 mon-

269 1563 272 1568 -
298 1539 395 1575 tibus
418 1538 573 1575 Caucasi
593 1540 641 1575 ad
663 1539 840 1589 Caspium
861 1553 962 1578 mare

294 1607 411 1643 usque
428 1595 705 1644 pertinentibus.
738 1595 907 1632 Mosclaos
926 1600 962 1634 et

297 1650 493 1688 Tz'barenos
504 1656 608 1688 vocat
619 1664 768 1702 quoque
780 1653 959 1704 Pompon.

292 1706 394 1745 Mela
417 1708 444 1754 1,
460 1710 485 1746 2
508 1706 545 1758 ξ.
568 1706 633 1748 54.

351 1767 433 1803 Mo
449 1763 765 1815 συνοίκοισι]
786 1765 959 1803 Recentt.

293 1821 378 1858 edd.
404 1821 586 1858 dederunt
607 1823 679 1861 Mo
693 1833 715 1860 6
728 1821 960 1861 συνοίκοισι

293 1890 314 1915 e
335 1878 518 1914 Sanerosti
537 1877 642 1925 libro,
665 1878 845 1928 Stephan.
866 1879 957 1927 Byz.

293 1946 323 1970 s.
345 1946 378 1970 v.
408 1938 445 1971 et
466 1934 605 1972 Herod.
638 1934 718 1980 Vll,
741 1937 806 1974 78.
844 1932 957 1983 Apud

289 1989 458 2040 Xenoph.
472 1989 606 2037 (Anab.
615 1990 678 2037 Vl,
690 1989 759 2036 4,1
774 1990 851 2027 coll.
862 1991 907 2038 V,
919 1991 956 2032 5.

292 2049 328 2087 1.
347 2046 429 2094 Vll,
444 2048 482 2093 8,
495 2045 567 2097 27)
581 2048 710 2084 eadem
722 2048 878 2084 varietas
902 2047 955 2084 le-

290 2103 433 2140 ctionis.
481 2102 663 2152 Equidem
683 2117 762 2141 cum
783 2104 954 2153 Kriigero

289 2160 520 2209 scriptionem
536 2173 602 2209 per
612 2173 721 2197 unum
734 2161 766 2198 σ“
777 2160 956 2197 vetustio-

288 2228 365 2252 rem
389 2216 521 2265 habeo,
554 2216 713 2266 indeque
741 2216 776 2255 h,
805 2216 825 2253 Ι.
847 2230 956 2267 prae-

288 2271 352 2307 tuli
397 2273 704 2311 Μοσυνοίκοισι.
776 2273 825 2310 Et
860 2274 954 2311 conf.

287 2327 410 2364 Strab.
438 2328 503 2374 Xl,
525 2331 575 2369 14
603 2343 638 2379 p.
659 2330 740 2370 528
759 2342 787 2366 5.
807 2331 883 2370 801
909 2329 953 2366 A.

287 2383 405 2420 Sedes
427 2385 546 2432 gentis
568 2386 605 2422 in
631 2386 811 2422 montibus
838 2399 954 2436 prope

287 2438 445 2476 Pontum
464 2440 646 2478 Euxinum
667 2446 783 2487 erant,
804 2446 954 2491 septen-

287 2495 444 2533 trionem
470 2510 592 2534 versus
623 2512 644 2534 a
668 2498 872 2545 Chalybum
894 2512 952 2536 re-

288 2552 411 2602 gione,
443 2558 481 2590 et
499 2552 692 2591 Tibarenis
715 2555 911 2603 proximae.

345 2607 410 2646 καὶ
441 2608 610 2660 Μαρσὶ]
658 2610 753 2649 Edd.
787 2615 951 2648 vetustae

291 2660 519 2716 Μάρδοισι,
544 2665 623 2702 libri
641 2666 763 2716 scripti
784 2679 828 2703 ex
848 2671 951 2717 parte

290 2723 498 2772 Μαρσοῐσι
532 2722 608 2760 sive
643 2720 849 2772 Il‘Icioootot
864 2752 874 2769 ‚
913 2727 951 2759 ut

288 2777 532 2816 Florentinus.
599 2779 711 2822 Quod
737 2792 833 2815 nuuc
860 2779 952 2828 legi-

288 2839 360 2882 tur,
390 2847 434 2873 ex
450 2835 497 2872 Is.
518 2834 636 2873 Vossii
655 2836 864 2874 coniectura
883 2838 951 2872 tlu-

1025 749 1074 786 xit
1102 751 1149 787 ad
1181 750 1267 788 Mel.
1297 751 1324 789 Ῐ.
1346 755 1371 792 2
1400 749 1435 802 ᾗ.
1464 751 1529 793 54.
1587 751 1686 790 Nam

1024 804 1172 852 Mares,
1204 808 1266 856 qui
1287 808 1366 853 Vll,
1389 811 1441 848 79
1472 809 1581 846 iidem
1607 821 1685 846 me-

1023 867 1228 909 morantur,
1269 862 1503 913 Mosynoecis
1540 870 1687 902 conter-

1023 918 1121 955 mina
1142 931 1247 966 gens,
1278 923 1372 957 teste
1391 920 1520 970 Steph.
1543 922 1633 969 Byz.
1657 934 1685 958 s.

1022 986 1054 1010 v.
1088 973 1208 1012 Unam
1228 975 1349 1023 gentis
1373 977 1505 1013 tribum
1527 978 1562 1013 in
1582 990 1688 1014 mon-

1024 1030 1119 1067 tibus
1138 1030 1294 1067 Caucasi
1314 1032 1688 1080 occidentalibus,dal-

1025 1091 1140 1124 teram
1161 1087 1197 1123 in
1221 1086 1393 1124 Armenia
1412 1089 1518 1126 sedes
1539 1088 1687 1127 habuis-

1026 1156 1066 1180 se
1085 1142 1159 1179 vult
1176 1143 1396 1181 Maltebrun.
1417 1143 1439 1181 Ι.
1460 1144 1484 1182 Ι.

1078 1194 1215 1237 Ἰνδῶν
1242 1214 1282 1237 τε
1309 1202 1471 1250 πλῆθος
1503 1216 1538 1240 κ.
1563 1215 1595 1239 τ.
1625 1200 1685 1252 L]

1024 1256 1132 1292 Conf.
1154 1255 1217 1302 ΙΙΙ,
1239 1257 1303 1295 98.
1336 1256 1450 1295 Plane
1469 1259 1626 1295 eundem
1646 1258 1684 1295 in

1023 1313 1171 1349 modum
1201 1313 1344 1349 Ctesias
1371 1313 1475 1351 lndd.
1497 1314 1682 1365 Excerptt.

1020 1366 1057 1419 ξ.
1082 1371 1103 1409 1
1144 1368 1254 1405 Indos
1289 1369 1379 1406 dicit
1405 1370 1568 1416 πλείους
1596 1382 1683 1421 σχε-

1019 1421 1089 1463 δὸν
1142 1420 1383 1475 συμπάντων
1428 1421 1680 1476 chamum,

1018 1483 1266 1519 consentiente
1288 1483 1470 1520 Strabone
1493 1484 1524 1520 ΙΙ
1541 1497 1578 1534 p.
1603 1486 1682 1524 130

1019 1550 1046 1574 s.
1057 1551 1093 1588 p.
1112 1540 1189 1579 192
1203 1540 1245 1575 A.
1260 1543 1295 1576 et
1308 1538 1448 1575 Arrian.
1464 1539 1543 1576 Ind.
1555 1540 1633 1586 Vll,
1647 1542 1681 1578 1.

1075 1590 1177 1646 πρὸς
1210 1590 1362 1640 πάντας
1390 1591 1486 1641 τούς
1513 1593 1679 1646 ἄλλους]

1017 1650 1039 1686 ἰ.
1062 1663 1094 1688 e.
1114 1664 1204 1700 prae
1224 1651 1371 1701 reliquis
1391 1653 1560 1699 omnibus,
1577 1658 1616 1690 ut
1633 1653 1682 1699 II,

1017 1705 1083 1747 35.
1114 1707 1196 1744 vid.
1211 1707 1342 1745 Matth.
1357 1708 1422 1745 Gr.
1435 1708 1499 1745 Gr.
1511 1723 1546 1760 p.
1563 1711 1681 1750 1182.

1017 1763 1200 1812 δεΙηνςΙι,
1219 1765 1280 1813 qui
1302 1765 1403 1814 prius
1422 1765 1680 1815 interpretatus

1016 1824 1113 1857 erat:
1131 1833 1198 1869 pro
1211 1823 1345 1857 ratione
1356 1821 1505 1858 aliorum
1516 1824 1680 1868 omnium,

1016 1889 1111 1912 nunc
1127 1877 1293 1913 substitui
1314 1877 1388 1914 vult
1399 1878 1454 1924 (in
1466 1877 1589 1917 Lexic.
1601 1878 1682 1916 He-

1014 1933 1116 1980 rod.)
1134 1946 1142 1969 :
1183 1937 1304 1969 contra
1342 1946 1467 1983 quam,
1505 1947 1536 1972 s.
1569 1947 1680 1985 supra

1015 2001 1120 2039 quam
1140 1990 1271 2039 reliqui
1289 2003 1413 2026 omnes.

1071 2041 1266 2096 ἑξήκοντα
1289 2046 1356 2086 καὶ
1378 2041 1584 2098 τριηκόσια
1610 2041 1679 2084 τᾶ-

1013 2104 1136 2141 λαντα
1158 2099 1384 2155 ψήγματος]
1415 2106 1576 2140 ramenta
1596 2104 1682 2140 auri

1013 2159 1182 2208 intelligit
1225 2173 1254 2196 s.
1294 2159 1476 2210 pulverem
1515 2171 1678 2206 aureum,

1012 2215 1156 2265 qualem
1176 2229 1196 2254 e
1218 2217 1402 2253 montibus
1423 2216 1587 2253 auriferis
1606 2216 1675 2251 flu-

1011 2273 1059 2308 vii
1086 2286 1206 2309 secum
1233 2274 1364 2310 serunt.
1396 2273 1451 2309 Cf.
1475 2272 1502 2318 Ι,
1526 2273 1591 2312 93.
1614 2271 1677 2319 llI,

1013 2329 1079 2368 95.
1103 2330 1168 2368 98.
1190 2329 1236 2375 V,
1253 2330 1341 2369 101.
1374 2328 1570 2365 Caeterum
1587 2327 1677 2365 haec

1012 2398 1152 2422 sumina
1176 2384 1342 2421 CCCLX
1362 2383 1577 2421 talentorum
1599 2383 1677 2420 auri

1012 2442 1109 2488 (sive
1131 2441 1180 2477 lv
1201 2440 1452 2477 MDCLXXX
1481 2444 1678 2488 argenteo-

1009 2511 1089 2534 rum
1121 2497 1361 2543 talentorum)
1395 2497 1505 2533 niinia
1533 2496 1677 2533 videtur

1009 2553 1211 2598 Reiinelio,
1242 2565 1321 2589 cum
1353 2565 1373 2589 e
1402 2553 1607 2602 Babylonia
1637 2556 1675 2590 et

1007 2608 1169 2658 Assyria,
1197 2621 1291 2658 quae
1315 2609 1474 2645 omnium
1494 2609 1675 2645 ditissima

1008 2667 1118 2703 suerit
1161 2667 1410 2715 praefectura,
1458 2665 1554 2703 mille
1591 2669 1675 2702 tan-

1007 2726 1083 2758 tum
1105 2722 1243 2758 talenta
1265 2722 1446 2767 redirent3
1470 2722 1535 2760 sed
1558 2721 1674 2771 respi-

1009 2780 1191 2825 ciendum,
1213 2779 1355 2828 opinor,
1379 2778 1588 2827 quodlndis
1601 2779 1671 2814 flu-

1008 2836 1054 2872 vii
1073 2836 1119 2872 de
1137 2836 1320 2872 montibus
1339 2834 1490 2873 multum
1508 2834 1585 2872 auri
1605 2834 1673 2871 ad-
