1863 3256
96 368 198 395 alunt:
220 366 374 394 inmiscui-

97 406 144 427 tus
163 400 240 435 apud
250 400 376 428 seminas

99 434 334 468 Cyrenaeorum.

271 795 371 840 187

101 859 250 887 Nomades
274 859 376 896 pueris

100 893 263 928 quadrimis
296 900 375 926 capi-

101 932 161 953 tum
175 934 265 953 venas
276 929 373 956 urum,

103 965 134 986 nt
161 959 374 986 destillationes

125 994 342 1027 praecaveant:

101 1032 255 1058 corporum
295 1023 375 1050 salu-

101 1060 210 1085 britate
242 1056 377 1082 omnibus

135 1090 335 1117 antecellunt:

422 262 505 303 612

816 256 1279 300 HERODOTI

433 383 574 424 μενοι,
614 367 725 412 διότι
761 383 839 422 περ
879 366 979 410 οὐδὲ
1009 364 1258 419 Αἰγύπτιοι,
1294 365 1366 407 καὶ
1403 359 1454 415 ὗς
1495 364 1549 408 ου’
1588 366 1732 419 τρέ-30

400 445 599 496 2φοντες.
642 442 759 494 βοῶν
787 437 865 491 μέν
894 452 977 478 νυν
1004 435 1173 489 θηλέων
1200 433 1299 478 οὐδ’
1333 437 1379 478 αἱ
1411 437 1678 490 Κυρηναίων

425 515 625 566 γυναῖκες
657 510 870 550 δικαιεῦσι
899 505 1150 553 πατέεσθαι,
1190 505 1261 548 διὰ
1290 506 1369 561 τὴν
1398 505 1445 548 έν
1473 505 1676 564 Αἰγύπτῳ

417 579 548 629 Ἶσιν,
597 576 702 620 ἄλλα
752 576 826 618 καὶ
873 577 1069 631 νηστείας
1117 575 1226 631 αὐτῇ
1269 576 1342 619 καὶ
1379 574 1510 630 ὁρτάς
1549 575 1680 618 ἐπιτε-

427 649 572 692 λέουσι
584 661 595 672 ·

426 718 534 771 πρὸς
579 720 676 772 τῇσι
728 717 857 772 βουσὶ
905 715 1118 771 γεύονται.

584 786 641 829 Τό
681 784 728 828 δὲ
769 785 880 839 πρὸς
914 787 1093 841 ἑσπέρης
1130 790 1204 842 τῆς
1238 789 1501 840 Τριτωνίδος
1530 788 1680 842 λίμνης

428 789 523 842 ἔχει.

655 648 700 688 αἱ
743 646 788 689 δὲ
827 651 914 689 τῶν
946 647 1179 699 Βαρκαίων
1214 652 1415 702 γυναῖκες
1453 644 1555 689 οὐδὲ
1590 644 1681 688 ὑῶν

1184 721 1318 759 ταῦτα
1357 717 1434 772 μὲν
1474 716 1527 772 δὴ
1565 715 1736 758 οὕτω35

432 855 576 900 οὐκέτι
623 854 812 910 νομάδες
859 858 940 899 εἰσὶ
972 860 1150 911 Λίβυες,
1202 858 1306 901 οὐδὲ
1355 858 1529 912 νόμοισι
1572 862 1682 901 τοῖσι

431 924 603 970 αὐτοῖσι
638 925 892 981 χρεώμενοι,
934 925 1035 970 οὐδὲ
1065 926 1172 970 κατὰ
1202 927 1254 970 τὰ
1284 930 1434 970 παιδία
1462 932 1684 978 ποιεῦντες

404 995 532 1040 Ξοῖόν
559 1013 597 1039 τι
628 997 701 1039 καὶ
731 998 772 1040 οἱ
798 995 984 1052 νομάδες
1013 995 1177 1040 ἐώθασι
1206 997 1377 1039 ποιέειν.

1446 998 1487 1039 οἱ
1515 996 1598 1052 γὰρ
1629 995 1681 1052 δὴ

435 1072 523 1111 τῶν
545 1066 725 1123 Λιβύων
753 1067 951 1123 νομάδες,
979 1070 1014 1111 εί
1043 1068 1120 1123 μὲν
1147 1066 1312 1118 πάντες,
1343 1065 1424 1110 οὐκ
1454 1067 1533 1121 ἔχω
1566 1064 1684 1119 ἀτρε-

104 1129 236 1150 ιΙΕῑΟΠΠΠ
273 1130 381 1184 ῩΠΘΙὉ*

101 1166 165 1183 rum
179 1163 273 1183 convu

103 1190 256 1220 medicina.

287 1156 381 1185 sionis
435 1138 543 1189 κέως
571 1145 700 1182 τοῦτο
730 1136 868 1182 εἶπαι·
897 1143 1067 1182 ποιεῦσι
1096 1139 1141 1181 δὲ
1172 1135 1316 1180 αὐτῶν
1343 1135 1491 1191 συχνοὶ
1519 1133 1740 1177 midde-40

432 1213 520 1252 τῶν
553 1211 740 1252 παιδίων
768 1213 856 1252 τῶν
885 1208 1125 1264 σφετέρων,
1163 1206 1292 1251 ἐπεάν
1318 1206 1534 1260 τετραέτεα
1563 1205 1684 1260 γένη-

433 1297 529 1333 ται,
569 1281 696 1336 οἴσπῃ
736 1278 969 1335 προβάτων
1005 1280 1180 1323 καίουσι
1217 1277 1294 1329 τὰς
1332 1277 1379 1321 ἐν
1416 1281 1514 1333 τῇσι
1548 1292 1685 1331 κορυ-

440 1467 533 1512 οὕδ’
560 1471 606 1511 αἴ
624 1468 868 1523 Κυρηναίων
899 1473 1035 1523 γυναῖ-

383 1528 465 1578 κες]
495 1527 554 1566 Ad
570 1528 794 1578 Cyrenaeos,
818 1528 1035 1576 quiGraeca

385 1586 550 1623 instituta
582 1597 624 1621 ac
656 1596 757 1620 sacra
787 1588 1034 1632 sequerentur,

383 1641 453 1678 hoc
490 1653 510 1676 e
547 1640 664 1677 vicina
693 1638 862 1688 Aegypto
890 1640 1034 1676 fluxisse

385 1694 558 1734 credibile
601 1699 668 1733 est.
741 1696 849 1731 conf.
896 1694 1035 1742 Thrige

384 1752 523 1789 Hister.
545 1752 677 1800 Cyren.
695 1763 781 1801 pag.
801 1750 894 1791 215.
924 1750 1034 1787 Pach.

384 1808 539 1856 Voyage
559 1811 626 1844 etc.
652 1821 689 1856 p.
708 1808 801 1847 243.
824 1804 917 1846 244.
965 1806 1036 1843 Pro

383 1861 600 1902 πατέεσθαι
631 1862 712 1900 libri
744 1862 880 1912 aliquot
923 1857 1037 1900 ἅπτε-

387 1923 510 1965 σθαι,
556 1919 657 1968 quod
693 1919 820 1956 merito
860 1918 1038 1968 displicuit

384 1974 580 2013 Lamberto
590 1975 700 2011 Bosio
713 1975 884 2011 Observv.
909 1974 1038 2011 critice.

385 2044 441 2080 cp.
463 2033 489 2070 7
507 2044 545 2081 p.
566 2030 631 2071 40.
661 2029 722 2068 Tu
737 2031 811 2067 vid.
833 2030 973 2067 Herod.
994 2029 1040 2077 11,

386 2088 453 2127 37.
495 2089 559 2127 66.
597 2107 653 2114 -—-
691 2085 763 2123 Pro
805 2084 1041 2124 ἐπιτελέουσι

387 2142 462 2179 duo
489 2141 569 2178 libri
599 2136 898 2191 ἐπιτηδεύουσι,
940 2142 1040 2190 quod

385 2210 454 2248 pro
479 2198 613 2234 scholio
645 2198 756 2235 habet
776 2197 1039 2246 lVesselingius

387 2255 500 2290 citans
523 2253 558 2300 Ι,
584 2254 680 2295 135:
717 2266 823 2303 quem
841 2258 961 2290 tamen
984 2253 1040 2289 lo-

387 2321 467 2346 cum
493 2309 563 2346 huc
590 2309 707 2346 minus
744 2310 926 2360 pertinere
963 2322 1040 2346 cre-

387 2364 483 2401 dam.
524 2366 691 2414 Propius,
711 2367 853 2415 opinor,
869 2366 939 2402 hue
957 2377 1040 2415 spe-

391 2423 465 2456 ctat
484 2419 535 2467 ll,
561 2422 637 2468 63,
664 2434 710 2458 ne
727 2421 841 2470 plura.

516 2476 625 2524 Cap.
663 2476 913 2514 chxxvn.

444 2525 518 2569 ουίι
566 2529 638 2579 ἔχω
690 2527 878 2581 ἀτρεκέως
924 2534 1039 2571 τοῦτο

389 2581 512 2634 εἶπαι]
570 2585 669 2622 Male
715 2588 861 2634 quidam
903 2587 1039 2626 εἰπεῖν.

390 2641 472 2679 vid.
496 2642 524 2688 Ι,
551 2639 617 2686 49,
647 2654 694 2678 ne
711 2641 825 2690 plura.
853 2641 914 2679 Ad
933 2638 1041 2695 ἄτρε-

390 2696 490 2743 κέως
512 2698 606 2734 conf.
629 2697 692 2743 IV,
713 2697 779 2737 25.

448 2753 567 2806 οἴσπῃ
588 2748 814 2803 προβάτων]
834 2753 905 2790 Pro
919 2752 1037 2807 οἴσπῃ

390 2809 426 2845 in
447 2809 522 2846 aliis
544 2809 644 2845 libris
666 2804 835 2861 οἰσύπῃ,
865 2810 1040 2847 acceden-

390 2868 426 2901 te
459 2865 612 2914 Gregor.
654 2865 820 2903 Corinth.
859 2865 917 2903 De
953 2865 1038 2902 dial.

1089 1472 1167 1509 Ion.
1191 1469 1227 1523 ἓ.
1252 1468 1332 1511 150
1362 1482 1398 1519 p.
1419 1468 1500 1510 542
1520 1481 1598 1518 seq.
1659 1468 1741 1518 Ipsa

1089 1541 1161 1564 vox
1183 1528 1280 1577 apud
1293 1526 1474 1575 Aristoph.
1494 1526 1646 1573 Lysistr.
1659 1524 1741 1566 575

1091 1583 1189 1631 (541
1212 1582 1349 1626 Both.)
1377 1582 1555 1618 invenitur
1585 1581 1632 1618 de
1660 1580 1743 1618 lana

1090 1638 1236 1676 succida
1267 1650 1310 1674 ac
1338 1637 1504 1680 sordida3
1549 1650 1617 1674 nee
1642 1636 1743 1673 aliter

1091 1695 1126 1732 h.
1147 1695 1169 1731 l.
1192 1707 1271 1731 eam
1291 1698 1509 1743 acceperunt
1529 1697 1567 1729 et
1577 1692 1742 1740 Schwgh.

1093 1755 1130 1789 et
1150 1749 1390 1798 wesseling,
1432 1762 1510 1786 cum
1529 1749 1611 1786 lana
1633 1748 1746 1785 succi-

1093 1808 1141 1844 da
1161 1807 1207 1843 ob
1227 1806 1355 1842 sordes
1378 1809 1563 1842 concretas
1584 1805 1670 1841 satis
1698 1804 1745 1840 sit

1093 1863 1188 1911 ignis
1204 1862 1357 1912 patiens.
1406 1862 1516 1898 Unde
1546 1861 1582 1897 in
1611 1860 1745 1897 Glossa

1093 1919 1307 1955 Herodotea
1334 1918 1525 1968 exponitur
1552 1916 1744 1967 ῥυπαρῶν

1093 1969 1304 2024 προβάτων
1320 1972 1414 2024 ἔρια.
1444 1972 1531 2010 Aliis
1544 1977 1599 2010 est
1613 1976 1746 2009 stercus

1097 2030 1257 2076 ovillum,
1289 2042 1316 2065 s.
1341 2029 1458 2066 sordes
1478 2030 1591 2065 ovium
1607 2040 1746 2065 crassae

1097 2100 1139 2123 ac
1179 2088 1354 2136 pinguem,
1413 2087 1566 2122 fortasse
1600 2089 1745 2135 praeter

1096 2155 1195 2189 rem,
1242 2145 1285 2178 ut
1319 2142 1368 2179 ait
1399 2140 1618 2189 Wesseling.
1656 2141 1746 2177 haec

1096 2198 1306 2235 subiiciens:
1344 2196 1509 2245 „Melius
1534 2196 1745 2234 Monachius

1096 2258 1134 2291 et
1169 2253 1268 2303 prior
1300 2266 1344 2290 eo
1379 2252 1550 2301 Scaliger.
1588 2252 1744 2290 Emend.

1096 2309 1230 2359 Tomp.
1251 2308 1318 2345 Vll
1336 2322 1372 2358 p.
1398 2310 1479 2349 682
1496 2309 1626 2344 durare
1645 2307 1745 2357 apud

1095 2364 1293 2415 Aethiopas
1329 2364 1575 2409 Christianos,
1614 2363 1745 2399 Muha-

1095 2422 1292 2465 medunos,
1332 2431 1566 2469 paganosque
1595 2419 1745 2456 similem

1097 2477 1146 2513 ad
1167 2475 1425 2513 destillationes
1448 2475 1615 2511 vitandas
1635 2475 1748 2511 ustio-

1097 2532 1152 2568 nis
1172 2530 1491 2576 consuetudinem,
1531 2531 1575 2566 ab
1603 2530 1681 2566 aliis
1708 2531 1745 2566 in

1098 2587 1388 2636 superstitionem
1411 2598 1574 2631 versam,
1612 2587 1745 2623 docue-

1096 2643 1220 2679 runt.“
1249 2641 1440 2687 Lai-chen,
1470 2643 1529 2690 qui
1549 2641 1747 2679 wesselin-

1095 2698 1193 2746 ginm
1226 2698 1303 2734 sere
1331 2703 1498 2744 secutus,
1530 2698 1746 2748 interpreta-

1095 2759 1151 2790 tus
1174 2757 1251 2790 erat
1273 2754 1319 2790 de
1340 2753 1421 2791 lana
1453 2754 1543 2802 „qui
1564 2753 1621 2790 n’a
1641 2754 1745 2803 point

1095 2810 1152 2845 dui
1179 2810 1418 2857 degraisstie“
1447 2812 1507 2857 (ut
1538 2810 1648 2859 ipsius
1678 2809 1745 2845 viri

1095 2866 1193 2902 docti
1224 2870 1303 2902 utar
1336 2866 1482 2914 verbis)
1520 2866 1567 2903 de
1595 2865 1675 2916 ipsa
1705 2877 1744 2902 re
