<?xml version="1.0" encoding="UTF-8"?>
<!DOCTYPE html PUBLIC "-//W3C//DTD XHTML 1.0 Transitional//EN"
    "http://www.w3.org/TR/xhtml1/DTD/xhtml1-transitional.dtd">
<html xmlns="http://www.w3.org/1999/xhtml" xml:lang="en" lang="en">
 <head>
  <title>
</title>
<meta http-equiv="Content-Type" content="text/html;charset=utf-8" />
  <meta name='ocr-system' content='tesseract 3.04.00' />
  <meta name='ocr-capabilities' content='ocr_page ocr_carea ocr_par ocr_line ocrx_word'/>
</head>
<body>
  <div class='ocr_page' id='page_1' title='image "./musaeher02hero/musaeher02hero_0261.png"; bbox 0 0 1863 3256; ppageno 0'>
   <div class='ocr_carea' id='block_1_1' title="bbox 576 138 1442 188">
    <p class='ocr_par' dir='ltr' id='par_1_1' title="bbox 576 138 1442 188">
     <span class='ocr_line' id='line_1_1' title="bbox 576 138 1442 188; baseline -0.01 -7"><span class='ocrx_word' id='word_1_1' title='bbox 576 138 920 181; x_wconf 75' lang='lat' dir='ltr'>THALrA.</span> <span class='ocrx_word' id='word_1_2' title='bbox 975 140 1040 179; x_wconf 92' lang='lat'>111.</span> <span class='ocrx_word' id='word_1_3' title='bbox 1358 148 1442 188; x_wconf 66' lang='lat'>249</span> 
     </span>
    </p>
   </div>
   <div class='ocr_carea' id='block_1_2' title="bbox 168 247 1502 549">
    <p class='ocr_par' dir='ltr' id='par_1_2' title="bbox 168 247 1502 522">
     <span class='ocr_line' id='line_1_2' title="bbox 168 247 1444 309; baseline 0 -13"><span class='ocrx_word' id='word_1_4' title='bbox 168 249 430 309; x_wconf 82' lang='grc' dir='ltr'><em>Δημοκήδης</em></span> <span class='ocrx_word' id='word_1_5' title='bbox 457 254 656 305; x_wconf 84' lang='grc' dir='ltr'><strong><em>γυναῖκα</em></strong></span> <span class='ocrx_word' id='word_1_6' title='bbox 714 252 796 293; x_wconf 88' lang='grc' dir='ltr'>τοῦ</span> <span class='ocrx_word' id='word_1_7' title='bbox 824 249 907 304; x_wconf 84' lang='grc' dir='ltr'>γὰρ</span> <span class='ocrx_word' id='word_1_8' title='bbox 938 247 991 305; x_wconf 82' lang='grc' dir='ltr'>δη</span> <span class='ocrx_word' id='word_1_9' title='bbox 1024 249 1268 293; x_wconf 82' lang='grc' dir='ltr'><strong><em>παλαιστέω</em></strong></span> <span class='ocrx_word' id='word_1_10' title='bbox 1298 254 1444 296; x_wconf 86' lang='grc' dir='ltr'><strong><em>Μίλω-</em></strong></span> 
     </span>
     <span class='ocr_line' id='line_1_3' title="bbox 169 319 1445 380; baseline -0.002 -12"><span class='ocrx_word' id='word_1_11' title='bbox 169 341 248 376; x_wconf 92' lang='grc' dir='ltr'><strong><em>νος</em></strong></span> <span class='ocrx_word' id='word_1_12' title='bbox 275 320 332 380; x_wconf 81' lang='grc' dir='ltr'>ἦν</span> <span class='ocrx_word' id='word_1_13' title='bbox 362 323 531 378; x_wconf 82' lang='grc' dir='ltr'><strong><em>οὕνομα</em></strong></span> <span class='ocrx_word' id='word_1_14' title='bbox 560 319 727 364; x_wconf 87' lang='grc' dir='ltr'><strong><em>πολλον</em></strong></span> <span class='ocrx_word' id='word_1_15' title='bbox 755 319 875 375; x_wconf 85' lang='grc' dir='ltr'><strong><em>παρὰ</em></strong></span> <span class='ocrx_word' id='word_1_16' title='bbox 903 320 1084 375; x_wconf 84' lang='grc' dir='ltr'><strong><em>βασιλέϊ</em></strong></span> <span class='ocrx_word' id='word_1_17' title='bbox 1127 337 1238 364; x_wconf 84' lang='grc' dir='ltr'><strong><em>κατα</em></strong></span> <span class='ocrx_word' id='word_1_18' title='bbox 1269 322 1322 376; x_wconf 78' lang='grc' dir='ltr'>δή</span> <span class='ocrx_word' id='word_1_19' title='bbox 1347 329 1445 366; x_wconf 88' lang='grc' dir='ltr'><strong><em>τοῦ-</em></strong></span> 
     </span>
     <span class='ocr_line' id='line_1_4' title="bbox 170 391 1444 450; baseline -0.002 -11"><span class='ocrx_word' id='word_1_20' title='bbox 170 393 222 439; x_wconf 92' lang='grc' dir='ltr'>τό</span> <span class='ocrx_word' id='word_1_21' title='bbox 260 411 336 450; x_wconf 93' lang='grc' dir='ltr'><strong><em>μοι</em></strong></span> <span class='ocrx_word' id='word_1_22' title='bbox 373 392 514 437; x_wconf 79' lang='grc' dir='ltr'><strong><em>δοκέει</em></strong></span> <span class='ocrx_word' id='word_1_23' title='bbox 552 396 736 436; x_wconf 86' lang='grc' dir='ltr'><strong><em>σπεῦσαι</em></strong></span> <span class='ocrx_word' id='word_1_24' title='bbox 773 391 854 436; x_wconf 81' lang='grc' dir='ltr'>τόν</span> <span class='ocrx_word' id='word_1_25' title='bbox 888 391 1033 448; x_wconf 89' lang='grc' dir='ltr'><strong><em>γάμον</em></strong></span> <span class='ocrx_word' id='word_1_26' title='bbox 1071 395 1232 435; x_wconf 89' lang='grc' dir='ltr'><strong><em>τοῦτον</em></strong></span> <span class='ocrx_word' id='word_1_27' title='bbox 1272 392 1444 445; x_wconf 83' lang='grc' dir='ltr'><strong><em>τελέσας</em></strong></span> 
     </span>
     <span class='ocr_line' id='line_1_5' title="bbox 169 461 1502 549; baseline -0.002 -41"><span class='ocrx_word' id='word_1_28' title='bbox 169 464 365 549; x_wconf 84' lang='grc' dir='ltr'><strong><em>χρήματα</em></strong></span> <span class='ocrx_word' id='word_1_29' title='bbox 381 461 545 519; x_wconf 85' lang='grc' dir='ltr'><strong><em>μεγάλα</em></strong></span> <span class='ocrx_word' id='word_1_30' title='bbox 567 462 849 520; x_wconf 80' lang='grc' dir='ltr'><strong><em>Δημοκήδης,</em></strong></span> <span class='ocrx_word' id='word_1_31' title='bbox 881 465 955 506; x_wconf 80' lang='grc' dir='ltr'><strong><em>ἵνα</em></strong></span> <span class='ocrx_word' id='word_1_32' title='bbox 977 467 1099 520; x_wconf 83' lang='grc' dir='ltr'><strong><em>φανῇ</em></strong></span> <span class='ocrx_word' id='word_1_33' title='bbox 1118 463 1230 517; x_wconf 78' lang='grc' dir='ltr'><strong><em>πρὸς</em></strong></span> <span class='ocrx_word' id='word_1_34' title='bbox 1250 465 1446 518; x_wconf 81' lang='grc' dir='ltr'><strong><em>Δαρείου</em></strong></span> <span class='ocrx_word' id='word_1_35' title='bbox 1459 472 1502 506; x_wconf 84' lang='grc'>85</span> 
     </span>
    </p>
   </div>
   <div class='ocr_carea' id='block_1_3' title="bbox 2 532 1780 878">
    <p class='ocr_par' dir='ltr' id='par_1_3' title="bbox 2 532 1780 878">
     <span class='ocr_line' id='line_1_6' title="bbox 2 532 1779 610; baseline -0.011 -26.74"><span class='ocrx_word' id='word_1_36' title='bbox 2 544 127 590; x_wconf 80' lang='lat'>138</span> <span class='ocrx_word' id='word_1_37' title='bbox 166 536 250 580; x_wconf 79' lang='grc' dir='ltr'>ἐὼν</span> <span class='ocrx_word' id='word_1_38' title='bbox 286 535 359 579; x_wconf 78' lang='grc' dir='ltr'><strong><em>καὶ</em></strong></span> <span class='ocrx_word' id='word_1_39' title='bbox 389 533 437 577; x_wconf 84' lang='grc' dir='ltr'>έν</span> <span class='ocrx_word' id='word_1_40' title='bbox 465 551 518 590; x_wconf 89' lang='grc' dir='ltr'>τη</span> <span class='ocrx_word' id='word_1_41' title='bbox 550 534 718 578; x_wconf 77' lang='grc' dir='ltr'><strong>ἑωυτοῦ</strong></span> <span class='ocrx_word' id='word_1_42' title='bbox 760 534 953 590; x_wconf 83' lang='grc' dir='ltr'><strong><em>δόκιμος.</em></strong></span> <span class='ocrx_word' id='word_1_43' title='bbox 1008 532 1290 590; x_wconf 81' lang='grc' dir='ltr'><strong><em>Ἀναχθέντες</em></strong></span> <span class='ocrx_word' id='word_1_44' title='bbox 1321 536 1367 579; x_wconf 81' lang='grc' dir='ltr'>δὲ</span> <span class='ocrx_word' id='word_1_45' title='bbox 1398 535 1444 579; x_wconf 77' lang='grc' dir='ltr'>ἐκ</span> <span class='ocrx_word' id='word_1_46' title='bbox 1503 537 1664 610; x_wconf 50' lang='grc' dir='ltr'>ζίῗῡπὲωῐ</span> <span class='ocrx_word' id='word_1_47' title='bbox 1652 540 1779 602; x_wconf 50' lang='lat' dir='ltr'>⁰2¹rpiy1‘</span> 
     </span>
     <span class='ocr_line' id='line_1_7' title="bbox 164 604 1780 702; baseline -0.004 -51"><span class='ocrx_word' id='word_1_48' title='bbox 164 612 241 664; x_wconf 87' lang='grc' dir='ltr'><strong><em>τῆς</em></strong></span> <span class='ocrx_word' id='word_1_49' title='bbox 258 604 497 660; x_wconf 79' lang='grc' dir='ltr'><strong><em>Κρότωνος</em></strong></span> <span class='ocrx_word' id='word_1_50' title='bbox 528 607 572 649; x_wconf 83' lang='grc' dir='ltr'>οἱ</span> <span class='ocrx_word' id='word_1_51' title='bbox 602 607 792 662; x_wconf 80' lang='grc' dir='ltr'><strong><em>Πέρσαι,</em></strong></span> <span class='ocrx_word' id='word_1_52' title='bbox 824 607 1081 650; x_wconf 82' lang='grc' dir='ltr'><strong><em>ἐκπίπτουσι</em></strong></span> <span class='ocrx_word' id='word_1_53' title='bbox 1109 611 1209 664; x_wconf 80' lang='grc' dir='ltr'><strong><em>τῇσι</em></strong></span> <span class='ocrx_word' id='word_1_54' title='bbox 1238 608 1370 665; x_wconf 87' lang='grc' dir='ltr'><strong><em>νηυσὶ</em></strong></span> <span class='ocrx_word' id='word_1_55' title='bbox 1400 608 1444 660; x_wconf 80' lang='grc' dir='ltr'><strong><em>ἐς</em></strong></span> <span class='ocrx_word' id='word_1_56' title='bbox 1503 605 1665 665; x_wconf 53' lang='lat' dir='ltr'>&#39;gyssufsuff</span> <span class='ocrx_word' id='word_1_57' title='bbox 1670 609 1780 702; x_wconf 29' lang='lat' dir='ltr'>‘&#39;axz-E}</span> 
     </span>
     <span class='ocr_line' id='line_1_8' title="bbox 163 672 1746 734; baseline -0.011 0.044"><span class='ocrx_word' id='word_1_58' title='bbox 163 678 399 734; x_wconf 67' lang='grc' dir='ltr'><strong><em>Ῑηπυγίην·</em></strong></span> <span class='ocrx_word' id='word_1_59' title='bbox 438 678 514 720; x_wconf 68' lang='grc' dir='ltr'>καί</span> <span class='ocrx_word' id='word_1_60' title='bbox 540 690 698 733; x_wconf 76' lang='grc' dir='ltr'><strong><em>σφεας,</em></strong></span> <span class='ocrx_word' id='word_1_61' title='bbox 729 676 1026 729; x_wconf 87' lang='grc' dir='ltr'><strong><em>δουλεύοντας</em></strong></span> <span class='ocrx_word' id='word_1_62' title='bbox 1045 679 1261 731; x_wconf 80' lang='grc' dir='ltr'><strong><em>ἐνθαῦτα,</em></strong></span> <span class='ocrx_word' id='word_1_63' title='bbox 1290 682 1445 732; x_wconf 77' lang='grc' dir='ltr'><strong><em>Γίλλος</em></strong></span> <span class='ocrx_word' id='word_1_64' title='bbox 1503 672 1604 732; x_wconf 58' lang='grc' dir='ltr'>ἓζξξῗ</span> <span class='ocrx_word' id='word_1_65' title='bbox 1611 681 1713 733; x_wconf 56' lang='grc' dir='ltr'>’ξξξξῑ</span> <span class='ocrx_word' id='word_1_66' title='bbox 1683 716 1746 734; x_wconf 55' lang='grc' dir='ltr'><em>Ἣ</em></span> 
     </span>
     <span class='ocr_line' id='line_1_9' title="bbox 164 742 1779 809; baseline -0.015 -17"><span class='ocrx_word' id='word_1_67' title='bbox 164 747 277 806; x_wconf 80' lang='grc' dir='ltr'><strong><em>ἀνήρ</em></strong></span> <span class='ocrx_word' id='word_1_68' title='bbox 314 753 587 803; x_wconf 83' lang='grc' dir='ltr'><strong><em>Ταραντῖνος</em></strong></span> <span class='ocrx_word' id='word_1_69' title='bbox 620 749 766 805; x_wconf 79' lang='grc' dir='ltr'><strong><em>φυγάς</em></strong></span> <span class='ocrx_word' id='word_1_70' title='bbox 798 748 1066 805; x_wconf 70' lang='grc' dir='ltr'><strong><em>ῥυσάμενος,</em></strong></span> <span class='ocrx_word' id='word_1_71' title='bbox 1099 749 1293 806; x_wconf 65' lang='grc' dir='ltr'>απήγαγε</span> <span class='ocrx_word' id='word_1_72' title='bbox 1323 751 1441 806; x_wconf 64' lang='grc' dir='ltr'><em>παρὰ</em></span> <span class='ocrx_word' id='word_1_73' title='bbox 1501 747 1612 800; x_wconf 42' lang='lat' dir='ltr'>gnatis?</span> <span class='ocrx_word' id='word_1_74' title='bbox 1613 718 1779 809; x_wconf 59' lang='lat' dir='ltr'>¹eme(³1¹¹³p‘iii</span> 
     </span>
     <span class='ocr_line' id='line_1_10' title="bbox 139 807 1780 878; baseline 0.001 -14"><span class='ocrx_word' id='word_1_75' title='bbox 139 820 351 878; x_wconf 73' lang='grc' dir='ltr'><strong><em>Ξβασιλέα</em></strong></span> <span class='ocrx_word' id='word_1_76' title='bbox 381 825 585 876; x_wconf 85' lang='grc' dir='ltr'><strong><em>Δαρεῖον.</em></strong></span> <span class='ocrx_word' id='word_1_77' title='bbox 645 820 669 865; x_wconf 90' lang='grc' dir='ltr'>ὁ</span> <span class='ocrx_word' id='word_1_78' title='bbox 701 821 746 864; x_wconf 79' lang='grc' dir='ltr'>δὲ</span> <span class='ocrx_word' id='word_1_79' title='bbox 777 820 873 864; x_wconf 81' lang='grc' dir='ltr'><strong><em>άντὶ</em></strong></span> <span class='ocrx_word' id='word_1_80' title='bbox 903 821 1073 864; x_wconf 86' lang='grc' dir='ltr'><strong><em>τούτων</em></strong></span> <span class='ocrx_word' id='word_1_81' title='bbox 1105 821 1276 878; x_wconf 79' lang='grc' dir='ltr'><strong><em>ἑτοῖμος</em></strong></span> <span class='ocrx_word' id='word_1_82' title='bbox 1296 817 1351 878; x_wconf 76' lang='grc' dir='ltr'>ἦν</span> <span class='ocrx_word' id='word_1_83' title='bbox 1381 825 1443 867; x_wconf 86' lang='grc' dir='ltr'><strong><em>δι·</em></strong></span> <span class='ocrx_word' id='word_1_84' title='bbox 1501 807 1780 870; x_wconf 50' lang='lat' dir='ltr'>tc01⁵1³÷11¹i1tuns‘&#39;w‘’</span> 
     </span>
    </p>
   </div>
   <div class='ocr_carea' id='block_1_4' title="bbox 135 891 1502 1166">
    <p class='ocr_par' dir='ltr' id='par_1_4' title="bbox 135 891 1502 1166">
     <span class='ocr_line' id='line_1_11' title="bbox 164 891 1502 950; baseline -0.001 -14"><span class='ocrx_word' id='word_1_85' title='bbox 164 892 295 937; x_wconf 90' lang='grc' dir='ltr'><strong><em>δόναι</em></strong></span> <span class='ocrx_word' id='word_1_86' title='bbox 323 897 455 937; x_wconf 82' lang='grc' dir='ltr'><strong><em>τοῦτο</em></strong></span> <span class='ocrx_word' id='word_1_87' title='bbox 487 894 512 937; x_wconf 84' lang='grc' dir='ltr'>ὅ</span> <span class='ocrx_word' id='word_1_88' title='bbox 541 911 582 937; x_wconf 91' lang='grc' dir='ltr'><strong><em>τι</em></strong></span> <span class='ocrx_word' id='word_1_89' title='bbox 603 892 809 950; x_wconf 81' lang='grc' dir='ltr'><strong><em>βούλοιτο</em></strong></span> <span class='ocrx_word' id='word_1_90' title='bbox 838 891 984 944; x_wconf 79' lang='grc' dir='ltr'><strong><em>αὐτός.</em></strong></span> <span class='ocrx_word' id='word_1_91' title='bbox 1045 895 1200 945; x_wconf 86' lang='grc' dir='ltr'><strong><em>Γίλλος</em></strong></span> <span class='ocrx_word' id='word_1_92' title='bbox 1231 895 1277 937; x_wconf 80' lang='grc' dir='ltr'>δὲ</span> <span class='ocrx_word' id='word_1_93' title='bbox 1309 895 1444 950; x_wconf 84' lang='grc' dir='ltr'><strong><em>αἷρέε-</em></strong></span> <span class='ocrx_word' id='word_1_94' title='bbox 1457 902 1502 935; x_wconf 82' lang='grc'>90</span> 
     </span>
     <span class='ocr_line' id='line_1_12' title="bbox 163 963 1442 1022; baseline 0.001 -14"><span class='ocrx_word' id='word_1_95' title='bbox 163 982 234 1008; x_wconf 81' lang='grc' dir='ltr'>ται</span> <span class='ocrx_word' id='word_1_96' title='bbox 263 963 454 1009; x_wconf 81' lang='grc' dir='ltr'><strong><em>κάτοδόν</em></strong></span> <span class='ocrx_word' id='word_1_97' title='bbox 485 966 527 1008; x_wconf 83' lang='grc' dir='ltr'>οἱ</span> <span class='ocrx_word' id='word_1_98' title='bbox 556 965 599 1017; x_wconf 77' lang='grc' dir='ltr'><strong><em>ἐς</em></strong></span> <span class='ocrx_word' id='word_1_99' title='bbox 634 964 836 1020; x_wconf 80' lang='grc' dir='ltr'><strong><em>Τάραντα</em></strong></span> <span class='ocrx_word' id='word_1_100' title='bbox 864 965 1090 1022; x_wconf 80' lang='grc' dir='ltr'><strong><em>γενέσθαι,</em></strong></span> <span class='ocrx_word' id='word_1_101' title='bbox 1135 966 1442 1022; x_wconf 80' lang='grc' dir='ltr'><strong><em>προαπηγησά-</em></strong></span> 
     </span>
     <span class='ocr_line' id='line_1_13' title="bbox 135 1035 1442 1094; baseline 0.002 -16"><span class='ocrx_word' id='word_1_102' title='bbox 135 1043 297 1092; x_wconf 88' lang='grc' dir='ltr'><strong><em>3μενος</em></strong></span> <span class='ocrx_word' id='word_1_103' title='bbox 334 1037 414 1092; x_wconf 78' lang='grc' dir='ltr'>τὴν</span> <span class='ocrx_word' id='word_1_104' title='bbox 452 1036 701 1093; x_wconf 79' lang='grc' dir='ltr'><strong><em>συμφορήν.</em></strong></span> <span class='ocrx_word' id='word_1_105' title='bbox 771 1039 844 1080; x_wconf 83' lang='grc' dir='ltr'><strong><em>ἵνα</em></strong></span> <span class='ocrx_word' id='word_1_106' title='bbox 883 1037 928 1080; x_wconf 80' lang='grc' dir='ltr'>δὲ</span> <span class='ocrx_word' id='word_1_107' title='bbox 972 1035 1030 1092; x_wconf 82' lang='grc' dir='ltr'>μὴ</span> <span class='ocrx_word' id='word_1_108' title='bbox 1071 1036 1320 1094; x_wconf 73' lang='grc' dir='ltr'><strong><em>συνταράξῃ</em></strong></span> <span class='ocrx_word' id='word_1_109' title='bbox 1361 1038 1442 1094; x_wconf 80' lang='grc' dir='ltr'>τήν</span> 
     </span>
     <span class='ocr_line' id='line_1_14' title="bbox 158 1105 1442 1166; baseline 0.002 -16"><span class='ocrx_word' id='word_1_110' title='bbox 158 1105 366 1160; x_wconf 84' lang='grc' dir='ltr'><strong><em>Ἐλλάδα,</em></strong></span> <span class='ocrx_word' id='word_1_111' title='bbox 413 1106 468 1162; x_wconf 78' lang='grc' dir='ltr'>ἦν</span> <span class='ocrx_word' id='word_1_112' title='bbox 509 1109 552 1150; x_wconf 85' lang='grc' dir='ltr'><em>δί</em></span> <span class='ocrx_word' id='word_1_113' title='bbox 591 1106 728 1151; x_wconf 77' lang='grc' dir='ltr'><strong><em>αὐτόν</em></strong></span> <span class='ocrx_word' id='word_1_114' title='bbox 768 1105 922 1158; x_wconf 81' lang='grc' dir='ltr'><strong><em>στόλος</em></strong></span> <span class='ocrx_word' id='word_1_115' title='bbox 962 1107 1095 1164; x_wconf 82' lang='grc' dir='ltr'><strong><em>μέγας</em></strong></span> <span class='ocrx_word' id='word_1_116' title='bbox 1124 1107 1231 1164; x_wconf 76' lang='grc' dir='ltr'><strong><em>πλέῃ</em></strong></span> <span class='ocrx_word' id='word_1_117' title='bbox 1265 1108 1332 1152; x_wconf 80' lang='grc' dir='ltr'><strong><em>ἐπὶ</em></strong></span> <span class='ocrx_word' id='word_1_118' title='bbox 1362 1109 1442 1166; x_wconf 76' lang='grc' dir='ltr'>τὴν</span> 
     </span>
    </p>
   </div>
   <div class='ocr_carea' id='block_1_5' title="bbox 159 1176 1496 1380">
    <p class='ocr_par' dir='ltr' id='par_1_5' title="bbox 159 1176 1496 1380">
     <span class='ocr_line' id='line_1_15' title="bbox 159 1176 1496 1235; baseline 0.001 -13"><span class='ocrx_word' id='word_1_119' title='bbox 159 1178 363 1235; x_wconf 84' lang='grc' dir='ltr'><strong><em>Ἰταλίην,</em></strong></span> <span class='ocrx_word' id='word_1_120' title='bbox 408 1181 624 1230; x_wconf 80' lang='grc' dir='ltr'><strong><em>Κνιδίους</em></strong></span> <span class='ocrx_word' id='word_1_121' title='bbox 661 1176 858 1234; x_wconf 84' lang='grc' dir='ltr'><strong><em>μούνους</em></strong></span> <span class='ocrx_word' id='word_1_122' title='bbox 899 1177 1096 1235; x_wconf 76' lang='grc' dir='ltr'><strong><em>ἀποχρᾶν</em></strong></span> <span class='ocrx_word' id='word_1_123' title='bbox 1135 1182 1178 1223; x_wconf 80' lang='grc' dir='ltr'>οἱ</span> <span class='ocrx_word' id='word_1_124' title='bbox 1215 1180 1298 1235; x_wconf 75' lang='grc' dir='ltr'>ἔφη</span> <span class='ocrx_word' id='word_1_125' title='bbox 1337 1182 1496 1231; x_wconf 80' lang='grc' dir='ltr'><strong><em>τούς95</em></strong></span> 
     </span>
     <span class='ocr_line' id='line_1_16' title="bbox 162 1248 1441 1306; baseline 0.002 -14"><span class='ocrx_word' id='word_1_126' title='bbox 162 1248 430 1306; x_wconf 77' lang='grc' dir='ltr'><strong><em>κατάγοντας</em></strong></span> <span class='ocrx_word' id='word_1_127' title='bbox 458 1252 684 1306; x_wconf 82' lang='grc' dir='ltr'><strong><em>γίνεσθαι·</em></strong></span> <span class='ocrx_word' id='word_1_128' title='bbox 732 1250 899 1294; x_wconf 83' lang='grc' dir='ltr'><strong><em>δοκέων</em></strong></span> <span class='ocrx_word' id='word_1_129' title='bbox 929 1249 1017 1294; x_wconf 81' lang='grc' dir='ltr'><strong><em>άπὸ</em></strong></span> <span class='ocrx_word' id='word_1_130' title='bbox 1047 1250 1239 1303; x_wconf 83' lang='grc' dir='ltr'><strong><em>τούτων,</em></strong></span> <span class='ocrx_word' id='word_1_131' title='bbox 1278 1252 1441 1294; x_wconf 79' lang='grc' dir='ltr'><strong><em>ἐόντων</em></strong></span> 
     </span>
     <span class='ocr_line' id='line_1_17' title="bbox 160 1321 1443 1380; baseline 0.002 -16"><span class='ocrx_word' id='word_1_132' title='bbox 160 1325 276 1365; x_wconf 88' lang='grc' dir='ltr'><strong><em>τοῖσι</em></strong></span> <span class='ocrx_word' id='word_1_133' title='bbox 300 1323 612 1376; x_wconf 86' lang='grc' dir='ltr'><strong><em>Ταραντίνοισι</em></strong></span> <span class='ocrx_word' id='word_1_134' title='bbox 642 1323 805 1379; x_wconf 80' lang='grc' dir='ltr'><strong><em>φίλων,</em></strong></span> <span class='ocrx_word' id='word_1_135' title='bbox 834 1321 1022 1379; x_wconf 88' lang='grc' dir='ltr'><strong><em>μάλιστα</em></strong></span> <span class='ocrx_word' id='word_1_136' title='bbox 1055 1322 1108 1380; x_wconf 78' lang='grc' dir='ltr'>δὴ</span> <span class='ocrx_word' id='word_1_137' title='bbox 1140 1322 1221 1379; x_wconf 81' lang='grc' dir='ltr'>τὴν</span> <span class='ocrx_word' id='word_1_138' title='bbox 1250 1322 1443 1367; x_wconf 78' lang='grc' dir='ltr'><strong><em>κάτοδόν</em></strong></span> 
     </span>
    </p>
   </div>
   <div class='ocr_carea' id='block_1_6' title="bbox 106 1422 384 1429">
    <p class='ocr_par' dir='ltr' id='par_1_6' title="bbox 106 1422 384 1429">
     <span class='ocr_line' id='line_1_18' title="bbox 106 1422 384 1429; baseline 0 1827"><span class='ocrx_word' id='word_1_139' title='bbox 106 1422 384 1429; x_wconf 95' lang='lat' dir='ltr'> </span> 
     </span>
    </p>
   </div>
   <div class='ocr_carea' id='block_1_7' title="bbox 101 1474 771 2832">
    <p class='ocr_par' dir='ltr' id='par_1_7' title="bbox 101 1474 771 2832">
     <span class='ocr_line' id='line_1_19' title="bbox 104 1474 771 1524; baseline -0.001 -10"><span class='ocrx_word' id='word_1_140' title='bbox 104 1475 165 1514; x_wconf 90' lang='lat' dir='ltr'>De</span> <span class='ocrx_word' id='word_1_141' title='bbox 203 1474 369 1524; x_wconf 64' lang='lat' dir='ltr'>Milone,</span> <span class='ocrx_word' id='word_1_142' title='bbox 400 1474 535 1513; x_wconf 79' lang='lat' dir='ltr'>athleta</span> <span class='ocrx_word' id='word_1_143' title='bbox 574 1475 771 1513; x_wconf 82' lang='lat' dir='ltr'>Crotonia-</span> 
     </span>
     <span class='ocr_line' id='line_1_20' title="bbox 103 1532 771 1582; baseline -0.001 -13"><span class='ocrx_word' id='word_1_144' title='bbox 103 1536 144 1569; x_wconf 84' lang='lat' dir='ltr'>ta</span> <span class='ocrx_word' id='word_1_145' title='bbox 190 1532 454 1579; x_wconf 83' lang='lat' dir='ltr'>illustrissimo,</span> <span class='ocrx_word' id='word_1_146' title='bbox 493 1533 555 1582; x_wconf 88' lang='lat' dir='ltr'>qui</span> <span class='ocrx_word' id='word_1_147' title='bbox 608 1546 671 1570; x_wconf 87' lang='lat' dir='ltr'>sex</span> <span class='ocrx_word' id='word_1_148' title='bbox 717 1533 771 1569; x_wconf 82' lang='lat' dir='ltr'>vi-</span> 
     </span>
     <span class='ocr_line' id='line_1_21' title="bbox 105 1590 771 1640; baseline 0.002 -15"><span class='ocrx_word' id='word_1_149' title='bbox 105 1590 237 1626; x_wconf 87' lang='lat' dir='ltr'>ctorias</span> <span class='ocrx_word' id='word_1_150' title='bbox 281 1590 497 1640; x_wconf 80' lang='lat' dir='ltr'>Olympicas</span> <span class='ocrx_word' id='word_1_151' title='bbox 553 1595 771 1640; x_wconf 81' lang='lat' dir='ltr'><strong>septemque</strong></span> 
     </span>
     <span class='ocr_line' id='line_1_22' title="bbox 105 1645 771 1697; baseline 0 -15"><span class='ocrx_word' id='word_1_152' title='bbox 105 1645 278 1694; x_wconf 80' lang='lat' dir='ltr'>Pythicas</span> <span class='ocrx_word' id='word_1_153' title='bbox 306 1652 515 1697; x_wconf 79' lang='lat' dir='ltr'>reportasse</span> <span class='ocrx_word' id='word_1_154' title='bbox 535 1645 666 1692; x_wconf 88' lang='lat' dir='ltr'>fertur,</span> <span class='ocrx_word' id='word_1_155' title='bbox 697 1647 771 1696; x_wconf 89' lang='lat' dir='ltr'>pri-</span> 
     </span>
     <span class='ocr_line' id='line_1_23' title="bbox 104 1702 768 1740; baseline 0 -1"><span class='ocrx_word' id='word_1_156' title='bbox 104 1703 207 1739; x_wconf 86' lang='lat' dir='ltr'>marii</span> <span class='ocrx_word' id='word_1_157' title='bbox 227 1707 313 1740; x_wconf 89' lang='lat' dir='ltr'>sunt</span> <span class='ocrx_word' id='word_1_158' title='bbox 331 1703 399 1740; x_wconf 84' lang='lat' dir='ltr'>loci</span> <span class='ocrx_word' id='word_1_159' title='bbox 420 1703 464 1738; x_wconf 90' lang='lat' dir='ltr'>A.</span> <span class='ocrx_word' id='word_1_160' title='bbox 485 1702 593 1739; x_wconf 87' lang='lat' dir='ltr'>Gellii</span> <span class='ocrx_word' id='word_1_161' title='bbox 616 1702 665 1740; x_wconf 79' lang='lat' dir='ltr'>N.</span> <span class='ocrx_word' id='word_1_162' title='bbox 690 1704 768 1740; x_wconf 79' lang='lat' dir='ltr'>Att.</span> 
     </span>
     <span class='ocr_line' id='line_1_24' title="bbox 102 1758 768 1812; baseline 0 -16"><span class='ocrx_word' id='word_1_163' title='bbox 102 1758 185 1806; x_wconf 91' lang='lat' dir='ltr'>XV,</span> <span class='ocrx_word' id='word_1_164' title='bbox 209 1762 260 1800; x_wconf 87' lang='lat'>16</span> <span class='ocrx_word' id='word_1_165' title='bbox 281 1764 319 1796; x_wconf 89' lang='lat' dir='ltr'>et</span> <span class='ocrx_word' id='word_1_166' title='bbox 338 1759 494 1796; x_wconf 80' lang='lat' dir='ltr'>Pausan.</span> <span class='ocrx_word' id='word_1_167' title='bbox 517 1760 580 1806; x_wconf 88' lang='lat' dir='ltr'>VI,</span> <span class='ocrx_word' id='word_1_168' title='bbox 604 1758 653 1799; x_wconf 80' lang='lat'>14</span> <span class='ocrx_word' id='word_1_169' title='bbox 674 1759 709 1812; x_wconf 57' lang='grc' dir='ltr'>ᾖ.</span> <span class='ocrx_word' id='word_1_170' title='bbox 730 1762 768 1799; x_wconf 84' lang='grc'>2.</span> 
     </span>
     <span class='ocr_line' id='line_1_25' title="bbox 102 1816 769 1865; baseline -0.004 -10"><span class='ocrx_word' id='word_1_171' title='bbox 102 1817 149 1861; x_wconf 83' lang='lat'>3,</span> <span class='ocrx_word' id='word_1_172' title='bbox 181 1816 243 1853; x_wconf 88' lang='lat' dir='ltr'>ubi</span> <span class='ocrx_word' id='word_1_173' title='bbox 274 1816 413 1865; x_wconf 85' lang='lat' dir='ltr'>reliqua</span> <span class='ocrx_word' id='word_1_174' title='bbox 439 1817 575 1853; x_wconf 87' lang='lat' dir='ltr'>indicat</span> <span class='ocrx_word' id='word_1_175' title='bbox 601 1816 769 1853; x_wconf 85' lang='lat' dir='ltr'>Siebelis.</span> 
     </span>
     <span class='ocr_line' id='line_1_26' title="bbox 102 1872 770 1923; baseline 0.003 -14"><span class='ocrx_word' id='word_1_176' title='bbox 102 1872 226 1909; x_wconf 81' lang='lat' dir='ltr'>Verba</span> <span class='ocrx_word' id='word_1_177' title='bbox 246 1873 282 1910; x_wconf 88' lang='lat' dir='ltr'>in</span> <span class='ocrx_word' id='word_1_178' title='bbox 301 1873 374 1910; x_wconf 89' lang='lat' dir='ltr'>fine</span> <span class='ocrx_word' id='word_1_179' title='bbox 392 1873 520 1923; x_wconf 85' lang='lat' dir='ltr'>capitis</span> <span class='ocrx_word' id='word_1_180' title='bbox 542 1873 682 1923; x_wconf 84' lang='lat' dir='ltr'>posita:</span> <span class='ocrx_word' id='word_1_181' title='bbox 702 1872 770 1911; x_wconf 79' lang='grc' dir='ltr'><strong><em>ἵνα</em></strong></span> 
     </span>
     <span class='ocr_line' id='line_1_27' title="bbox 104 1926 767 1984; baseline -0.002 -17"><span class='ocrx_word' id='word_1_182' title='bbox 104 1931 220 1984; x_wconf 78' lang='grc' dir='ltr'><strong><em>φανῇ</em></strong></span> <span class='ocrx_word' id='word_1_183' title='bbox 251 1926 352 1981; x_wconf 81' lang='grc' dir='ltr'><strong><em>πρὸς</em></strong></span> <span class='ocrx_word' id='word_1_184' title='bbox 380 1930 555 1980; x_wconf 84' lang='grc' dir='ltr'><strong><em>Δαρείου</em></strong></span> <span class='ocrx_word' id='word_1_185' title='bbox 591 1926 667 1968; x_wconf 76' lang='grc' dir='ltr'>ἐών</span> <span class='ocrx_word' id='word_1_186' title='bbox 699 1934 767 1967; x_wconf 85' lang='lat' dir='ltr'>etc.</span> 
     </span>
     <span class='ocr_line' id='line_1_28' title="bbox 102 1986 771 2037; baseline -0.001 -14"><span class='ocrx_word' id='word_1_187' title='bbox 102 1990 258 2024; x_wconf 81' lang='lat' dir='ltr'>sonant:</span> <span class='ocrx_word' id='word_1_188' title='bbox 289 1999 362 2035; x_wconf 90' lang='lat' dir='ltr'>quo</span> <span class='ocrx_word' id='word_1_189' title='bbox 383 1986 513 2024; x_wconf 83' lang='lat' dir='ltr'>Darius</span> <span class='ocrx_word' id='word_1_190' title='bbox 534 1987 771 2037; x_wconf 77' lang='lat' dir='ltr'>perspiceret,</span> 
     </span>
     <span class='ocr_line' id='line_1_29' title="bbox 104 2043 767 2093; baseline 0.002 -14"><span class='ocrx_word' id='word_1_191' title='bbox 104 2055 145 2080; x_wconf 90' lang='lat' dir='ltr'>se</span> <span class='ocrx_word' id='word_1_192' title='bbox 173 2055 321 2092; x_wconf 90' lang='lat' dir='ltr'>quoque</span> <span class='ocrx_word' id='word_1_193' title='bbox 350 2043 386 2080; x_wconf 89' lang='lat' dir='ltr'>in</span> <span class='ocrx_word' id='word_1_194' title='bbox 406 2044 528 2093; x_wconf 74' lang='lat' dir='ltr'>patrIa</span> <span class='ocrx_word' id='word_1_195' title='bbox 554 2044 653 2093; x_wconf 88' lang='lat' dir='ltr'>apud</span> <span class='ocrx_word' id='word_1_196' title='bbox 684 2057 767 2080; x_wconf 83' lang='lat' dir='ltr'>suos</span> 
     </span>
     <span class='ocr_line' id='line_1_30' title="bbox 101 2099 767 2149; baseline 0.003 -13"><span class='ocrx_word' id='word_1_197' title='bbox 101 2099 209 2136; x_wconf 83' lang='lat' dir='ltr'>valde</span> <span class='ocrx_word' id='word_1_198' title='bbox 230 2099 299 2137; x_wconf 81' lang='lat' dir='ltr'>coli</span> <span class='ocrx_word' id='word_1_199' title='bbox 316 2101 547 2149; x_wconf 81' lang='lat' dir='ltr'>maximeque</span> <span class='ocrx_word' id='word_1_200' title='bbox 571 2101 767 2138; x_wconf 81' lang='lat' dir='ltr'>aestimari.</span> 
     </span>
     <span class='ocr_line' id='line_1_31' title="bbox 101 2153 769 2208; baseline 0.001 -14"><span class='ocrx_word' id='word_1_201' title='bbox 101 2155 198 2194; x_wconf 83' lang='lat' dir='ltr'>Nam</span> <span class='ocrx_word' id='word_1_202' title='bbox 227 2153 325 2207; x_wconf 83' lang='grc' dir='ltr'><strong><em>πρὸς</em></strong></span> <span class='ocrx_word' id='word_1_203' title='bbox 353 2157 528 2208; x_wconf 80' lang='grc' dir='ltr'><strong><em>Δαρείου</em></strong></span> <span class='ocrx_word' id='word_1_204' title='bbox 554 2157 650 2194; x_wconf 88' lang='lat' dir='ltr'>idem</span> <span class='ocrx_word' id='word_1_205' title='bbox 671 2158 769 2195; x_wconf 80' lang='lat' dir='ltr'>valet</span> 
     </span>
     <span class='ocr_line' id='line_1_32' title="bbox 102 2211 768 2264; baseline 0.003 -15"><span class='ocrx_word' id='word_1_206' title='bbox 102 2214 203 2261; x_wconf 88' lang='lat' dir='ltr'>quod</span> <span class='ocrx_word' id='word_1_207' title='bbox 224 2211 307 2252; x_wconf 70' lang='grc' dir='ltr'><strong><em>’ὑπό</em></strong></span> <span class='ocrx_word' id='word_1_208' title='bbox 332 2215 526 2264; x_wconf 81' lang='grc' dir='ltr'><strong><em>Δαρείου,</em></strong></span> <span class='ocrx_word' id='word_1_209' title='bbox 559 2219 598 2250; x_wconf 88' lang='lat' dir='ltr'>ut</span> <span class='ocrx_word' id='word_1_210' title='bbox 623 2214 651 2261; x_wconf 92' lang='lat'>1,</span> <span class='ocrx_word' id='word_1_211' title='bbox 676 2217 768 2254; x_wconf 88' lang='grc'>120.</span> 
     </span>
     <span class='ocr_line' id='line_1_33' title="bbox 101 2266 769 2323; baseline 0.004 -16"><span class='ocrx_word' id='word_1_212' title='bbox 101 2266 223 2321; x_wconf 81' lang='grc' dir='ltr'><strong><em>λόγου</em></strong></span> <span class='ocrx_word' id='word_1_213' title='bbox 250 2266 418 2317; x_wconf 81' lang='grc' dir='ltr'><strong><em>ου’δενός</em></strong></span> <span class='ocrx_word' id='word_1_214' title='bbox 445 2266 646 2321; x_wconf 81' lang='grc' dir='ltr'><strong><em>γινόμεθα</em></strong></span> <span class='ocrx_word' id='word_1_215' title='bbox 671 2268 769 2323; x_wconf 83' lang='grc' dir='ltr'><strong><em>πρὸς</em></strong></span> 
     </span>
     <span class='ocr_line' id='line_1_34' title="bbox 103 2324 699 2379; baseline 0.008 -15"><span class='ocrx_word' id='word_1_216' title='bbox 103 2324 294 2379; x_wconf 83' lang='grc' dir='ltr'><strong><em>Περσέων</em></strong></span> <span class='ocrx_word' id='word_1_217' title='bbox 316 2327 362 2374; x_wconf 87' lang='grc' dir='ltr'>ΙΙ,</span> <span class='ocrx_word' id='word_1_218' title='bbox 388 2330 479 2368; x_wconf 83' lang='grc'><strong>139.</strong></span> <span class='ocrx_word' id='word_1_219' title='bbox 503 2330 582 2369; x_wconf 86' lang='grc'>152</span> <span class='ocrx_word' id='word_1_220' title='bbox 601 2328 699 2365; x_wconf 69' lang='lat' dir='ltr'>alibi·</span> 
     </span>
     <span class='ocr_line' id='line_1_35' title="bbox 243 2384 626 2435; baseline 0 -14"><span class='ocrx_word' id='word_1_221' title='bbox 243 2385 354 2435; x_wconf 83' lang='lat' dir='ltr'>Cap.</span> <span class='ocrx_word' id='word_1_222' title='bbox 387 2384 626 2422; x_wconf 72' lang='lat' dir='ltr'>CXXXVIII.</span> 
     </span>
     <span class='ocr_line' id='line_1_36' title="bbox 158 2436 765 2492; baseline 0.003 -14"><span class='ocrx_word' id='word_1_223' title='bbox 158 2438 392 2480; x_wconf 78' lang='grc' dir='ltr'><strong><em>ἐκπίπτουσι</em></strong></span> <span class='ocrx_word' id='word_1_224' title='bbox 412 2461 465 2468; x_wconf 86' lang='lat'>--</span> <span class='ocrx_word' id='word_1_225' title='bbox 487 2440 527 2487; x_wconf 81' lang='grc' dir='ltr'><strong><em>ἐς</em></strong></span> <span class='ocrx_word' id='word_1_226' title='bbox 544 2436 765 2492; x_wconf 79' lang='grc' dir='ltr'><strong><em>Ἰηπυγίην]</em></strong></span> 
     </span>
     <span class='ocr_line' id='line_1_37' title="bbox 102 2493 768 2546; baseline 0.002 -13"><span class='ocrx_word' id='word_1_227' title='bbox 102 2493 305 2536; x_wconf 76' lang='grc' dir='ltr'><strong><em>ἐκπίπτειν</em></strong></span> <span class='ocrx_word' id='word_1_228' title='bbox 331 2498 378 2536; x_wconf 91' lang='lat' dir='ltr'>de</span> <span class='ocrx_word' id='word_1_229' title='bbox 400 2498 442 2535; x_wconf 89' lang='lat' dir='ltr'>iis</span> <span class='ocrx_word' id='word_1_230' title='bbox 463 2499 607 2543; x_wconf 83' lang='lat' dir='ltr'>dicitur,</span> <span class='ocrx_word' id='word_1_231' title='bbox 631 2499 693 2546; x_wconf 91' lang='lat' dir='ltr'>qui</span> <span class='ocrx_word' id='word_1_232' title='bbox 714 2500 768 2535; x_wconf 90' lang='lat' dir='ltr'>in-</span> 
     </span>
     <span class='ocr_line' id='line_1_38' title="bbox 101 2552 767 2603; baseline 0.006 -15"><span class='ocrx_word' id='word_1_233' title='bbox 101 2552 165 2589; x_wconf 85' lang='lat' dir='ltr'>viti</span> <span class='ocrx_word' id='word_1_234' title='bbox 185 2553 221 2589; x_wconf 92' lang='lat' dir='ltr'>in</span> <span class='ocrx_word' id='word_1_235' title='bbox 233 2554 390 2603; x_wconf 85' lang='lat' dir='ltr'>aliquem</span> <span class='ocrx_word' id='word_1_236' title='bbox 402 2554 519 2591; x_wconf 84' lang='lat' dir='ltr'>locum</span> <span class='ocrx_word' id='word_1_237' title='bbox 541 2554 664 2601; x_wconf 74' lang='lat' dir='ltr'>delati,</span> <span class='ocrx_word' id='word_1_238' title='bbox 678 2568 767 2592; x_wconf 88' lang='lat' dir='ltr'>ven-</span> 
     </span>
     <span class='ocr_line' id='line_1_39' title="bbox 103 2610 765 2649; baseline 0.008 -5"><span class='ocrx_word' id='word_1_239' title='bbox 103 2612 221 2645; x_wconf 84' lang='lat' dir='ltr'>torum</span> <span class='ocrx_word' id='word_1_240' title='bbox 250 2610 283 2645; x_wconf 91' lang='lat' dir='ltr'>vi</span> <span class='ocrx_word' id='word_1_241' title='bbox 314 2611 362 2647; x_wconf 87' lang='lat' dir='ltr'>ad</span> <span class='ocrx_word' id='word_1_242' title='bbox 399 2615 534 2649; x_wconf 83' lang='lat' dir='ltr'>terram</span> <span class='ocrx_word' id='word_1_243' title='bbox 564 2612 765 2649; x_wconf 85' lang='lat' dir='ltr'>eiiciuutur.</span> 
     </span>
     <span class='ocr_line' id='line_1_40' title="bbox 103 2664 764 2719; baseline 0.009 -18"><span class='ocrx_word' id='word_1_244' title='bbox 103 2665 212 2701; x_wconf 85' lang='lat' dir='ltr'>conf.</span> <span class='ocrx_word' id='word_1_245' title='bbox 225 2664 362 2704; x_wconf 90' lang='lat' dir='ltr'>Locell.</span> <span class='ocrx_word' id='word_1_246' title='bbox 383 2669 430 2705; x_wconf 86' lang='lat' dir='ltr'>ad</span> <span class='ocrx_word' id='word_1_247' title='bbox 441 2668 608 2718; x_wconf 87' lang='lat' dir='ltr'>Xenoph.</span> <span class='ocrx_word' id='word_1_248' title='bbox 626 2668 764 2719; x_wconf 78' lang='lat' dir='ltr'>EpheS.</span> 
     </span>
     <span class='ocr_line' id='line_1_41' title="bbox 101 2722 765 2775; baseline 0.014 -18"><span class='ocrx_word' id='word_1_249' title='bbox 101 2734 137 2771; x_wconf 87' lang='lat' dir='ltr'>p.</span> <span class='ocrx_word' id='word_1_250' title='bbox 159 2722 240 2762; x_wconf 79' lang='lat'>239</span> <span class='ocrx_word' id='word_1_251' title='bbox 265 2727 304 2759; x_wconf 84' lang='lat' dir='ltr'>et</span> <span class='ocrx_word' id='word_1_252' title='bbox 326 2723 410 2761; x_wconf 88' lang='lat' dir='ltr'>vide</span> <span class='ocrx_word' id='word_1_253' title='bbox 429 2723 522 2760; x_wconf 80' lang='lat' dir='ltr'>Plut.</span> <span class='ocrx_word' id='word_1_254' title='bbox 543 2724 674 2775; x_wconf 84' lang='lat' dir='ltr'>Pyrrh.</span> <span class='ocrx_word' id='word_1_255' title='bbox 699 2726 765 2770; x_wconf 87' lang='grc'>15,</span> 
     </span>
     <span class='ocr_line' id='line_1_42' title="bbox 101 2777 765 2832; baseline 0.008 -18"><span class='ocrx_word' id='word_1_256' title='bbox 101 2777 164 2815; x_wconf 88' lang='lat' dir='ltr'>ubi</span> <span class='ocrx_word' id='word_1_257' title='bbox 199 2778 308 2816; x_wconf 88' lang='lat' dir='ltr'>etiam</span> <span class='ocrx_word' id='word_1_258' title='bbox 346 2777 542 2830; x_wconf 74' lang='lat' dir='ltr'>Iapygiam</span> <span class='ocrx_word' id='word_1_259' title='bbox 566 2785 765 2832; x_wconf 80' lang='lat' dir='ltr'>promonto-</span> 
     </span>
    </p>
   </div>
   <div class='ocr_carea' id='block_1_8' title="bbox 824 1476 1497 2550">
    <p class='ocr_par' dir='ltr' id='par_1_8' title="bbox 824 1476 1497 2550">
     <span class='ocr_line' id='line_1_43' title="bbox 828 1476 1496 1526; baseline 0 -13"><span class='ocrx_word' id='word_1_260' title='bbox 828 1477 921 1513; x_wconf 76' lang='lat' dir='ltr'>rium</span> <span class='ocrx_word' id='word_1_261' title='bbox 952 1480 1279 1523; x_wconf 79' lang='lat' dir='ltr'>commemoratur,</span> <span class='ocrx_word' id='word_1_262' title='bbox 1310 1476 1360 1514; x_wconf 79' lang='lat' dir='ltr'>ad</span> <span class='ocrx_word' id='word_1_263' title='bbox 1395 1477 1496 1526; x_wconf 90' lang='lat' dir='ltr'>quod</span> 
     </span>
     <span class='ocr_line' id='line_1_44' title="bbox 828 1533 1497 1583; baseline 0.001 -14"><span class='ocrx_word' id='word_1_264' title='bbox 828 1533 875 1570; x_wconf 91' lang='lat' dir='ltr'>ob</span> <span class='ocrx_word' id='word_1_265' title='bbox 897 1535 991 1570; x_wconf 81' lang='lat' dir='ltr'>vada</span> <span class='ocrx_word' id='word_1_266' title='bbox 1013 1547 1055 1571; x_wconf 85' lang='lat' dir='ltr'>ac</span> <span class='ocrx_word' id='word_1_267' title='bbox 1080 1534 1158 1571; x_wconf 84' lang='lat' dir='ltr'>loca</span> <span class='ocrx_word' id='word_1_268' title='bbox 1178 1534 1404 1583; x_wconf 83' lang='lat' dir='ltr'>importuosa</span> <span class='ocrx_word' id='word_1_269' title='bbox 1416 1546 1497 1571; x_wconf 87' lang='lat' dir='ltr'>cae-</span> 
     </span>
     <span class='ocr_line' id='line_1_45' title="bbox 827 1590 1496 1639; baseline 0 -12"><span class='ocrx_word' id='word_1_270' title='bbox 827 1602 943 1638; x_wconf 83' lang='lat' dir='ltr'>caque</span> <span class='ocrx_word' id='word_1_271' title='bbox 964 1590 1120 1627; x_wconf 78' lang='lat' dir='ltr'>difficilis</span> <span class='ocrx_word' id='word_1_272' title='bbox 1145 1595 1181 1626; x_wconf 85' lang='lat' dir='ltr'>et</span> <span class='ocrx_word' id='word_1_273' title='bbox 1201 1590 1423 1639; x_wconf 82' lang='lat' dir='ltr'>periculosus</span> <span class='ocrx_word' id='word_1_274' title='bbox 1435 1603 1496 1627; x_wconf 84' lang='lat' dir='ltr'>ac-</span> 
     </span>
     <span class='ocr_line' id='line_1_46' title="bbox 828 1646 1495 1684; baseline 0 -2"><span class='ocrx_word' id='word_1_275' title='bbox 828 1659 965 1684; x_wconf 77' lang='lat' dir='ltr'>cessus.</span> <span class='ocrx_word' id='word_1_276' title='bbox 1046 1647 1224 1683; x_wconf 85' lang='lat' dir='ltr'>Romanis</span> <span class='ocrx_word' id='word_1_277' title='bbox 1265 1646 1495 1683; x_wconf 64' lang='lat' dir='ltr'>Sallentinum</span> 
     </span>
     <span class='ocr_line' id='line_1_47' title="bbox 828 1704 1494 1754; baseline 0 -14"><span class='ocrx_word' id='word_1_278' title='bbox 828 1709 979 1740; x_wconf 83' lang='lat' dir='ltr'>vocatur</span> <span class='ocrx_word' id='word_1_279' title='bbox 997 1704 1302 1754; x_wconf 80' lang='lat' dir='ltr'>promontorium,</span> <span class='ocrx_word' id='word_1_280' title='bbox 1324 1709 1494 1752; x_wconf 85' lang='lat' dir='ltr'>terraque</span> 
     </span>
     <span class='ocr_line' id='line_1_48' title="bbox 825 1759 1494 1810; baseline -0.001 -13"><span class='ocrx_word' id='word_1_281' title='bbox 825 1761 995 1798; x_wconf 82' lang='lat' dir='ltr'>adiacens</span> <span class='ocrx_word' id='word_1_282' title='bbox 1019 1760 1226 1806; x_wconf 69' lang='lat' dir='ltr'>Salentim,</span> <span class='ocrx_word' id='word_1_283' title='bbox 1247 1773 1276 1796; x_wconf 91' lang='lat' dir='ltr'>s.</span> <span class='ocrx_word' id='word_1_284' title='bbox 1295 1759 1494 1810; x_wconf 71' lang='lat' dir='ltr'>IIIessapia‚</span> 
     </span>
     <span class='ocr_line' id='line_1_49' title="bbox 826 1816 1495 1867; baseline 0 -14"><span class='ocrx_word' id='word_1_285' title='bbox 826 1818 905 1854; x_wconf 90' lang='lat' dir='ltr'>sive</span> <span class='ocrx_word' id='word_1_286' title='bbox 934 1818 1042 1854; x_wconf 83' lang='lat' dir='ltr'>etiam</span> <span class='ocrx_word' id='word_1_287' title='bbox 1063 1818 1237 1867; x_wconf 68' lang='lat' dir='ltr'>Iapygia.</span> <span class='ocrx_word' id='word_1_288' title='bbox 1296 1816 1405 1855; x_wconf 62' lang='lat' dir='ltr'>Nunc</span> <span class='ocrx_word' id='word_1_289' title='bbox 1430 1830 1495 1853; x_wconf 82' lang='lat' dir='ltr'>vo-</span> 
     </span>
     <span class='ocr_line' id='line_1_50' title="bbox 826 1873 1495 1924; baseline -0.003 -13"><span class='ocrx_word' id='word_1_290' title='bbox 826 1880 930 1911; x_wconf 86' lang='lat' dir='ltr'>catur</span> <span class='ocrx_word' id='word_1_291' title='bbox 955 1873 1052 1924; x_wconf 75' lang='lat' dir='ltr'>Carpo</span> <span class='ocrx_word' id='word_1_292' title='bbox 1082 1875 1122 1910; x_wconf 66' lang='lat' dir='ltr'>di</span> <span class='ocrx_word' id='word_1_293' title='bbox 1147 1873 1272 1910; x_wconf 78' lang='lat' dir='ltr'>Leuca</span> <span class='ocrx_word' id='word_1_294' title='bbox 1298 1874 1400 1924; x_wconf 88' lang='lat' dir='ltr'>(Cap</span> <span class='ocrx_word' id='word_1_295' title='bbox 1431 1873 1495 1910; x_wconf 87' lang='lat' dir='ltr'>Fi-</span> 
     </span>
     <span class='ocr_line' id='line_1_51' title="bbox 826 1931 1494 1978; baseline -0.003 -10"><span class='ocrx_word' id='word_1_296' title='bbox 826 1932 1000 1978; x_wconf 88' lang='lat' dir='ltr'>nisterre)</span> <span class='ocrx_word' id='word_1_297' title='bbox 1032 1932 1070 1967; x_wconf 90' lang='lat' dir='ltr'>in</span> <span class='ocrx_word' id='word_1_298' title='bbox 1101 1932 1253 1978; x_wconf 76' lang='lat' dir='ltr'>regione</span> <span class='ocrx_word' id='word_1_299' title='bbox 1284 1931 1494 1977; x_wconf 78' lang='lat' dir='ltr'>d&#39;Otranto‚</span> 
     </span>
     <span class='ocr_line' id='line_1_52' title="bbox 828 1987 1496 2038; baseline -0.004 -13"><span class='ocrx_word' id='word_1_300' title='bbox 828 1988 975 2025; x_wconf 86' lang='lat' dir='ltr'>ditionis</span> <span class='ocrx_word' id='word_1_301' title='bbox 996 1987 1277 2038; x_wconf 79' lang='lat' dir='ltr'>Neapolitanae.</span> <span class='ocrx_word' id='word_1_302' title='bbox 1311 1987 1390 2024; x_wconf 77' lang='lat' dir='ltr'>Vid.</span> <span class='ocrx_word' id='word_1_303' title='bbox 1410 1988 1496 2024; x_wconf 83' lang='lat' dir='ltr'>Ciu-</span> 
     </span>
     <span class='ocr_line' id='line_1_53' title="bbox 825 2044 1494 2093; baseline -0.001 -13"><span class='ocrx_word' id='word_1_304' title='bbox 825 2058 901 2082; x_wconf 74' lang='lat' dir='ltr'>ver.</span> <span class='ocrx_word' id='word_1_305' title='bbox 924 2045 959 2080; x_wconf 90' lang='lat' dir='ltr'>in</span> <span class='ocrx_word' id='word_1_306' title='bbox 986 2045 1056 2081; x_wconf 83' lang='lat' dir='ltr'>Sic.</span> <span class='ocrx_word' id='word_1_307' title='bbox 1087 2045 1211 2093; x_wconf 69' lang='lat' dir='ltr'>Antiq.</span> <span class='ocrx_word' id='word_1_308' title='bbox 1237 2044 1299 2090; x_wconf 89' lang='lat' dir='ltr'>lV,</span> <span class='ocrx_word' id='word_1_309' title='bbox 1327 2045 1377 2084; x_wconf 81' lang='lat'>13</span> <span class='ocrx_word' id='word_1_310' title='bbox 1407 2056 1494 2093; x_wconf 81' lang='lat' dir='ltr'>pag.</span> 
     </span>
     <span class='ocr_line' id='line_1_54' title="bbox 830 2100 1494 2151; baseline -0.003 -13"><span class='ocrx_word' id='word_1_311' title='bbox 830 2103 938 2142; x_wconf 76' lang='lat'><strong>1239</strong></span> <span class='ocrx_word' id='word_1_312' title='bbox 959 2114 1035 2150; x_wconf 86' lang='lat' dir='ltr'>seq.</span> <span class='ocrx_word' id='word_1_313' title='bbox 1056 2106 1094 2138; x_wconf 86' lang='lat' dir='ltr'>et</span> <span class='ocrx_word' id='word_1_314' title='bbox 1117 2102 1233 2151; x_wconf 88' lang='lat' dir='ltr'>Popp.</span> <span class='ocrx_word' id='word_1_315' title='bbox 1252 2100 1419 2150; x_wconf 84' lang='lat' dir='ltr'>prolegg.</span> <span class='ocrx_word' id='word_1_316' title='bbox 1445 2101 1494 2137; x_wconf 82' lang='lat' dir='ltr'>ad</span> 
     </span>
     <span class='ocr_line' id='line_1_55' title="bbox 827 2157 1270 2208; baseline -0.002 -13"><span class='ocrx_word' id='word_1_317' title='bbox 827 2158 999 2206; x_wconf 71' lang='lat' dir='ltr'>Thucyd.</span> <span class='ocrx_word' id='word_1_318' title='bbox 1024 2158 1050 2205; x_wconf 91' lang='lat' dir='ltr'>I,</span> <span class='ocrx_word' id='word_1_319' title='bbox 1073 2160 1098 2197; x_wconf 91' lang='grc'>2</span> <span class='ocrx_word' id='word_1_320' title='bbox 1117 2172 1155 2208; x_wconf 89' lang='lat' dir='ltr'>p.</span> <span class='ocrx_word' id='word_1_321' title='bbox 1175 2157 1270 2197; x_wconf 77' lang='lat'>547.</span> 
     </span>
     <span class='ocr_line' id='line_1_56' title="bbox 886 2211 1494 2263; baseline -0.003 -10"><span class='ocrx_word' id='word_1_322' title='bbox 886 2211 1092 2253; x_wconf 78' lang='grc' dir='ltr'><strong><em>διδόναι</em></strong></span> <span class='ocrx_word' id='word_1_323' title='bbox 1125 2214 1290 2263; x_wconf 76' lang='grc' dir='ltr'><strong><em>τοῦτο]</em></strong></span> <span class='ocrx_word' id='word_1_324' title='bbox 1324 2215 1442 2252; x_wconf 79' lang='grc' dir='ltr'><strong><em>τοῦτο</em></strong></span> <span class='ocrx_word' id='word_1_325' title='bbox 1473 2226 1494 2251; x_wconf 86' lang='lat' dir='ltr'>e</span> 
     </span>
     <span class='ocr_line' id='line_1_57' title="bbox 825 2270 1496 2319; baseline -0.003 -11"><span class='ocrx_word' id='word_1_326' title='bbox 825 2271 913 2309; x_wconf 88' lang='lat' dir='ltr'>Flor</span> <span class='ocrx_word' id='word_1_327' title='bbox 953 2284 995 2308; x_wconf 88' lang='lat' dir='ltr'>ac</span> <span class='ocrx_word' id='word_1_328' title='bbox 1025 2271 1168 2308; x_wconf 88' lang='lat' dir='ltr'>duobus</span> <span class='ocrx_word' id='word_1_329' title='bbox 1191 2271 1324 2307; x_wconf 86' lang='lat' dir='ltr'>Pariss.</span> <span class='ocrx_word' id='word_1_330' title='bbox 1374 2270 1496 2319; x_wconf 78' lang='lat' dir='ltr'>Vulgo</span> 
     </span>
     <span class='ocr_line' id='line_1_58' title="bbox 826 2323 1494 2381; baseline -0.001 -16"><span class='ocrx_word' id='word_1_331' title='bbox 826 2342 905 2366; x_wconf 92' lang='lat' dir='ltr'>cum</span> <span class='ocrx_word' id='word_1_332' title='bbox 928 2328 1060 2365; x_wconf 78' lang='lat' dir='ltr'>Matth.</span> <span class='ocrx_word' id='word_1_333' title='bbox 1084 2323 1224 2381; x_wconf 76' lang='grc' dir='ltr'><strong><em>τούτῳ.</em></strong></span> <span class='ocrx_word' id='word_1_334' title='bbox 1283 2326 1494 2365; x_wconf 85' lang='lat' dir='ltr'>Memoratu</span> 
     </span>
     <span class='ocr_line' id='line_1_59' title="bbox 827 2384 1493 2434; baseline 0 -14"><span class='ocrx_word' id='word_1_335' title='bbox 827 2386 981 2434; x_wconf 85' lang='lat' dir='ltr'>dignum</span> <span class='ocrx_word' id='word_1_336' title='bbox 1008 2390 1082 2432; x_wconf 87' lang='lat' dir='ltr'>est,</span> <span class='ocrx_word' id='word_1_337' title='bbox 1113 2385 1214 2434; x_wconf 89' lang='lat' dir='ltr'>quod</span> <span class='ocrx_word' id='word_1_338' title='bbox 1244 2397 1287 2421; x_wconf 85' lang='lat' dir='ltr'>ex</span> <span class='ocrx_word' id='word_1_339' title='bbox 1320 2384 1493 2434; x_wconf 89' lang='lat' dir='ltr'>Appulei.</span> 
     </span>
     <span class='ocr_line' id='line_1_60' title="bbox 824 2440 1493 2492; baseline 0.006 -14"><span class='ocrx_word' id='word_1_340' title='bbox 824 2442 965 2479; x_wconf 83' lang='lat' dir='ltr'>Florid.</span> <span class='ocrx_word' id='word_1_341' title='bbox 1000 2442 1032 2478; x_wconf 92' lang='lat' dir='ltr'>II</span> <span class='ocrx_word' id='word_1_342' title='bbox 1063 2456 1098 2492; x_wconf 91' lang='lat' dir='ltr'>p.</span> <span class='ocrx_word' id='word_1_343' title='bbox 1126 2444 1204 2482; x_wconf 84' lang='lat'>351</span> <span class='ocrx_word' id='word_1_344' title='bbox 1240 2440 1303 2491; x_wconf 92' lang='lat' dir='ltr'>(T.</span> <span class='ocrx_word' id='word_1_345' title='bbox 1326 2441 1359 2478; x_wconf 88' lang='lat' dir='ltr'>II</span> <span class='ocrx_word' id='word_1_346' title='bbox 1383 2455 1418 2490; x_wconf 89' lang='lat' dir='ltr'>p.</span> <span class='ocrx_word' id='word_1_347' title='bbox 1441 2441 1493 2481; x_wconf 83' lang='lat'>57</span> 
     </span>
     <span class='ocr_line' id='line_1_61' title="bbox 824 2497 1496 2550; baseline -0.004 -14"><span class='ocrx_word' id='word_1_348' title='bbox 824 2499 1020 2547; x_wconf 90' lang='lat' dir='ltr'>Oudend.)</span> <span class='ocrx_word' id='word_1_349' title='bbox 1041 2499 1149 2536; x_wconf 84' lang='lat' dir='ltr'>affert</span> <span class='ocrx_word' id='word_1_350' title='bbox 1169 2497 1338 2544; x_wconf 86' lang='lat' dir='ltr'>Wessel.‚</span> <span class='ocrx_word' id='word_1_351' title='bbox 1357 2497 1496 2550; x_wconf 82' lang='lat' dir='ltr'>Pytha-</span> 
     </span>
    </p>
   </div>
   <div class='ocr_carea' id='block_1_9' title="bbox 795 2555 1493 2605">
    <p class='ocr_par' dir='ltr' id='par_1_9' title="bbox 795 2555 1493 2605">
     <span class='ocr_line' id='line_1_62' title="bbox 795 2555 1493 2605; baseline -0.003 -14"><span class='ocrx_word' id='word_1_352' title='bbox 795 2599 798 2602; x_wconf 15' lang='grc' dir='ltr'><strong>Α</strong></span> <span class='ocrx_word' id='word_1_353' title='bbox 824 2568 966 2605; x_wconf 84' lang='lat' dir='ltr'>goram,</span> <span class='ocrx_word' id='word_1_354' title='bbox 978 2555 1173 2603; x_wconf 84' lang='lat' dir='ltr'>Cambysis</span> <span class='ocrx_word' id='word_1_355' title='bbox 1187 2555 1273 2591; x_wconf 89' lang='lat' dir='ltr'>olim</span> <span class='ocrx_word' id='word_1_356' title='bbox 1296 2555 1493 2604; x_wconf 79' lang='lat' dir='ltr'>captivum,</span> 
     </span>
    </p>
   </div>
   <div class='ocr_carea' id='block_1_10' title="bbox 822 2610 1493 2833">
    <p class='ocr_par' dir='ltr' id='par_1_10' title="bbox 822 2610 1493 2833">
     <span class='ocr_line' id='line_1_63' title="bbox 824 2610 1493 2661; baseline -0.007 -12"><span class='ocrx_word' id='word_1_357' title='bbox 824 2625 846 2649; x_wconf 85' lang='lat' dir='ltr'>a</span> <span class='ocrx_word' id='word_1_358' title='bbox 865 2613 1025 2661; x_wconf 81' lang='lat' dir='ltr'>quodam</span> <span class='ocrx_word' id='word_1_359' title='bbox 1048 2612 1164 2658; x_wconf 71' lang='lat' dir='ltr'><em>Gillo,</em></span> <span class='ocrx_word' id='word_1_360' title='bbox 1197 2610 1493 2648; x_wconf 84' lang='lat' dir='ltr'>Crotoniensium</span> 
     </span>
     <span class='ocr_line' id='line_1_64' title="bbox 822 2666 1491 2720; baseline -0.009 -14"><span class='ocrx_word' id='word_1_361' title='bbox 822 2669 990 2720; x_wconf 87' lang='lat' dir='ltr'>principe</span> <span class='ocrx_word' id='word_1_362' title='bbox 1003 2670 1243 2719; x_wconf 82' lang='lat' dir='ltr'>reciperatum</span> <span class='ocrx_word' id='word_1_363' title='bbox 1258 2680 1349 2704; x_wconf 85' lang='lat' dir='ltr'>esse.</span> <span class='ocrx_word' id='word_1_364' title='bbox 1373 2666 1491 2709; x_wconf 89' lang='lat' dir='ltr'>Quem</span> 
     </span>
     <span class='ocr_line' id='line_1_65' title="bbox 825 2723 1491 2763; baseline -0.011 0"><span class='ocrx_word' id='word_1_365' title='bbox 825 2726 982 2763; x_wconf 87' lang='lat' dir='ltr'>eundem</span> <span class='ocrx_word' id='word_1_366' title='bbox 1005 2725 1144 2762; x_wconf 83' lang='lat' dir='ltr'>Gillum</span> <span class='ocrx_word' id='word_1_367' title='bbox 1164 2725 1198 2761; x_wconf 89' lang='lat' dir='ltr'>h.</span> <span class='ocrx_word' id='word_1_368' title='bbox 1220 2723 1242 2760; x_wconf 91' lang='lat' dir='ltr'>l.</span> <span class='ocrx_word' id='word_1_369' title='bbox 1270 2733 1491 2760; x_wconf 84' lang='lat' dir='ltr'>commemo-</span> 
     </span>
     <span class='ocr_line' id='line_1_66' title="bbox 823 2778 1416 2833; baseline -0.01 -14"><span class='ocrx_word' id='word_1_370' title='bbox 823 2782 894 2820; x_wconf 83' lang='lat' dir='ltr'>rari</span> <span class='ocrx_word' id='word_1_371' title='bbox 912 2782 1070 2833; x_wconf 90' lang='lat' dir='ltr'>suspicio</span> <span class='ocrx_word' id='word_1_372' title='bbox 1093 2785 1149 2819; x_wconf 88' lang='lat' dir='ltr'>est</span> <span class='ocrx_word' id='word_1_373' title='bbox 1168 2778 1416 2826; x_wconf 77' lang='lat' dir='ltr'>wesselingii.</span> 
     </span>
    </p>
   </div>
  </div>
 </body>
</html>
