1863 3256
439 211 523 250 278

827 210 1302 248 HERODOTl

439 320 778 362 κατατείνουσαν
825 318 873 362 ἐκ
920 323 1010 362 τῶν
1052 321 1285 373 Ταυρικῶν
1332 316 1503 372 οὐρέων
1548 317 1592 370 ἐς
1629 317 1765 374 τὴν4ο

442 393 643 434 Μαιῶτιν
673 391 847 446 λίμνην,
880 388 988 444 ἤπερ
1022 388 1108 431 ἐστὶ
1137 390 1333 444 μεγίστη·
1383 386 1489 443 μετα
1520 388 1586 441 δὲ,
1624 403 1709 432 πει-

386 591 486 639 quod
513 592 668 629 dederat
696 592 939 629 Casaubonus
962 586 1046 628 Τά-

387 662 498 697 <potor
526 647 612 696 (pro
635 643 828 696 Τάφιοι),
866 649 903 684 id
928 648 1044 684 Gros-

386 704 491 739 kurd.
514 703 724 740 vernaculus
743 704 935 754 interpres,
951 716 1047 740 nunc

386 763 563 795 mutatum
587 759 663 796 vult
686 761 721 796 in
745 759 909 811 Ταῦροι.
947 760 1044 796 Add.

386 815 472 852 Mel.
509 814 553 861 ΙΙ,
580 818 615 862 1,
645 818 720 858 39:
771 817 911 863 „Quod
951 817 1048 853 inter

386 871 556 921 paludem
577 876 615 908 et
631 873 748 909 sinum
769 877 846 921 est,
881 872 1048 922 Taphiae

386 928 634 964 110minatur.“
693 928 747 966 Ac
766 942 830 965 sua
850 929 969 965 adhue
987 941 1048 965 ae-

385 988 461 1020 tate
479 983 573 1020 hanc
592 985 726 1022 fossam
744 986 842 1022 terra
862 984 1048 1036 oppletam

387 1041 498 1077 fuisse
530 1041 652 1078 scribit
681 1042 917 1078 constantin.
959 1041 1048 1077 Por-

386 1097 490 1147 phyr.
517 1097 563 1133 de
584 1098 787 1135 administr.
811 1098 937 1149 imper.
967 1109 1048 1147 cap.

388 1153 464 1198 423
493 1153 580 1201 quin
598 1154 719 1191 medio
739 1167 830 1192 aevo
847 1155 1051 1192 munimen-

388 1215 427 1245 ta
455 1209 562 1246 valde
601 1210 721 1260 ampla
760 1210 831 1248 illic
867 1214 1051 1248 exstructa

388 1265 500 1302 fnisse
530 1272 721 1313 asserunt,
767 1268 827 1304 ubi
858 1280 953 1304 nunc
982 1266 1051 1303 Pe-

388 1335 509 1371 recop‚
539 1335 567 1359 s.
597 1323 649 1360 Or
670 1322 790 1373 Kapi,
831 1324 931 1373 quod
953 1324 1051 1361 idem

388 1378 509 1416 valere
537 1380 676 1417 dicunt.
727 1380 808 1417 vid.
826 1380 982 1417 Rennel.
1014 1379 1050 1416 in

390 1435 529 1484 Geogr.
555 1436 698 1473 Herod.
725 1449 811 1486 pag.
834 1434 929 1477 418.
953 1437 1048 1477 419.

389 1490 606 1529 Tzschucke
644 1493 692 1529 ad
723 1492 810 1531 Mel.
841 1492 863 1529 l.
894 1492 916 1530 l.
955 1497 1049 1529 nott.

373 1560 524 1597 exegg.
551 1562 590 1599 p.
611 1551 677 1589 22.
729 1548 782 1586 Ac
803 1550 850 1587 de
881 1549 949 1586 hac
971 1550 1052 1599 ipsa

389 1605 488 1641 fossa
516 1605 615 1655 apud
637 1605 869 1642 Herodotum
887 1606 1053 1654 cogitan-

393 1661 478 1697 dum
520 1673 602 1698 esse
641 1662 774 1698 statuit
810 1661 978 1699 Danville
1014 1662 1051 1698 in

390 1717 501 1754 Mem.
532 1718 580 1754 de
614 1717 636 1754 l’
657 1717 774 1754 Acad.
805 1719 843 1755 d.
869 1719 1050 1768 lnscriptt.

391 1773 439 1810 T.
472 1773 614 1810 XXXV
647 1786 733 1825 pag.
765 1774 871 1822 5813
917 1775 1052 1824 impro-

390 1831 501 1867 bante
522 1830 718 1867 Mannerto
732 1858 743 1877 ,
773 1831 834 1880 qui
854 1832 891 1867 in
912 1831 1052 1879 Geogr.

391 1887 544 1924 Graece.
573 1891 610 1924 et
628 1888 811 1924 Romanu.
833 1887 882 1924 lv
911 1901 946 1938 p.
969 1886 1052 1927 294

391 1943 437 1980 ab
480 1942 546 1980 hac
575 1944 674 1981 fossa
713 1956 735 1980 a
762 1943 906 1992 Scythis
943 1944 1053 1980 ducta

393 2000 486 2036 bene
508 2000 807 2048 distinguendam
826 2013 906 2037 esse
927 2004 1052 2037 monet

393 2067 495 2102 eam,
535 2069 630 2105 quae
651 2069 717 2106 per
738 2056 911 2093 Isthmum
939 2056 1051 2093 multo

392 2115 523 2161 postea
544 2113 654 2149 suerit
673 2113 852 2162 deducta,
892 2113 1052 2161 itemque

392 2167 593 2205 Niebuhrio
605 2169 851 2216 (Vermischte
869 2169 1053 2207 Schriften

395 2224 406 2260 l
431 2237 514 2274 pag.
541 2225 664 2272 157),
700 2238 773 2275 quo
791 2230 941 2263 auctore
955 2227 1054 2263 fossa

393 2281 482 2317 haec
501 2281 538 2317 in
556 2282 762 2319 Crimmaea
790 2283 914 2331 utique
942 2295 1054 2331 quae-

392 2336 529 2383 renda,
566 2350 687 2387 neque
718 2342 840 2375 tamen
871 2339 970 2389 apud
999 2338 1052 2374 lo-

393 2405 473 2429 cum
491 2392 659 2444 Perekop
672 2423 682 2440 ‚
713 2394 778 2431 sed
798 2394 844 2430 ab
864 2395 1052 2431 occidente

394 2449 572 2498 Bospori,
601 2462 709 2498 quem
730 2450 828 2499 prius
853 2450 1051 2495 Cimmerii,

393 2517 415 2541 a
432 2505 578 2554 Scythis
597 2505 721 2551 eiecti,
749 2506 968 2542 traiecerint.
1012 2507 1050 2542 ln

393 2561 491 2598 cuius
510 2562 575 2597 viri
598 2563 777 2599 sententia
799 2574 886 2597 sane
902 2562 1048 2610 acquie-

394 2617 591 2665 scendum,
621 2618 711 2665 nisi,
743 2630 837 2665 quae
856 2618 1050 2655 Reichardi

395 2677 449 2710 est
475 2675 653 2712 sententia
688 2674 743 2720 (in
766 2674 909 2710 llertha
945 2676 1051 2714 1828

397 2730 406 2765 Ι
433 2742 517 2779 pag.
541 2731 607 2778 11)
638 2730 866 2767 Herodotum
898 2731 946 2767 de
977 2732 1052 2766 fos-

394 2799 478 2834 sae,
531 2787 630 2823 cuius
670 2786 766 2822 nulla
795 2785 903 2836 plane
935 2786 1054 2823 adhuc

396 2848 589 2893 supersunt
633 2843 811 2892 vestigia,
854 2843 1053 2881 directione

1104 604 1216 641 prave
1258 591 1427 629 edoctum
1461 593 1575 630 fuisse
1610 596 1764 629 statuas.

1103 647 1300 684 Mannerto
1320 647 1408 685 haec
1430 649 1531 685 sossa
1551 648 1764 686 orientalem

1103 704 1352 755 paeninsulam
1397 704 1575 742 minorem
1606 704 1766 742 Kertsch

1104 773 1126 797 a
1147 760 1274 797 maiori
1296 761 1492 798 secrevisse
1510 760 1664 798 videtur.
1710 759 1766 797 Ex

1105 829 1148 853 ea
1187 816 1330 866 paludis
1378 816 1603 863 Maeoticae,
1655 829 1766 866 quam

1105 872 1242 910 Noster
1273 873 1339 909 sibi
1372 874 1517 910 finxerit
1553 874 1644 920 (vid.
1674 878 1765 910 nott.

1105 929 1153 965 ad
1169 928 1230 974 lV,
1254 929 1363 976 100),
1393 930 1509 966 forma
1530 930 1766 967 directionem

1105 985 1227 1021 fossae
1267 985 1405 1021 facilius
1447 986 1619 1022 constitui
1656 998 1767 1035 posse

1108 1041 1290 1078 existimat
1326 1040 1484 1078 Volcker
1531 1041 1768 1090 (Mythische

1106 1097 1244 1146 Geogr.
1263 1109 1347 1147 pag.
1369 1098 1486 1145 177);
1518 1109 1612 1147 quae
1629 1097 1767 1135 aTau-

1106 1154 1189 1190 ricis
1211 1154 1394 1190 montibus
1421 1167 1536 1203 nsque
1557 1154 1607 1191 ad
1630 1153 1768 1203 Empo-

1106 1211 1198 1247 rium
1219 1211 1396 1263 Cremnos
1417 1211 1597 1261 perducta
1614 1211 1768 1260 paenin-

1108 1266 1221 1303 sulam
1264 1265 1460 1304 Tauricam
1503 1268 1539 1303 in
1589 1267 1765 1304 orientem

1107 1323 1374 1373 prominentem
1413 1336 1435 1360 a
1473 1323 1673 1361 continenti
1709 1336 1769 1360 se-

1106 1380 1286 1425 iunxerit3
1335 1383 1374 1416 ut
1407 1392 1529 1416 servos
1563 1384 1770 1430 praestaret

1107 1439 1208 1473 tutos
1237 1448 1258 1472 a
1286 1436 1441 1472 dominis
1470 1437 1542 1473 suis
1571 1449 1593 1473 a
1622 1441 1769 1486 septen-

1107 1492 1228 1530 trione
1246 1492 1340 1529 circa
1362 1492 1508 1530 Tanain
1522 1491 1768 1530 Maeotidem-

1107 1561 1178 1598 que
1203 1548 1469 1586 accedentibus.
1527 1548 1673 1586 Addam
1712 1549 1768 1585 his

1108 1606 1329 1642 sententiam
1348 1605 1522 1643 Klausen.
1554 1605 1623 1652 (ad
1646 1605 1770 1643 Heca·

1107 1662 1180 1699 taei
1206 1662 1374 1710 fragmm.
1403 1674 1489 1712 pag.
1518 1663 1605 1707 86.)
1644 1661 1769 1705 Quum

1108 1717 1244 1754 nullam
1291 1718 1505 1755 Herodotus
1545 1718 1769 1756 Chersonesi

1108 1775 1261 1811 formam
1289 1775 1455 1822 noverit,
1496 1775 1559 1824 qui
1588 1775 1675 1812 inde
1706 1787 1769 1812 ex-

1107 1831 1279 1881 plicanda
1301 1835 1438 1878 censet,
1468 1836 1544 1868 turn
1566 1843 1662 1880 quae
1682 1831 1767 1868 alibi

1109 1888 1157 1924 de
1180 1887 1234 1923 his
1256 1887 1468 1936 regionibus
1490 1887 1631 1925 Noster
1662 1900 1768 1925 enar-

1109 1944 1216 1990 rarit,
1255 1948 1333 1980 tum
1363 1956 1458 1993 quae
1483 1944 1530 1981 de
1554 1943 1769 1982 Cimmerio-

1109 2013 1187 2036 rum
1206 2001 1335 2038 itinere
1357 2000 1419 2047 lv,
1444 2004 1487 2040 11
1518 2001 1713 2037 tradantur
1733 2004 1770 2037 et

1109 2057 1156 2093 de
1177 2057 1299 2104 fossa,
1338 2057 1410 2106 qua
1431 2056 1649 2105 Scytharum
1674 2057 1769 2094 servi

1109 2125 1149 2150 se
1169 2114 1275 2150 tutati
1293 2114 1449 2159 suerint,
1489 2125 1673 2162 quamque
1695 2125 1769 2150 non

1109 2170 1146 2205 in
1170 2169 1330 2216 Isthmo,
1371 2171 1408 2206 id
1430 2170 1530 2219 quod
1557 2170 1653 2206 ratio
1675 2171 1770 2206 fere-

1110 2226 1196 2272 bat,
1235 2227 1300 2263 sed
1331 2240 1353 2263 a
1373 2226 1556 2263 Tauricae
1582 2227 1768 2262 montibus

1111 2295 1228 2331 usque
1268 2284 1315 2318 ad
1355 2282 1578 2319 Maeotidem
1621 2282 1767 2318 ductam

1111 2351 1192 2375 esse
1212 2339 1358 2388 putarit.

1168 2394 1208 2439 ἐς
1227 2392 1299 2443 τήν
1316 2396 1504 2432 Μαιῶτιν
1518 2393 1675 2443 λίμνην]
1691 2392 1768 2443 Ap-

1110 2450 1256 2500 pellatio
1278 2453 1460 2495 Maufiug
1476 2456 1624 2499 postera
1645 2455 1767 2487 aetate

1110 2507 1337 2555 potissimum
1381 2507 1573 2543 invaluisse
1612 2507 1767 2544 videtur.

1111 2563 1169 2598 Cf.
1189 2562 1246 2607 lv,
1265 2564 1330 2609 45,
1353 2563 1519 2599 Eustatli.
1544 2564 1593 2599 ad
1615 2563 1766 2612 Dionys.

1110 2618 1252 2667 Perieg.
1282 2633 1334 2655 vs.
1369 2621 1460 2664 163,
1491 2623 1526 2655 et
1557 2621 1617 2668 qui
1647 2621 1768 2656 omnia

1111 2675 1185 2711 sere
1204 2677 1250 2711 ‹le
1271 2675 1374 2711 liuius
1392 2677 1499 2712 maris
1511 2675 1765 2725 appellationi-

1111 2731 1175 2767 bus
1196 2732 1311 2767 attulit
1330 2733 1535 2769 testimonia
1551 2731 1768 2770 Tzschucke

1111 2787 1157 2823 ad
1175 2788 1352 2837 Pompon.
1373 2788 1458 2826 Mel.
1479 2788 1508 2836 l,
1544 2790 1593 2828 19
1621 2802 1657 2840 p.
1684 2788 1766 2830 634

1112 2856 1213 2892 seqq.
1239 2845 1314 2881 Nol.
1339 2845 1387 2881 lll
1411 2845 1450 2883 P.
1473 2845 1487 2881 l
1519 2849 1611 2882 nott.
1638 2858 1766 2895 exegg.
