1863 3256
65 767 163 811 193

504 228 1072 266 MELPOMENE.

1133 230 1194 267 iv.
1399 239 1485 278 625

215 354 331 391 νομα
371 337 501 381 τοῦτό
543 337 631 381 ἐστι
675 337 755 391 μὲν
792 335 1015 392 Λιβυκὸν,
1066 333 1251 379 δύναται
1293 341 1338 382 δὲ
1374 346 1483 388 κατὰ

185 407 396 453 5Έλλοὶδα
424 412 645 464 γλῶσσαν,
686 410 863 465 βουνοί·
912 409 956 452 οἱ
984 405 1053 458 δὲ,
1095 405 1265 462 ἐχινέες.
1324 413 1403 454 εἰσὶ
1436 418 1481 459 δὲ

212 479 283 522 καὶ
313 484 448 534 γαλαῖ
475 481 522 523 ἐν
552 484 613 538 τῷ
656 481 814 538 σιλφίῳ
844 478 1094 534 γινόμεναι,
1153 482 1253 535 τῇσι
1289 483 1479 538 Ταρτησ-
1495 494 1538 527 20

213 552 330 607 σίῃσι
361 550 630 606 ὁμοιόταται.

693 555 896 595 Τοσαῦτα
936 550 1014 605 μέν
1055 566 1140 593 νυν
1169 552 1306 606 θηρία
1335 549 1363 608 ἡ
1396 557 1484 596 τῶν

214 623 440 677 Νομάδων
474 621 652 677 Λιβύων
690 625 745 678 γῆ
776 621 881 676 ἔχει,
926 619 1034 664 ὅσον
1063 620 1186 676 ἡμεῖς
1215 623 1484 678 ἱστορέοντες

213 693 279 736 ἐπὶ
307 692 585 748 μακρότατον
616 691 704 736 οἷοί
732 708 777 735 τε
807 691 1045 747 ἐγενόμεθα
1076 691 1308 744 ἐξικέσθαι.

155 950 262 987 νῖνοι
301 961 346 985 ex
381 943 550 999 βούνιον
593 949 816 993 formatum3

155 1017 234 1042 eam
263 1005 360 1042 enim
394 1005 542 1043 herbam
582 1018 682 1051 esse,
721 1017 817 1054 quae

154 1061 290 1098 Punice
339 1063 466 1109 zigar:
523 1062 611 1100 inde
653 1060 818 1114 ζεγέριες

154 1119 230 1155 sive
271 1118 487 1168 βυυνίνους
505 1147 516 1165 ,
573 1119 639 1156 hos
680 1131 814 1165 mures,

154 1175 252 1223 quod
282 1174 430 1224 plantae
454 1177 529 1213 eius
553 1189 618 1213 esu
650 1181 712 1212 aut
736 1188 814 1212 um-

157 1233 220 1268 bra
252 1231 501 1277 delectemur,
543 1233 678 1276 dictos3
742 1231 816 1269 ele-

155 1292 305 1336 ganter,
338 1290 449 1325 modo
473 1292 597 1326 vere.“
643 1288 816 1325 Wesse-

155 1345 265 1392 ling.
307 1345 510 1393 Sclmeigh.
533 1346 674 1382 confert
694 1344 816 1382 Beck-

156 1414 274 1438 mann.
300 1402 349 1437 ad
368 1401 556 1439 Aristotel.
585 1402 719 1439 Mirab.
740 1404 814 1438 Au-

154 1457 256 1495 scult.
285 1471 317 1494 c.
342 1460 417 1503 27,
459 1459 540 1505 ubi,
581 1471 674 1507 quos
694 1470 814 1495 mures

153 1511 520 1563 πλατυπροσώπους
546 1519 744 1561 vocarunt,
773 1515 815 1551 ii-

153 1572 236 1609 dem
257 1571 495 1608 Beckmanno
524 1572 693 1609 videntur
719 1583 814 1617 esse,

153 1629 213 1677 qui
233 1625 396 1678 ζεγέριες
417 1629 518 1677 apud
534 1628 776 1665 Herodotum.

207 1686 264 1721 Ab
285 1685 503 1722 Herodotea
522 1697 609 1722 voce
627 1698 701 1721 non
720 1684 812 1721 mul-

151 1746 226 1778 tum
248 1742 356 1778 abest
376 1754 446 1778 vox
461 1741 631 1778 clzidzira
644 1770 654 1789 ,
683 1754 756 1791 qua
775 1742 813 1778 in

151 1805 247 1835 terra
279 1798 428 1835 Fezzan
466 1798 616 1835 indicari
649 1798 812 1835 scribunt

152 1855 254 1892 colles
276 1868 460 1901 arenosos,
505 1856 543 1891 in
572 1856 704 1905 quibus
734 1854 812 1905 pal-

150 1925 233 1949 mae
251 1912 351 1949 ferae
372 1916 540 1949 crescant
569 1919 605 1949 et
625 1913 660 1948 in
680 1912 810 1961 quibus

150 1981 269 2005 mures
289 1968 445 2019 dipodes
471 1982 499 2005 s.
523 1969 672 2014 Ierboa,
704 1969 811 2005 sedes

150 2037 234 2062 suas
255 2025 466 2075 plerumque
486 2025 659 2063 habeant.
703 2026 811 2062 Conf.

151 2081 250 2118 lahn.
277 2081 420 2118 Annall.
451 2081 556 2127 vul,
590 2084 616 2123 3
651 2096 687 2132 p.
714 2083 810 2121 286.

151 2138 222 2174 Pro
246 2134 430 2188 Λιβυκόν
459 2138 597 2187 aliquot
625 2138 707 2175 libri
736 2141 810 2177 Λι-

151 2190 358 2245 βυστικόν,
398 2207 492 2231 unus
516 2196 702 2232 Sancrosti
721 2194 811 2232 liber

149 2251 419 2302 Λιβυστῖνον,
478 2252 525 2289 de
576 2264 648 2301 quo
696 2251 812 2289 citant

153 2308 331 2345 Wetsten.
368 2308 417 2345 ad
458 2306 551 2345 Actt.
580 2308 712 2358 Apost.
744 2307 810 2358 w,

151 2366 189 2404 9.
220 2364 279 2401 Ad
306 2365 418 2402 verba
443 2361 611 2402 δύναται
641 2363 682 2403 δὲ
711 2360 811 2403 nato?

151 2436 185 2458 κ.
206 2436 238 2458 τ.
255 2423 288 2458 λ.
311 2422 405 2458 cons.
428 2421 570 2459 Herod.
594 2422 639 2467 ll,
660 2424 725 2461 30.

207 2476 248 2515 οἵ
275 2477 341 2523 δὲ,
371 2476 532 2528 ἐχινέες]
575 2478 632 2514 lta
652 2478 739 2515 dicii
763 2477 809 2514 ab

149 2534 345 2583 asperitate
372 2535 526 2584 pilorum
547 2535 664 2572 echini
686 2535 734 2571 ad
755 2535 811 2571 in-

149 2595 245 2635 star,
289 2593 328 2626 ut
351 2596 456 2628 notat
481 2591 652 2628 Bochart.
682 2590 704 2628 l.
728 2591 750 2627 l.
771 2604 808 2641 p.

152 2648 262 2687 1016
297 2644 504 2685 Aristotelis
531 2648 650 2685 citans
678 2647 810 2695 locum,

150 2703 211 2751 qui
231 2702 432 2752 Aegyptios
453 2716 574 2740 muros
595 2704 721 2741 scribit
740 2704 810 2742 du·

150 2771 211 2795 ros
229 2759 365 2796 habere
387 2758 480 2809 pilos
492 2788 504 2806 ‚
541 2767 581 2797 ut
597 2760 810 2798 herinaceos

151 2820 351 2853 terrestres.
400 2815 459 2852 Cf.
488 2815 714 2854 Beckmann.
743 2816 765 2855 l.
786 2817 809 2854 l.

150 2885 236 2922 pag.
260 2873 326 2911 61.

202 2927 415 2965 HnnoDoT.
446 2927 492 2965 ll.

321 762 519 815 Μαξύων
548 764 594 807 δὲ
625 763 807 819 Λιβύων
836 762 1035 820 Ζαύηκες
1064 763 1253 819 ἔχονται,
1292 768 1407 809 τοῖσι
1432 768 1480 810 αἱ

929 946 1069 998 γαλαῖ]
1113 946 1294 985 Mustelas
1338 947 1538 997 (lViesel)

873 1003 1026 1053 intelligi
1039 1004 1187 1054 copiosa
1205 1005 1450 1055 disputatione
1468 1005 1538 1041 do-

873 1064 931 1096 cet
961 1061 1128 1099 Perizon.
1159 1062 1207 1098 ad
1235 1059 1375 1098 Aelian.
1407 1060 1451 1097 V.
1484 1061 1535 1099 H.

872 1116 971 1164 XlV,
992 1116 1030 1156 4.
1063 1117 1181 1162 Quam
1203 1116 1391 1155 bestiolam
1411 1117 1447 1153 in
1461 1117 1536 1167 Cy-

872 1185 1090 1211 renaeorum
1134 1175 1253 1211 nuinis
1296 1174 1364 1210 sub
1404 1174 1535 1224 silphio

874 1231 1033 1280 conspici
1069 1244 1113 1268 ex
1137 1230 1287 1279 Haymii
1315 1230 1424 1268 Thes.
1454 1231 1536 1268 Bri-

873 1293 974 1323 tann.
1002 1287 1050 1324 T.
1080 1287 1113 1323 11
1140 1300 1225 1336 pag.
1260 1285 1363 1333 124,
1410 1293 1536 1326 monet

873 1342 1095 1392 W‘esseling.
1139 1343 1199 1380 Tu
1225 1344 1352 1381 confer
1369 1344 1418 1380 sis
1441 1356 1537 1392 quo-

873 1412 945 1448 que
964 1398 1156 1436 Strab.111
1180 1413 1217 1449 p.
1245 1400 1323 1440 144
1343 1412 1371 1436 s.
1394 1413 1431 1450 p.
1453 1400 1537 1441 214

872 1456 915 1492 A.
937 1455 1015 1492 coll.
1041 1469 1076 1506 p.
1101 1457 1206 1502 213,
1248 1456 1333 1502 ubi,
1373 1468 1468 1504 quae
1489 1457 1537 1495 de

872 1511 1065 1562 lepusculis
1098 1513 1236 1549 nocivis
1274 1512 1310 1548 in
1353 1512 1536 1562 Hispania

870 1574 1086 1614 narrantur,
1111 1569 1159 1604 ad
1179 1569 1214 1605 T
1217 1569 1388 1606 artessias
1407 1570 1535 1607 Hero-

870 1626 947 1662 doti
966 1624 1144 1662 mustelas
1175 1624 1273 1662 haud
1297 1626 1371 1661 scio
1401 1638 1448 1662 an
1474 1639 1534 1664 re-

869 1682 955 1719 ferri
975 1687 1122 1730 queant.
1153 1680 1350 1719 Mannerto
1371 1682 1383 1718 l
1400 1695 1435 1732 p.
1449 1683 1532 1724 224

870 1744 954 1776 sunt
981 1738 1201 1775 Kauz'nchen.
1223 1759 1280 1766 ›—
1316 1738 1377 1775 Ad
1401 1740 1532 1777 verba:

870 1792 966 1834 ὅσον
988 1793 1105 1846 ἡμεῖς
1128 1794 1369 1847 ἱστορέοντες
1390 1794 1532 1843 -ἐξι-

868 1850 1013 1891 κέσθαι
1036 1852 1133 1889 conf.
1151 1858 1244 1889 nott.
1266 1853 1313 1889 ad
1337 1851 1379 1899 ll,
1405 1855 1472 1894 29.

1036 1910 1150 1958 Cap.
1181 1909 1350 1946 CXClll.

927 1961 1127 2016 Ζαύηκες]
1160 1965 1215 2002 lta
1234 1979 1383 2015 quoque
1402 1965 1530 2015 Steph.

868 2023 957 2071 Byz.
987 2036 1016 2060 s.
1047 2036 1079 2059 v.
1109 2035 1152 2060 ex
1180 2022 1392 2069 Hecataeo,
1431 2023 1529 2060 cuius

868 2081 965 2117 conf.
995 2081 1162 2129 fragmm.
1189 2091 1274 2128 pag.
1301 2078 1380 2119 135
1403 2078 1528 2116 Klaus

867 2136 1021 2174 Rennel.
1052 2149 1139 2187 pag.
1158 2137 1239 2176 668
1263 2140 1411 2185 gentem
1437 2137 1531 2172 intra

868 2194 1005 2243 Syrtim
1022 2195 1197 2230 minorem
1218 2204 1261 2229 ac
1277 2193 1394 2229 sinum
1408 2191 1532 2229 Adru-

867 2251 955 2287 meti
984 2250 1168 2287 habitasse
1197 2248 1293 2296 vult,
1342 2262 1420 2286 cum
1450 2249 1530 2298 Zy-

867 2312 997 2356 gantes
1032 2306 1130 2355 (lv,
1162 2306 1269 2352 194)
1307 2307 1529 2344 conveniant

867 2376 948 2400 cum
993 2363 1098 2400 Plinii
1135 2362 1389 2410 zeugin-auiis,
1450 2362 1527 2400 eius

865 2419 1096 2470 provinciae,
1143 2419 1180 2456 in
1224 2432 1298 2468 qua
1339 2419 1528 2467 Carthago

866 2477 935 2514 sita
970 2478 1062 2523 fuit,
1099 2475 1237 2513 incolis.
1308 2476 1528 2524 Castiglioni

868 2534 959 2579 (vid.
980 2533 1083 2570 lahn.
1104 2531 1246 2570 Annall.
1267 2531 1365 2579 Vlll,
1390 2534 1416 2573 3
1441 2545 1528 2582 pag.

867 2588 969 2640 282)
990 2590 1156 2628 Zaueces
1178 2589 1328 2627 eosdem
1349 2601 1429 2626 esse
1451 2593 1528 2623 sta-

867 2648 939 2684 tuit
971 2653 1084 2696 atque
1112 2645 1314 2693 Zeouaglca
1343 2645 1438 2681 circa
1469 2655 1530 2680 ur-

867 2703 950 2741 bem
970 2703 1002 2740 F
1005 2717 1050 2741 ez
1069 2703 1288 2740 habitantes.

924 2763 1026 2799 τοῖσι
1057 2758 1102 2797 αἱ
1138 2760 1326 2809 γυναῖκες
1350 2769 1385 2792 κ.
1417 2769 1447 2792 τ.
1476 2753 1524 2803 L]

867 2817 978 2854 Conf.
1002 2827 1112 2865 supra
1138 2816 1232 2850 nott.
1265 2812 1313 2848 ad
1336 2811 1398 2856 IV,
1434 2811 1526 2851 183.

870 2874 962 2914 189.
1005 2871 1111 2914 Quae
1132 2870 1213 2919 ipsa
1230 2867 1278 2905 ad
1299 2867 1460 2904 fabulam
1479 2867 1527 2905 de

1202 2924 1256 2964 40

1570 782 1714 813 Zaveccs.
