1863 3256
486 171 1049 214 MELPOMENE.
1107 173 1169 212 IV.

197 283 541 340 ἀποκλινομένης
580 280 629 328 δὲ
667 286 744 340 τῆς
783 281 944 340 ἡμέρης
972 283 1144 325 ύπίεται
1174 284 1256 325 τοῦ
1283 289 1466 340 ψυχροῦ,
1479 293 1522 328 65

1377 181 1466 228 ‚601

197 357 241 407 ἐς
273 351 327 400 οὗ
358 356 505 400 δύεταί
533 372 577 399 τε
608 354 631 398 ὁ
661 354 807 411 ἥλιος,
838 355 912 398 καὶ
935 353 984 397 τὸ
1015 353 1137 408 ὕδωρ
1164 355 1329 408 γίνεται
1355 360 1470 409 χλια-

195 426 300 481 ρόν·

193 497 355 550 νύκτας
404 496 573 548 πελάζει
584 511 595 522 ·

364 427 433 470 ἐπὶ
478 426 524 469 δὲ
559 429 726 481 μᾶλλον
765 426 836 469 ι’ὀν
876 426 918 477 ές
955 427 1004 468 τὸ
1043 423 1212 481 θερμὸν
1252 424 1294 475 ές
1331 424 1464 480 μέσας

663 503 900 555 τηνικαῦτα
953 497 999 541 δὲ
1053 496 1134 549 ζέει
1185 494 1463 552 ἀμβολάδην·

165 569 484 629 6παρέρχονταί
512 584 556 612 τε
587 567 713 624 μέσαι
742 568 917 619 νύκτες,
958 568 1030 611 καὶ
1061 565 1242 623 ψύχεται
1271 566 1392 623 μέχρι
1422 567 1466 618 ἐς

192 637 267 695 ἠῶ.
329 640 551 695 ἐπίκλησιν
592 640 638 683 δὲ
679 638 846 695 αὕτηὴ
887 638 1027 695 κρήνη
1065 639 1260 682 καλέεται
1296 639 1463 682 Ἡλίου.

47 713 145 760 182
194 709 321 753 Meto?
351 710 396 753 δὲ
421 708 713 766 Ἀμμωνίους,
753 710 825 754 διὰ
852 714 928 766 τῆς
957 708 1130 767 ὀφρύης
1159 714 1235 765 τῆς
1263 708 1460 766 ψάμμου,
1473 716 1518 750 70

194 779 256 824 δι’
295 779 461 824 ἀλλέων
501 781 607 824 δέκα
645 780 841 838 ἡμερέων
881 781 1011 833 ὁδοῦ,
1050 782 1245 832 κολωνός
1282 798 1326 824 τε
1357 780 1462 833 ἁλός

192 851 282 894 ἐστι
324 850 477 907 ὁμοῖος
505 857 566 909 τῷ
595 853 848 910 Ἀμμωνίῳ,
896 853 969 896 καὶ
998 852 1144 907 ὕδωρ,
1184 854 1258 896 καὶ
1288 852 1463 908 ἄνθρω-

191 938 268 966 ποι
304 924 403 979 περὶ
433 924 570 968 αὐτόν
601 926 816 968 οἰκέουσι·

193 1045 510 1100 ἀποκλινομένης
541 1046 583 1088 δὲ
611 1051 683 1100 τῆς
702 1047 798 1101 ἦμέ-

136 1104 224 1158 ρης]
261 1107 284 1143 i.
318 1119 348 1144 e.
383 1107 439 1143 die
467 1106 516 1142 ad
545 1120 726 1153 occasum,
769 1120 797 1145 S.

135 1175 309 1212 vesperam
326 1163 540 1210 declinante,
558 1168 597 1200 ut
615 1163 677 1209 ΙΙΙ,
706 1163 798 1204 104.

134 1220 189 1257 Ac
223 1220 274 1256 sol
311 1220 347 1256 in
385 1233 564 1269 vesperam
602 1221 800 1257 inclinatus

136 1276 246 1325 vulgo
276 1277 406 1313 dicitur
441 1277 611 1324 κλίνειν,
655 1282 694 1313 ut
723 1290 801 1314 mo-

133 1334 214 1370 nuit
247 1332 420 1370 Valcken.
460 1334 574 1370 citans
612 1333 796 1372 WVetsten.

133 1389 183 1426 ad
205 1388 292 1426 Luc.
314 1390 381 1437 IX,
413 1391 476 1430 12.

191 1454 349 1495 ὑπίεται
371 1459 446 1496 τοῦ
466 1458 641 1510 ψυχροῦ]
674 1471 723 1496 sc.
751 1455 797 1498 το“

133 1508 268 1565 ’ὕδωρε
298 1516 446 1551 remittit
465 1529 559 1565 aqua
583 1516 624 1551 de
645 1528 707 1551 suo
717 1514 794 1564 fri-

132 1583 235 1620 gor-e,
273 1583 300 1606 s.
315 1571 496 1620 paulatim
513 1571 641 1620 frigus
665 1573 795 1608 minui-

133 1630 203 1663 tur.
249 1627 367 1664 Usum
391 1629 491 1665 verbi
511 1627 709 1678 ὑφίεσθαι
737 1633 795 1665 at-

131 1683 218 1732 tigit
253 1683 429 1721 Valcken.
470 1687 516 1721 ad
552 1685 644 1730 Vll,
692 1687 794 1731 1623

132 1739 238 1790 plura
271 1741 374 1777 dabit
404 1742 664 1789 W'yttenbach.
705 1740 796 1778 Ani-

133 1797 331 1834 madverss.
356 1798 403 1834 ad
426 1798 605 1835 Plutarch.
629 1798 758 1835 Moral.
778 1799 795 1835 I

133 1867 171 1904 p.
190 1851 285 1893 451.
315 1853 365 1890 Et
384 1855 478 1892 conf.
491 1855 630 1892 Herod.
652 1855 680 1899 Ι,
701 1856 794 1896 156.

133 1909 206 1956 ΙΙΙ,
235 1910 299 1950 52.
322 1932 378 1938 —-
418 1910 461 1947 In
492 1924 596 1960 seqq.
627 1925 707 1949 cum
736 1925 795 1948 re-

134 1970 247 2003 centt.
275 1967 358 2004 edd.
382 1968 468 2004 dedi
489 1966 528 2013 ἒς
553 1962 624 2015 οὗ,
662 1981 730 2018 pro
756 1967 795 2015 ἐς

134 2018 176 2069 ὅ,
207 2027 247 2059 ut
271 2036 379 2072 supra
396 2024 459 2071 IV,
480 2027 571 2065 160.
602 2024 663 2061 Ad
685 2026 795 2063 verba

133 2077 197 2118 ἐπὶ
234 2076 276 2117 δὲ
311 2082 461 2130 μᾶλλον
493 2082 589 2120 conf.
620 2086 713 2119 nott.
747 2082 796 2119 ad

131 2134 312 2183 111‚104.

192 2210 440 2265 ἀμβολάδην]
488 2215 560 2252 Pro
594 2211 796 2266 οῗναβολά-

135 2272 210 2321 δην
223 2272 500 2319 (exaestuando)
521 2286 542 2310 a
565 2273 678 2310 verbo
701 2269 795 2311 α’να-

135 2323 296 2380 βάλλειν
325 2329 384 2376 (in
414 2329 527 2365 altum
556 2331 696 2374 eiicere)
728 2330 796 2366 hoc

135 2386 205 2421 diei
238 2390 343 2422 notat
378 2386 584 2434 Schweigh.
626 2386 663 2422 in
701 2385 794 2423 Lex.

135 2440 277 2478 Herod.
311 2455 341 2480 s.
363 2455 418 2488 v.‚
451 2446 491 2479 ut
515 2444 613 2492 apud
642 2442 794 2479 Homer.

135 2496 176 2533 ll.
198 2497 298 2543 XXI,
315 2498 408 2538 364.
466 2498 599 2536 Glossa
623 2498 796 2535 Herodo-

136 2557 199 2590 tea
232 2555 382 2602 exponit
415 2550 515 2593 καθ’
551 2551 794 2605 ὕπερβολήν,

136 2622 204 2646 nee
225 2609 328 2645 aliter
345 2611 478 2648 Suidas
504 2612 519 2648 I
552 2625 587 2662 p.
611 2614 690 2653 136
713 2611 795 2649 coll.

135 2665 305 2703 Eustaih.
327 2666 375 2701 ad
401 2666 440 2702 Il.
469 2680 505 2716 p.
530 2667 658 2715 1241,
685 2667 738 2708 40
760 2672 796 2706 et

140 2724 269 2767 1331,
305 2724 377 2766 123
414 2723 509 2760 unde
529 2723 645 2762 Zeun.
664 2725 712 2761 ad
731 2725 795 2761 Vi-

138 2792 215 2827 ger.
233 2792 269 2828 p.
291 2780 373 2819 372
401 2778 658 2828 interpretatur
676 2781 792 2827 valde,

137 2847 275 2883 magna
303 2836 361 2882 vi,
396 2838 436 2871 ut
457 2829 674 2886 οἷμβολαδίς
695 2838 793 2888 apud

877 928 939 982 τῷ
970 925 1014 968 δὲ
1043 923 1171 984 χώρῳ
1203 923 1347 985 τούτῳ
1379 926 1460 969 οὔ-

856 1049 1064 1087 Callimach.
1081 1050 1117 1086 in
1127 1049 1234 1087 Dian.
1255 1051 1319 1089 61.
1346 1048 1408 1086 Cr.
1427 1061 1515 1086 con-

856 1108 927 1144 fert
954 1106 1132 1143 Matthiae
1163 1105 1432 1142 Animadverss.
1474 1106 1515 1142 in

856 1164 994 1211 Hymn.
1024 1163 1176 1200 Homer.
1208 1176 1292 1213 pag.
1316 1165 1408 1203 286.
1466 1160 1517 1199 At

858 1221 958 1269 apud
979 1219 1125 1256 Pindar.
1147 1219 1255 1257 Nem.
1276 1221 1329 1265 Χ,
1355 1222 1407 1259 62
1436 1213 1517 1269 εἷμ-

860 1271 1038 1327 βολάδαν
1059 1276 1206 1314 Dissen.
1237 1281 1333 1313 recte
1353 1276 1521 1325 exposuit

850 1332 1112 1383 praeludendo,
1155 1333 1201 1369 ab
1236 1328 1394 1382 οἷμβολή
1413 1345 1520 1381 prae-

855 1389 1001 1427 ludium.
1034 1388 1088 1426 Ac
1111 1389 1272 1438 denique
1292 1390 1339 1425 de
1357 1389 1436 1436 ipsa
1452 1389 1520 1424 ad-

853 1447 968 1483 verbii
1001 1447 1118 1483 forma
1154 1447 1250 1483 conf.
1279 1445 1443 1482 Fischer.
1470 1444 1520 1481 ad

853 1503 1000 1540 Weller.
1019 1503 1033 1539 Ι
1051 1516 1136 1553 pag.
1158 1502 1251 1541 305.
1271 1524 1327 1529 ——
1348 1501 1389 1537 In
1410 1513 1516 1550 seqq.

853 1558 1060 1609 ἐπίκλησιν
1078 1571 1151 1595 non
1166 1559 1271 1595 aliter
1294 1563 1403 1606 atque
1425 1554 1516 1595 ’ὀνο-

853 1631 907 1666 μα
954 1616 1109 1652 vocandi
1162 1615 1282 1652 verbis
1333 1614 1515 1650 additum.

853 1673 958 1710 Conf.
979 1671 1114 1709 Matth.
1136 1669 1172 1722 ἓ.
1193 1671 1275 1711 420
1292 1670 1328 1707 b.

995 1751 1106 1801 Cap.
1138 1748 1361 1789 CLXXXII.

910 1813 966 1858 δι’
996 1814 1147 1857 ἀλλέων
1184 1817 1279 1857 δέκα
1315 1814 1511 1869 ἡμερέων]

851 1874 909 1914 Ab
932 1876 1134 1913 Ammoniis
1155 1889 1182 1912 s.
1202 1875 1324 1913 Siwah
1341 1875 1514 1925 profectis

851 1946 948 1970 nunc
967 1933 1140 1970 tredecim
1166 1933 1244 1970 dies
1264 1932 1426 1969 consumi
1448 1944 1516 1967 no-

851 1994 933 2027 tant
963 1990 1032 2027 hoc
1054 1989 1090 2026 in
1117 1990 1208 2034 iter,
1250 1989 1350 2038 quod
1370 1988 1516 2025 Home-

852 2059 1027 2093 mannus,
1078 2046 1368 2095 expeditissimus
1407 2058 1516 2094 pere-

853 2104 1029 2152 grinator,
1054 2115 1171 2139 novem
1196 2102 1351 2139 absolvit
1371 2101 1513 2146 diebus,

852 2173 931 2197 cum
963 2160 1114 2207 triginta
1142 2172 1205 2196 sex
1235 2159 1403 2195 dicantur
1433 2170 1514 2194 esse

852 2216 1017 2253 milliaria
1049 2215 1307 2265 geographica.
1368 2213 1513 2251 Arabes

853 2273 1047 2321 scriptores
1076 2273 1232 2308 eandem
1257 2276 1370 2320 atque
1392 2271 1515 2307 Hero-

853 2330 962 2365 dotus
996 2328 1110 2364 decem
1144 2329 1283 2364 dierum
1307 2339 1515 2365 mensuram

852 2385 1037 2432 indicant,
1068 2397 1111 2422 ex
1138 2384 1245 2433 vulgo
1274 2388 1445 2434 recepta,
1476 2386 1518 2419 ut

852 2442 1020 2488 videtur,
1059 2442 1262 2488 sententia.
1294 2453 1367 2490 qua
1382 2441 1517 2477 decen-

852 2498 927 2535 nali
950 2511 1103 2535 numero
1127 2498 1215 2534 talia
1237 2498 1437 2534 constituta
1460 2509 1517 2532 es-

854 2558 945 2592 sent.
987 2555 1045 2591 Cf.
1072 2554 1232 2592 Heeren.
1270 2555 1384 2591 Ideen
1408 2552 1463 2596 ΙΙ,
1494 2554 1512 2590 1

852 2625 890 2663 p.
911 2614 1004 2652 222.
1037 2610 1169 2648 Ritter.
1188 2610 1306 2646 Erdk.
1326 2609 1341 2644 Ι
1358 2622 1395 2658 p.
1420 2607 1513 2647 895.

854 2669 967 2711 Quod
1002 2668 1177 2704 continuo
1212 2667 1514 2702 commemoratur

852 2724 936 2761 salis
962 2723 1085 2769 collis,
1117 2722 1255 2759 faciunt
1288 2721 1379 2764 huc,
1418 2731 1514 2766 quae

851 2782 901 2817 ad
923 2779 987 2825 IV,
1018 2781 1097 2819 181
1122 2777 1329 2815 notavimus
1349 2789 1369 2813 e
1389 2774 1513 2811 Minu-

849 2835 926 2873 tolii
942 2835 1082 2874 Diario.

1543 712 1650 746 Augila
1659 736 1667 748 7
1686 714 1770 749 regio

1536 747 1707 780 palluisera.
1740 750 1781 784 [c.

1536 780 1612 815 172]
