1863 3256
398 248 483 289 592
787 247 1252 287 HERODOTI

63 352 290 422 ἷξξξθξρηξξξξῖξξῑ·
308 351 346 380 ‘¹⁰
402 355 607 413 Δελφούς
635 355 890 400 ἀπικέσθαι·
927 357 1001 398 καί
1028 372 1124 410 μιν,
1161 354 1221 406 ὠς
1249 353 1433 398 πλέοντα
1460 355 1665 410 γενέσθαι

400 426 509 470 κατὰ
533 429 736 482 Μαλέην,
767 426 1009 479 ὑπολαβεῖν
1028 426 1191 481 ἄνεμον
1214 429 1374 483 βορῆν,
1405 427 1478 469 καὶ
1500 425 1663 484 ἀποφέ-

397 514 490 553 ρειν
515 499 625 552 πρὸς
654 497 733 552 τήν
762 495 953 551 Λιβύην·
992 497 1096 551 πρὶν
1125 496 1171 539 δὲ
1201 496 1455 540 κατιδέσθαι
1483 501 1586 554 γῆν,
1617 498 1664 541 ἐν

368 573 511 612 Ξτοῖσι
540 567 716 624 βράχεσι
744 565 947 621 γενέσθαι
977 569 1128 623 λίμνης
1157 571 1233 624 τῆς
1266 568 1541 621 Τριτωνίδος.
1589 568 1695 611 καὶὸ

399 641 443 683 οἱ
472 638 704 691 ἀπορέοντι
733 635 812 692 τὴν
841 637 1060 694 ἐξαγωγήν
1089 638 1218 694 λόγος
1236 637 1325 681 ἐστὶ
1346 642 1540 694 φανῆναι
1565 640 1663 694 Τρί-

399 724 541 757 τωνα,
580 707 655 750 καὶ
693 707 883 751 κελεύειν
913 708 992 752 τὸν
1017 707 1190 766 Ἰήσονα
1220 708 1367 768 ἑωυτῷ
1397 711 1555 753 δοῦναι
1584 710 1663 754 τὸν

398 779 605 833 τρίποδα·
654 777 852 835 φάμενόν
889 791 969 834 σφι
1004 780 1077 822 καὶ
1105 778 1184 823 τὸν
1212 779 1355 834 πόρον
1386 780 1545 833 δέξειν,
1589 782 1663 825 καὶ

370 849 630 905 ὃάπὴμονας
660 846 944 893 ἀποστελέειν.
980 850 1247 906 πειθομένου
1277 852 1323 895 δὲ
1352 855 1434 895 τοῦ
1456 849 1661 908 Ἰήσονος,
1836 862 1863 907 13

399 920 516 963 οὕτω
556 918 610 976 δή
649 919 727 964 τόν
761 937 807 965 τε
842 921 1072 965 διέκπλοον
1099 925 1188 965 τῶν
1217 921 1415 978 βραχέων
1442 921 1664 966 δεικνύναι
1677 931 1720 964 10

342 1130 559 1183 plerumque
587 1130 623 1168 in
644 1129 821 1182 Apollinis
844 1131 1004 1169 donariis

343 1201 388 1225 ae
427 1188 637 1225 muneribus
681 1189 873 1225 memorari
914 1190 1004 1225 satis

342 1247 482 1281 notum.
531 1243 640 1281 Plura
665 1243 708 1280 C.
730 1245 777 1282 Ο.
800 1244 945 1282 Miiller.
968 1244 1004 1281 in

340 1301 546 1350 Boettiger.
567 1299 725 1337 Amalth.
746 1300 795 1339 T.
821 1301 835 1338 Ι
865 1314 900 1351 p.
924 1303 1004 1342 120

344 1370 448 1407 seqq.
495 1357 616 1406 Atque
637 1356 731 1393 hune
751 1356 868 1407 ipsum
890 1359 1003 1407 tripo-

343 1414 428 1450 dem
462 1413 573 1450 literis
605 1413 763 1462 antiquis
788 1413 1002 1464 inscriptum

306 1492 309 1495 >
344 1471 444 1520 apud
466 1469 700 1518 Euesperitas
729 1482 809 1507 esse
838 1482 1002 1515 asserva—

344 1530 420 1563 tum
448 1525 550 1562 testis
581 1529 636 1562 est
663 1525 816 1562 Diodor.
838 1526 899 1572 IV,
932 1527 999 1571 56,

342 1594 412 1619 nee
453 1593 655 1625 moramur,
708 1583 808 1630 quod
847 1583 1002 1632 tripodis

345 1637 424 1674 loco
449 1637 571 1675 bacin
600 1649 639 1674 re
664 1638 869 1674 enarranda
892 1642 997 1675 crate-

345 1706 416 1731 rem
437 1694 543 1744 ponit
562 1691 782 1744 Lycophron
795 1694 1004 1740 AleX.887,

345 1751 408 1788 ubi
439 1752 535 1787 conf.
553 1749 681 1787 Tzetz.
702 1763 788 1800 pag.
818 1750 900 1792 859
925 1751 1002 1788 coll.

345 1806 465 1857 Apoll.
488 1806 609 1843 Rhod.
645 1805 708 1853 IV,
738 1806 845 1847 1548
884 1820 1003 1857 seqq„

346 1863 409 1914 qui
431 1868 468 1901 et
491 1863 570 1913 ipse
592 1863 759 1912 tripodem
777 1865 936 1913 agnovit.

405 1917 458 1966 ὥς
486 1917 656 1958 πλέοντα
685 1917 872 1971 γενέσθαι
903 1916 1002 1959 nato}

348 1974 534 2026 Μαλέην]
575 1976 596 2012 i.
621 1989 653 2013 e.
674 1988 776 2026 quum
797 1977 1004 2026 navigando

340 2035 551 2084 pervenisset
568 2031 618 2068 ad
628 2031 804 2082 Maleam,
831 2047 1006 2084 promon-

345 2090 480 2128 torium
529 2088 714 2128 Laconiae
731 2119 742 2138 ,
812 2095 1004 2128 ventorum

344 2149 679 2197 tempestatumque
724 2147 758 2183 vi
805 2147 1005 2185 famosissi-

343 2216 464 2251 mum,
502 2203 559 2240 cui
576 2214 670 2239 nunc
687 2215 820 2240 nomen
845 2203 939 2253 Capo
965 2203 1006 2240 ‹li

346 2259 403 2296 St.
423 2258 571 2309 Angel0.
632 2259 689 2295 Cf.
709 2259 895 2298 Mannert.
918 2259 1003 2296 VIII

345 2328 381 2364 p.
407 2318 489 2357 600
519 2328 594 2364 seq.
635 2319 674 2352 et
702 2316 750 2352 ad
786 2315 1002 2353 locutionem

347 2371 487 2409 Herod.
510 2372 581 2418 ΙΙΙ,
612 2370 686 2411 45:
736 2370 821 2411 ἐπεὶ
850 2387 890 2411 τε
920 2371 1001 2424 ε’γέ-

346 2441 463 2466 νοντο
491 2427 540 2466 ἐν
566 2423 779 2480 Καρπάθῳ
807 2427 1002 2476 πλέοντες.

345 2483 467 2534 Supra
506 2484 541 2529 Ι,
580 2484 634 2523 82
666 2489 783 2521 exstat
814 2486 1003 2531 Maleam

346 2551 455 2589 quam
477 2539 631 2577 eandem
655 2540 808 2577 sormam
830 2542 1002 2591 frequen-

347 2600 403 2633 tat
429 2597 563 2633 Strabo
592 2595 605 2631 Ι
635 2608 721 2644 pag.
748 2597 801 2636 25
828 2609 857 2633 s.
879 2597 932 2638 4-5
960 2599 1003 2634 Β.

348 2651 433 2689 VIII
454 2666 489 2703 p.
514 2654 598 2694 362
619 2663 648 2687 s,
670 2652 751 2691 557
770 2653 830 2697 C„
857 2653 937 2693 558
962 2654 1003 2689 B.

348 2721 385 2758 p.
407 2710 490 2751 378
512 2722 540 2746 s,
559 2709 642 2750 580
666 2707 710 2743 B.
733 2721 768 2758 p.
791 2709 873 2748 389
885 2710 1004 2749 s.597

349 2763 391 2803 A.
422 2764 513 2812 Alii,
543 2768 638 2803 teste
653 2764 842 2814 Stephano
861 2765 951 2813 Byz.
969 2779 1003 2815 p.

347 2821 427 2863 531
454 2835 531 2872 seq.
547 2850 558 2869 ,
601 2816 762 2859 Μάλεια
786 2825 822 2857 et
847 2820 1004 2869 ΙΙῙαλέα,

349 2878 448 2918 unde
486 2877 703 2917 Latinorum
740 2875 879 2915 Malea.
946 2877 1005 2916 De

1062 1144 1135 1181 quo
1155 1133 1199 1170 cf.
1223 1132 1353 1169 Wasse
1370 1129 1419 1166 ad
1437 1129 1603 1180 Thucyd.
1619 1129 1720 1179 VIII,

1061 1190 1129 1236 39,
1141 1189 1246 1239 etqui
1259 1186 1363 1239 plura
1373 1187 1493 1224 attulit
1505 1187 1721 1225 Tzschucke

1061 1247 1110 1283 ad
1132 1246 1261 1295 Pomp.
1291 1243 1378 1281 Mel.
1401 1242 1455 1290 ΙΙ,
1489 1247 1537 1291 3,
1569 1245 1594 1283 8
1628 1248 1721 1280 nott.

1062 1316 1191 1352 exegg.
1218 1301 1294 1338 Vol.
1313 1300 1362 1337 III
1386 1299 1427 1336 P.
1447 1300 1479 1337 ΙΙ
1499 1314 1534 1351 p.
1557 1301 1721 1341 293.—

1061 1358 1118 1396 Ad
1149 1355 1368 1406 οἷποφὲρειν
1404 1357 1500 1393 conf.
1532 1357 1604 1403 IV,
1641 1357 1720 1397 103

1061 1415 1148 1463 ibiq.
1165 1419 1260 1452 nott.
1281 1414 1418 1450 Boreae
1437 1418 1555 1450 autern
1582 1413 1661 1449 loco
1683 1413 1720 1448 in

1059 1471 1114 1507 his
1143 1473 1263 1521 potius
1286 1471 1422 1507 Eurum
1449 1469 1523 1507 sive
1544 1468 1719 1505 Subsola-

1058 1540 1144 1563 num
1166 1526 1450 1577 exspectandum
1479 1526 1612 1571 fuisse,
1644 1537 1718 1574 quo

1062 1583 1166 1632 Argo
1188 1584 1224 1620 in
1244 1582 1475 1620 Tritonidem
1491 1582 1601 1619 fuerit
1621 1593 1718 1618 com-

1059 1641 1188 1689 pulsa,
1229 1643 1356 1676 monet
1383 1637 1539 1675 Rennel.
1567 1651 1603 1688 p.
1623 1638 1718 1678 681.

1060 1695 1116 1732 Ac
1148 1696 1267 1733 Borea
1312 1696 1349 1731 in
1385 1694 1558 1732 maiorem
1596 1694 1719 1744 potius

1060 1753 1197 1802 Syrtim
1234 1752 1401 1789 Iasonem
1439 1751 1602 1800 oportuit
1637 1749 1720 1800 pul-

1060 1822 1138 1846 sum
1169 1821 1279 1857 quam
1308 1810 1343 1845 in
1373 1807 1568 1853 minorem,
1613 1812 1652 1843 ut
1675 1806 1719 1843 C.

1060 1866 1107 1903 O.
1141 1865 1294 1903 Miillero
1333 1864 1468 1915 placuit
1501 1862 1720 1901 Orchomen.

1059 1936 1096 1973 p.
1122 1920 1215 1962 354.
1263 1920 1311 1958 At
1330 1921 1392 1970 qui
1410 1933 1557 1957 ommno
1580 1921 1616 1957 in
1637 1918 1720 1956 tali-

1063 1979 1128 2015 bus
1151 1979 1272 2015 omnia
1292 1982 1366 2014 tam
1394 1981 1562 2014 accurate
1583 1977 1632 2013 ad
1656 1988 1719 2013 ve-

1061 2047 1138 2071 rum
1161 2046 1332 2084 expressa
1353 2031 1608 2083 exspectabit?
1638 2031 1718 2069 Nec

1061 2091 1130 2128 alio
1177 2090 1359 2142 pertinere
1399 2090 1567 2136 credam,
1618 2088 1719 2138 quod

1061 2147 1188 2185 Ulixes
1222 2160 1243 2184 a
1272 2146 1393 2183 Borea
1420 2146 1457 2182 in
1495 2158 1595 2183 mare
1624 2144 1719 2181 occi-

1061 2203 1210 2242 dentale
1226 2203 1446 2248 detruditur,
1463 2202 1525 2239 ubi
1543 2202 1591 2240 de
1605 2201 1718 2245 Euro,

1060 2261 1123 2309 qui
1146 2273 1218 2298 una
1237 2273 1315 2297 cum
1335 2260 1456 2296 Borea
1478 2271 1605 2295 navem
1631 2270 1719 2306 ege-

1060 2318 1118 2364 rit,
1142 2317 1401 2365 cogitandum3
1432 2315 1527 2352 conf.
1548 2313 1716 2351 Volcker.

1059 2373 1209 2410 Homer.
1231 2374 1370 2421 Geogr.
1402 2385 1438 2421 p.
1471 2373 1550 2410 110
1573 2369 1651 2406 coll.
1681 2382 1716 2419 p.

1060 2429 1125 2470 75.
1150 2432 1216 2470 79.
1242 2451 1292 2456 —
1332 2426 1391 2464 Ad
1418 2423 1465 2465 τᾶ
1499 2422 1646 2476 βράχεα
1671 2426 1717 2462 cf.

1060 2485 1108 2529 ΙΙ,
1136 2488 1227 2526 102.
1262 2484 1437 2521 sudorum
1463 2478 1584 2519 brevia
1609 2481 1720 2519 habet

1061 2541 1160 2579 Mela
1181 2541 1210 2587 I,
1237 2543 1275 2586 7,
1297 2540 1350 2580 24
1375 2538 1453 2576 coll.
1476 2539 1599 2588 virgil.
1624 2536 1717 2576 Aen.

1062 2598 1091 2643 1,
1114 2599 1205 2642 111,
1230 2597 1291 2633 ubi
1309 2596 1475 2633 Servius:
1507 2596 1713 2642 „brevia-

1062 2654 1199 2689 vadosa
1222 2653 1323 2698 dicit,
1352 2665 1417 2702 per
1437 2664 1532 2701 quae
1551 2652 1634 2688 vadi
1653 2663 1719 2702 pe-

1062 2709 1168 2746 dibus
1190 2710 1365 2758 potest;“
1401 2714 1457 2745 et:
1487 2708 1643 2755 ‚,Vada,
1671 2703 1719 2745 τά

1063 2764 1255 2815 βραχέα.“
1304 2764 1460 2802 Plurima
1489 2778 1584 2802 nunc
1619 2763 1720 2800 dabit

1062 2822 1111 2858 ad
1140 2821 1260 2859 Melae
1292 2821 1409 2858 Iocum
1440 2820 1646 2858 Tzschuck.
1683 2819 1719 2856 in

1062 2882 1155 2916 nott.
1174 2891 1305 2928 exegg.
1324 2891 1360 2929 p.
1387 2877 1478 2919 184.
1502 2877 1592 2918 185-
