1946 3272
561 282 910 322 THALIA.
969 283 1034 321 ΙΙΙ.
1359 291 1440 329 133

164 396 484 453 πειρεωμένοισι
514 390 791 437 ἀνακτᾶσθαι
820 392 902 449 τήν
931 391 1090 448 ἀρχήν·
1149 392 1203 435 τὰ
1232 393 1329 437 τότε
1358 395 1439 438 οὐκ

165 465 467 521 ἐνεδεκόμεθα,
529 461 626 507 ἄλλ’
666 465 735 507 ἐπὶ
782 466 972 520 διαβολῇ
1024 463 1259 518 ἐδοκέομεν
1310 467 1497 508 sensivae

133 535 409 594 3Καμβύσεα.
470 537 574 576 Νῦν
604 529 667 576 ὦν
696 535 870 588 τίθεμαι
906 539 1062 591 ψῆφον
1091 536 1326 578 πείθεσθαι
1356 540 1441 578 Δα-

161 611 280 666 ρείῳ,
310 607 384 650 καὶ
409 604 467 661 μὴ
499 605 759 649 διαλύεσθαι
790 608 836 650 ἐκ
866 609 946 648 τοῦ
978 604 1198 660 συλλόγου
1219 608 1348 649 τοῦδε
1371 605 1441 649 ἄλ-

158 684 258 722 λοθι
298 676 444 727 ἰόντας
487 677 516 732 ἠ
565 677 633 719 ἐπὶ
687 677 767 721 τόν
817 676 983 732 Μάγον
1031 678 1215 727 ἰθέως.“

156 747 245 793 εἶπε
281 747 514 804 Γωβρύης·
576 749 649 791 καὶ
678 748 834 799 πάντες
863 752 1002 791 ταῦτα
1033 751 1195 792 αἴνεον.

262 817 334 862 Ἐν
366 813 401 874 ᾧ
431 820 477 862 δὲ
501 814 627 862 οὗτοι
656 824 795 863 ταῦτα
823 818 1140 875 ἐβουλεύοντο,
1173 820 1338 874 ἐγίνετο
1362 837 1436 862 κα·
1497 832 1598 871 Magis
1620 834 1775 872 postulan-

153 889 205 934 τα
237 894 471 948 συντυχίην
500 890 615 935 τάδε.
682 894 805 933 Τοῖσι
837 889 1037 945 Μάγοισι
1073 890 1190 942 ἔδοξε
1222 893 1440 946 βουλευο-
1499 866 1584 946 121ιέιὲ
1597 873 1757 902 recepem.

152 961 322 1017 μένοισι
354 961 622 1018 Πρηξάσπεα
653 964 786 1017 φίλον
815 961 1116 1015 προσθέσθαι,
1161 962 1229 1006 ὅτι
1258 978 1303 1005 τε
1333 961 1468 1005 ἐπε-2

153 1031 315 1077 πόνθεε
352 1033 465 1089 πρὸς
496 1033 743 1089 Καμβύσεω
777 1032 990 1087 ἀνάρσια,
1043 1032 1093 1083 ὅς
1123 1035 1167 1075 οἵ
1196 1033 1273 1076 τὸν
1303 1036 1439 1077 παῖδα

153 1103 360 1157 τοξεύσας
399 1104 686 1149 ἀπολωλέκεε·
746 1105 821 1148 καὶ
861 1103 974 1148 διότι
1019 1108 1185 1159 μοῦνος
1226 1102 1470 1160 ἠπίστατο5

155 1176 233 1221 τὸν
263 1174 482 1232 Σμέρδιος
511 1180 592 1219 τοῦ
624 1174 783 1229 Κύρου
813 1176 1033 1224 θάνατον,
1076 1174 1329 1231 αὐτοχειρίῃ
1360 1191 1437 1230 μιν

152 1247 386 1298 ἀπολέσας·
442 1245 553 1299 πρὸς
584 1244 627 1289 δ’
664 1247 748 1297 ἔτι,
779 1245 909 1289 ἐόντα
939 1246 986 1289 ἐν
1017 1248 1119 1304 αἴνῃ
1149 1249 1328 1303 μεγίστῃ
1358 1246 1438 1290 τὸν

124 1318 422 1376 ΞΠρηξάσπεα
447 1318 494 1361 ἐν
511 1317 721 1375 Πέρσῃσι.
780 1317 951 1361 τούτων
982 1317 1036 1375 δή
1065 1335 1141 1374 μιν
1173 1320 1338 1362 εἵνεκεν
1361 1335 1435 1361 κα-

152 1391 352 1441 λέσαντες
381 1390 514 1445 φίλον
542 1391 892 1444 προσεκτὲωντο,
922 1390 1042 1433 πίστι
1067 1405 1112 1433 τε
1137 1387 1345 1446 λαβόντες
1363 1389 1438 1432 καὶ

1293 682 1441 720 Ταῦτα

1497 797 1576 829 Quid
1609 798 1774 834 Prexaepeq

33 813 99 858 74

97 1566 278 1616 scriptura
305 1567 419 1603 oratio
440 1579 513 1603 non
537 1568 625 1603 satis
653 1565 765 1616 plena

94 1623 264 1669 videtur,
304 1624 443 1673 quippe
463 1624 640 1660 infinitivo
662 1624 764 1660 verbi

95 1680 282 1716 cuiusdam
337 1680 532 1718 deficiente
586 1681 635 1718 ad
680 1679 762 1717 illa:

96 1731 183 1775 ἄλλ’
214 1732 356 1783 ἰόντας.

276 1794 383 1841 Cap.
415 1793 582 1830 LXXIV.

152 1847 280 1901 πρός
327 1845 359 1888 δ’
405 1849 471 1889 ἔτι
495 1879 506 1897 ,
564 1844 680 1888 ἐόντα
720 1847 763 1887 ἐν

96 1907 213 1960 αἴνῃ
269 1905 512 1960 μεγίστῃ]
594 1906 762 1944 Celerem

93 1964 268 2000 orationis
292 1965 484 2000 transitum
506 1975 527 1999 a
549 1963 658 2000 verbo
679 1962 762 1999 smi-

93 2024 132 2057 to
162 2016 252 2071 (ὅτι
283 2035 323 2059 τε
354 2016 579 2060 ἐπεπόνθεε
614 2042 663 2046 -
693 2018 760 2057 καὶ

94 2072 194 2116 διότι
217 2099 274 2104 -
293 2073 484 2128 ἠπίστατο
513 2098 569 2103 -
595 2072 696 2127 πρός
727 2071 760 2115 δ’

95 2133 170 2181 ἔτι,
202 2129 342 2183 ἐόντα)
374 2136 411 2172 in
439 2134 668 2184 participium
692 2134 760 2170 ob-

94 2192 252 2228 servavit
271 2191 408 2229 Matth.
431 2192 497 2228 Gr.
520 2191 586 2227 Gr.
612 2188 649 2240 ξ
662 2192 758 2238 631,

93 2247 120 2288 4
141 2261 177 2298 p.
200 2250 327 2296 1300,
357 2254 397 2285 ut
417 2249 563 2285 minime
586 2260 678 2298 opus
698 2247 758 2294 sit,

92 2318 173 2341 cum
194 2305 339 2354 Steger.
362 2305 522 2342 I'raesat.
553 2317 639 2354 pag.
672 2304 759 2340 XIV

94 2366 220 2398 contra
256 2362 473 2412 scriptorum
509 2361 683 2397 librorum
716 2360 759 2396 fi-

94 2418 176 2455 dem
194 2447 206 2466 ,
253 2419 363 2456 edere
412 2414 508 2467 πρός
551 2415 592 2456 δὲ
612 2446 624 2463 ,
672 2413 757 2456 ἅτε

94 2471 217 2513 ἐόντα.
263 2474 368 2513 Solet
388 2480 510 2512 autem
531 2474 671 2512 Noster
692 2487 758 2511 vo-

93 2530 193 2568 culae
213 2528 313 2583 πρός
330 2532 430 2569 haud
446 2546 528 2569 raro
548 2532 600 2568 sic
619 2532 757 2569 addere

94 2587 302 2635 particulam
328 2587 393 2627 ἔτι.
442 2589 541 2635 Vid,
563 2601 610 2625 ne
637 2589 756 2638 plura,

95 2642 158 2688 111,
189 2644 239 2685 65
268 2645 329 2681 fin.
352 2646 440 2695 ibiq.
470 2650 564 2683 nott.
621 2645 755 2682 Similis

95 2698 172 2735 sere
192 2702 361 2739 transitus
383 2716 426 2739 ex
450 2703 561 2740 verbo
589 2702 690 2738 finito
717 2701 755 2738 in

95 2754 273 2793 infinitum
293 2758 356 2805 ΙΙΙ,
380 2759 455 2800 75:
487 2757 554 2797 καὶ
577 2756 627 2809 δή
651 2757 756 2810 ἔλεγε

95 2807 163 2849 τὸν
194 2808 285 2861 μὲν,
324 2812 377 2861 ω”ς
409 2837 465 2843 —
497 2811 756 2863 ἀποκτείνειε,

94 2862 191 2912 τούς
227 2864 398 2919 Μάγους
435 2869 477 2911 δὲ
516 2868 754 2924 βασιλεύειν.

94 2922 194 2962 Add.
212 2924 276 2972 ΙΙΙ,
294 2926 358 2966 87.
380 2933 435 2955 -’-
453 2927 693 2968 Loeutionem
713 2927 756 2969 ἐν

823 1564 917 1621 αἴνῃ
958 1566 1119 1621 μεγίστῃ
1165 1561 1269 1605 εἶναι
1311 1564 1493 1612 (omnium

823 1624 992 1661 laudibus
1008 1624 1106 1674 ferri
1111 1654 1124 1670 ,
1154 1625 1307 1660 maximo
1327 1624 1364 1658 in
1385 1622 1492 1658 Ιιοηο-

822 1694 858 1718 τε
880 1683 969 1730 esse)
991 1682 1183 1718 illustravit
1201 1679 1422 1727 IVesseling.
1436 1678 1491 1715 his

820 1738 931 1776 locis:
957 1738 1056 1784 VIII,
1078 1740 1170 1779 112.
1214 1735 1359 1774 Arrian.
1380 1736 1490 1773 lndd.

822 1797 888 1834 27.
938 1794 1038 1831 Add.
1069 1794 1134 1840 IX,
1170 1795 1231 1833 16.
1293 1793 1492 1830 Caeterum

822 1863 918 1899 quae
945 1852 979 1887 h.
1001 1850 1022 1887 l.
1056 1850 1103 1887 de
1128 1850 1312 1899 Praxaspe
1338 1861 1492 1886 narran-

820 1913 899 1954 tur,
939 1908 1070 1945 eodem
1100 1907 1289 1956 pertinere
1313 1905 1491 1955 suspicor,

820 1977 893 2012 quo
915 1964 1067 2001 Ctesiae
1095 1967 1246 2000 narrata
1277 1962 1489 2012 (Excerptt.

818 2020 940 2057 Perss,
960 2019 997 2071 ἓ,
1016 2022 1088 2066 13)
1112 2020 1159 2057 de
1180 2019 1355 2065 babuto,
1385 2019 1448 2068 qui
1469 2031 1490 2055 e

816 2077 970 2114 Perside
992 2078 1166 2124 veniens,
1197 2077 1296 2113 omni
1318 2076 1489 2113 exercitui

816 2147 893 2171 rem
914 2133 1085 2183 vuigasse
1109 2138 1145 2171 et
1164 2133 1336 2169 conviciis
1353 2133 1390 2169 in
1411 2144 1490 2169 ma-

817 2204 903 2239 gum
924 2191 1114 2237 coniectis,
1147 2190 1184 2226 in
1206 2189 1382 2239 templum
1400 2201 1489 2226 con-

816 2248 955 2296 fugisse
976 2248 1126 2294 dicitur,
1165 2247 1264 2284 unde
1283 2250 1488 2297 protractus

815 2305 937 2356 periit.

874 2361 983 2399 πίστι
1017 2374 1058 2399 τε
1094 2355 1286 2410 λαβόντες
1321 2357 1389 2397 καὶ
1422 2355 1486 2410 ὅρ-

816 2415 956 2467 κίοισι]
979 2417 1001 2453 i.
1015 2430 1048 2454 e.
1061 2417 1142 2467 fide
1153 2417 1242 2453 data
1262 2420 1294 2452 et
1306 2417 1482 2453 iuramen-

817 2477 864 2511 tis
879 2488 955 2511 eum
968 2475 1237 2522 obstringentes,
1249 2473 1358 2524 plane
1369 2478 1409 2510 ut
1421 2473 1486 2519 IX,

818 2534 921 2572 106:
961 2531 1071 2570 πίστι
1101 2525 1389 2581 καταλαβόντες
1417 2528 1486 2568 καὶ

816 2586 984 2639 ὁρκίοισι
1032 2591 1069 2625 et
1108 2588 1209 2638 apud
1245 2587 1401 2637 Procop.
1439 2586 1484 2623 B.

816 2645 929 2682 Goth.
951 2645 980 2692 Ι,
1005 2647 1068 2685 11.
1105 2645 1202 2681 Hist.
1223 2644 1308 2681 Arc.
1327 2646 1366 2683 2.
1408 2643 1484 2679 Zo-

814 2703 893 2739 sim.
911 2701 976 2749 IV,
994 2703 1061 2742 26.
1095 2701 1203 2745 Quae
1225 2704 1312 2752 apte
1331 2699 1486 2751 protulit

813 2758 1040 2807 IVesseling.
1077 2763 1206 2795 contra
1241 2757 1484 2801 Gronovium,

813 2816 869 2853 cui
900 2815 1089 2866 placuerat
1124 2815 1274 2860 πίστις
1306 2812 1482 2863 quemad-

813 2872 964 2910 modum
985 2871 1174 2909 Mediceus
1204 2872 1296 2908 liber
1322 2868 1481 2913 exhibet,

813 2929 871 2967 cui
890 2928 1143 2967 Florentinum
1167 2939 1315 2977 quoque
1335 2928 1372 2962 et
1391 2924 1482 2961 duos
