1863 3256
480 203 564 244 302

452 315 473 352 4
483 310 640 368 λόγους
684 309 933 356 ἀπικέσθαι.

877 204 1346 244 HERODOTI

1001 316 1074 358 καὶ
1119 318 1281 359 τοῦτον
1329 314 1408 370 μὲν
1460 312 1746 369 ἐντεταμένως

482 381 812 440 ἅμφισβητέειν·
863 384 966 434 τούς
998 386 1044 429 δὲ
1082 385 1385 442 προσήκοντας
1414 388 1475 439 τῷ
1504 389 1647 444 νεκρῷ
1675 385 1746 429 ἐπὶ

479 453 528 498 τὸ
567 452 787 510 κναφήϊον
826 460 1049 510 παρεῖναι,
1097 456 1272 511 ἔχοντας
1301 454 1354 497 τὰ
1382 455 1636 512 πρόσφορα,
1687 454 1747 507 ὥς

453 532 474 565 5
487 524 876 580 ἀναιρησομένους.

949 524 1229 580 ἀνοιχθέντος
1275 526 1321 569 ὁὲ
1369 530 1449 570 τοῦ
1495 524 1741 582 οἰκήματος,
1758 532 1803 566 35

482 596 584 639 οὔτε
632 599 851 638 τεθνεῶτα
900 594 1001 639 οὔτε
1047 599 1185 648 ζῶντα
1232 598 1469 652 φαίνεσθαι
1514 595 1746 653 Ἀριστέην.

451 666 586 721 ὅμετοὶ
617 666 686 718 δὲ,
728 665 900 723 ἑβδόμῳ
940 667 1024 709 ἔτεϊ
1060 666 1254 722 φανέντα
1295 665 1433 712 αὐτόν
1471 669 1513 720 ἐς
1545 667 1744 722 Προκόν-

478 747 637 792 νησον,
667 741 847 793 ποιῆσαι
868 737 920 780 τὰ
941 738 1042 781 ἔπεα
1070 742 1208 781 ταῦτα
1234 738 1286 781 τά
1307 743 1392 782 νῦν
1417 739 1497 783 ὑπ’
1525 738 1744 795 Ἑλλήνων

475 805 736 862 Ἀριμάσπεα
778 810 975 852 καλέεται
987 823 997 832 ·

1048 808 1291 864 ποιήσαντα
1329 809 1397 862 δὲ,
1443 810 1745 866 ἀφανισθῆναι

478 877 528 920 τὸ
559 877 777 933 δεύτερον.
835 882 973 922 ταῦτα
1013 878 1091 933 μὲν
1130 881 1175 921 αἱ
1215 878 1362 930 πόλιες
1401 876 1528 924 αὗται
1558 881 1802 937 λέγουσι.40

477 1085 740 1139 ἐντεταμένως
775 1085 1079 1140 οἷμφισβητέειν]

421 1144 480 1183 Cf.
509 1148 601 1182 nott.
631 1146 680 1182 ad
702 1145 764 1193 lv,
788 1149 836 1187 11
867 1152 904 1184 et
934 1147 970 1183 in
994 1160 1082 1197 pro-

421 1201 518 1238 xime
549 1213 630 1251 sqq.
660 1202 708 1238 ad
734 1206 952 1240 structuram
981 1202 1082 1240 verbi

420 1260 606 1308 παρεῖναι
633 1260 729 1296 conf.
757 1263 847 1296 nott.
879 1260 926 1296 ad
957 1259 984 1305 l,
1014 1262 1082 1305 21,

420 1310 468 1352 τα)
504 1309 714 1365 πρόσφορα
746 1315 853 1362 dicit,
899 1328 1084 1365 quaecun-

421 1382 494 1420 que
512 1372 717 1409 necessaria
737 1372 993 1419 (instrumenta
1013 1371 1080 1420 sc.)

420 1427 496 1464 sive
507 1431 592 1477 apta
610 1432 694 1465 sunt
711 1429 758 1465 ad
778 1429 932 1466 cadaver
951 1428 1083 1466 tollen-

419 1483 518 1520 dum.
558 1484 616 1521 Cf.
637 1484 717 1532 Vll,
740 1488 804 1527 20.

477 1538 655 1588 φανέντα
681 1537 805 1580 αὐτόν
834 1539 875 1588 εἷς
900 1536 1079 1592 Προκόν-

419 1595 563 1646 νησον]
610 1596 671 1634 De
700 1611 769 1635 usu
800 1598 1080 1648 praepositionis

420 1651 459 1698 ἐς
478 1653 574 1690 conf.
596 1653 732 1690 Matth.
747 1655 812 1691 Gr.
833 1654 899 1691 Gr.
928 1653 964 1706 ἓ.
985 1654 1079 1700 578,

421 1710 446 1748 3
480 1722 565 1759 pag.
593 1712 714 1751 1142·
754 1711 815 1748 Tu
840 1712 926 1748 add.
957 1711 1001 1758 V,
1025 1712 1079 1751 30

420 1766 456 1802 in
481 1766 565 1812 fin.·‚
602 1771 640 1804 et
660 1768 710 1804 ad
729 1768 841 1805 verba
865 1780 968 1817 seqq.
993 1782 1081 1805 ποι·

420 1824 517 1872 ἧσαι
546 1837 594 1861 τα
625 1822 719 1862 ἔπεα
741 1828 836 1861 nott.
864 1825 912 1861 ad
931 1824 992 1871 1V,
1017 1826 1078 1864 13.

474 1873 719 1930 Ἀριμασπεα
747 1878 942 1932 καλέεται]
981 1880 1080 1917 Tze-

421 1938 500 1973 tzes
539 1935 619 1973 loco
645 1950 757 1988 supra
790 1937 938 1974 laudato
970 1936 1082 1975 habet

418 1985 679 2043 Ἀριμάσπια,
710 1994 893 2042 Origenes
920 1988 1080 2044 Ἀριμοῖ-

422 2059 549 2087 σπεια.
596 2050 765 2087 Meminit
793 2050 920 2087 horum
952 2051 1080 2087 carmi-

420 2116 506 2142 num
525 2106 660 2143 Strabo
684 2106 699 2143 I
730 2119 815 2157 pag.
835 2109 885 2147 21
908 2119 935 2143 s.
959 2106 1014 2148 40
1033 2106 1079 2144 A.

419 2160 505 2197 XIII
529 2175 567 2212 p.
587 2163 668 2203 589
689 2176 717 2199 s.
737 2165 815 2204 881
841 2164 898 2209 Α.,
916 2163 1078 2213 itemque

417 2216 576 2255 Pausan.
598 2219 626 2265 Ι,
644 2219 711 2263 24,
733 2222 780 2266 6,
813 2220 875 2256 ubi
894 2221 1076 2269 quaedam

416 2273 464 2310 de
487 2280 705 2323 argumento
735 2277 955 2322 carminum,
997 2277 1077 2325 qui-

416 2329 484 2366 bus
503 2333 650 2368 omnino
671 2337 831 2369 veterum
849 2333 962 2369 famas
981 2333 1076 2370 anti-

414 2387 605 2435 quissimas
639 2389 687 2425 de
719 2389 930 2437 regionibus
957 2389 1076 2426 orien-

413 2441 546 2479 talibus
567 2456 609 2480 ac
626 2444 971 2493 septentrionalibus
988 2458 1074 2481 con-

415 2502 535 2536 tentas
559 2500 670 2537 fuisse
690 2501 879 2548 coniicias,
913 2501 1073 2550 itemque

415 2554 512 2592 bella
537 2557 739 2605 antiquitus
767 2562 873 2605 gesta
900 2556 954 2593 his
984 2558 1072 2607 ipsis

416 2612 452 2648 in
476 2612 708 2661 regionibus,
739 2618 777 2649 ut
798 2626 817 2650 e
834 2613 968 2650 Ritteri
989 2626 1073 2651 sen-

418 2669 533 2705 tentia
571 2670 774 2706 monuimus
812 2670 859 2705 ad
900 2670 970 2716 IV,
1009 2672 1071 2709 13.

417 2723 576 2762 Exstant
613 2726 761 2775 quidem
792 2726 890 2775 apud
918 2724 1074 2775 Longin.

417 2779 476 2818 De
493 2781 634 2819 sublim.
654 2786 743 2819 sect.
764 2782 797 2818 X
811 2811 822 2828 ‚
847 2783 873 2821 4
910 2782 1072 2819 nonnulli

417 2849 539 2874 versus
587 2850 630 2875 ex
676 2838 896 2889 Arimaspeis
943 2839 1069 2876 ducti:

354 947 417 991 15
483 948 593 991 Τάδε
623 948 669 992 δὲ
700 947 800 993 οἶδα
830 951 1202 993 Μεταποντίνοισι
1234 955 1347 994 τοῖσι
1385 950 1431 994 έν
1452 949 1608 1010 Ἰταλίῃ
1640 965 1743 1009 συγ-

1137 1102 1232 1139 quos
1251 1093 1374 1127 tamen
1396 1102 1418 1127 a
1439 1092 1651 1141 posterioris
1669 1090 1800 1130 aetatis

1138 1146 1284 1183 homine
1319 1147 1422 1183 {ictos
1449 1160 1530 1186 esse
1563 1149 1799 1186 contendunt.

1138 1202 1222 1240 Vid.
1261 1203 1309 1239 G.
1348 1202 1375 1239 1.
1413 1204 1518 1241 Voss.
1560 1204 1618 1243 De
1654 1205 1799 1242 historr.

1141 1259 1271 1297 Graec.
1292 1260 1355 1306 IV,
1378 1262 1417 1306 2,
1449 1273 1522 1310 quo
1554 1262 1683 1299 eodem
1712 1274 1798 1298 usus

1140 1320 1198 1352 est
1214 1315 1384 1353 Schultze
1405 1317 1442 1353 in
1463 1318 1599 1367 Appar.
1622 1323 1688 1355 etc.
1706 1331 1741 1368 p.
1760 1317 1798 1358 5.

1140 1371 1266 1421 Atque
1295 1372 1374 1421 ipse
1400 1372 1531 1410 Ritter.
1561 1373 1730 1411 Vorhalle
1760 1387 1797 1424 p.

1139 1430 1220 1469 278
1266 1428 1355 1465 hacc
1385 1428 1600 1480 Arimaspea
1639 1430 1799 1468 carmina

1138 1485 1333 1522 Herodoto
1383 1486 1531 1535 quidem
1587 1487 1798 1537 antiquiora

1139 1554 1219 1579 esse
1243 1542 1407 1590 quamvis
1426 1544 1642 1590 concedens,
1668 1556 1689 1580 a
1707 1556 1799 1594 poe-

1137 1602 1176 1634 ta
1204 1598 1364 1646 quodam
1393 1600 1596 1650 conscripta
1615 1604 1721 1650 putat
1742 1600 1798 1637 iu-

1137 1655 1261 1700 niore,
1308 1652 1558 1704 Apollinisque
1592 1656 1796 1703 sacerdote,

1136 1711 1283 1747 minime
1295 1723 1379 1747 vero
1397 1712 1443 1748 ab
1467 1712 1717 1762 antiquissimo
1737 1712 1796 1750 illo

1137 1767 1284 1804 Ariste&
1297 1767 1343 1814 (s.
1357 1768 1548 1816 Buddha),
1565 1769 1664 1806 cuius
1683 1769 1796 1820 ipsius

1137 1825 1302 1861 doctrina
1336 1836 1382 1861 ne
1414 1824 1551 1862 illibata
1578 1826 1725 1875 quidem
1758 1825 1796 1862 in

1138 1880 1229 1917 haec
1240 1879 1450 1930 ArImaspea
1467 1882 1662 1919 transierit.
1688 1882 1796 1926 Quae

1137 1937 1217 1987 ipsa
1247 1938 1411 1986 quamvis
1448 1938 1506 1975 vix
1541 1938 1796 1987 intelligibilia,

1138 1993 1283 2030 maximi
1312 1994 1503 2031 aestimata
1536 1994 1648 2033 fuisse
1678 2007 1699 2032 a
1728 2007 1795 2045 po-

1137 2050 1300 2087 sterioris
1318 2051 1448 2088 aetatis
1466 2051 1714 2101 scriptoribus,
1727 2064 1795 2089 nec

1137 2119 1226 2143 sane
1268 2107 1514 2154 Graecorum,
1571 2107 1794 2146 Milesiorum
1826 2155 1828 2159 ,

1136 2163 1298 2213 inprimis
1325 2163 1534 2201 colonorum
1558 2164 1634 2202 sive
1656 2176 1794 2202 merca-

1135 2224 1254 2256 torum
1290 2233 1333 2256 ex
1375 2233 1439 2258 ore
1482 2221 1630 2258 ssuxisse
1664 2220 1790 2257 videri.

1133 2276 1227 2313 Utut
1248 2276 1376 2312 statuis
1389 2305 1400 2323 ,
1431 2277 1513 2313 hinc
1533 2289 1680 2325 quoque
1700 2275 1789 2312 satis

1132 2332 1355 2380 intelligitur,
1386 2337 1614 2382 quantopere
1631 2332 1791 2381 antiqui-

1133 2392 1191 2424 tus
1219 2390 1382 2425 floruerit
1411 2389 1665 2425 commercium
1696 2389 1790 2426 inter

1131 2444 1293 2481 Graecos
1313 2444 1421 2481 Ponti
1440 2444 1580 2481 accolas
1591 2444 1790 2494 Asiamque

1130 2499 1342 2537 orientalem
1373 2506 1410 2538 et
1429 2501 1647 2539 interiorem.
1706 2501 1790 2538 Mo-

1130 2557 1208 2592 nuit
1244 2556 1405 2594 Heervn.
1431 2557 1543 2595 ldeen
1575 2563 1642 2595 etc.
1679 2558 1718 2606 l,
1762 2561 1790 2599 2

1129 2625 1215 2662 pag.
1245 2614 1339 2653 286.

1352 2669 1463 2720 Cap.
1493 2669 1571 2707 XV.

1171 2726 1512 2765 ἉῙεταποντίνοισι
1529 2730 1629 2766 τοῖσι
1647 2725 1688 2766 ἐν
1697 2722 1784 2765 Ἰτα-

1127 2781 1209 2836 λίῃ]
1250 2784 1342 2819 Cum
1375 2782 1632 2834 Metapontum
1657 2783 1786 2833 (quam

1129 2839 1306 2876 Graeciae
1321 2851 1476 2889 magnae
1494 2841 1621 2878 urbem
1641 2839 1787 2891 amplis-
