1863 3256
402 272 486 312 622
526 239 531 243 ·

790 268 1251 310 HERODOTl

377 386 402 420 2
412 378 599 436 μέγαθος
618 379 662 423 δὲ
677 379 726 422 τὸ
743 379 904 434 θηρίον
922 380 1052 419 τοῦτο
1069 376 1177 420 κατὰ
1194 378 1306 432 βοῦν
1325 376 1428 419 ἐστί·
1458 376 1531 419 καὶ
1544 378 1646 432 βασ-

405 449 547 504 σάρια,
567 451 638 493 καὶ
655 450 814 497 ὕαιναι,
834 447 907 490 καὶ
926 446 1131 502 ὕστριχες,
1161 448 1234 491 καὶ
1254 448 1373 503 κριοὶ
1392 448 1548 503 ἄγριοι,
1576 447 1650 490 καὶ

348 593 457 630 refert
470 591 649 641 phoenices
671 590 722 625 sic
745 588 875 635 dictas,
900 588 999 638 quod

349 661 372 686 a
391 647 627 684 Phoenicibus
647 646 814 682 inventae
835 645 997 682 diceren-

349 709 418 741 tur.
435 723 490 730 -
525 701 577 738 Ac
596 696 735 750 πήχεις
760 700 856 737 idem
876 700 999 738 valent

349 760 386 797 in
406 759 542 796 cithara
560 760 672 804 atque
694 771 718 792 α
724 769 885 807 [νωνες
906 761 999 794 teste

349 813 510 863 Hesy-ch
529 811 560 847 ll
579 825 614 862 p.
628 811 720 852 958.
753 809 939 863 Κιθάρας
957 809 1000 850 δὲ

349 872 498 919 πῆχυς·
536 862 680 919 ἀγκών.
736 869 906 918 »Πῆχυς
937 880 1001 905 au-

349 931 422 963 tem
450 925 553 971 (sunt
581 924 693 960 verba
721 923 922 972 Schueigh.
951 924 1000 960 ad

349 981 482 1019 Athen.
502 978 525 1015 l.
545 979 567 1016 l.
586 978 852 1016 Animadverss.
861 954 964 1017 ow
968 979 1001 1016 ll

348 1050 385 1088 p.
399 1035 512 1081 475),
526 1048 632 1084 quem
645 1032 760 1086 ζυγὸν
773 1035 951 1073 Homerus
962 1035 1001 1071 ll.

349 1093 414 1138 IX,
439 1094 517 1132 187
537 1092 647 1138 dixit,
684 1096 832 1128 vocatur
855 1103 898 1129 ea
917 1104 1000 1140 pars

349 1148 668 1185 instrumentorum
707 1148 840 1184 fidibus
880 1151 1002 1184 tenso-

349 1218 429 1242 rum
461 1204 560 1254 (τῆς
590 1198 763 1254 κιθάρας
788 1207 825 1241 et
856 1203 1001 1241 omnino

349 1262 432 1299 τῶν
460 1260 744 1313 κιθαρωδικῶν
773 1255 1003 1312 ὀργάνων),

351 1317 389 1354 in
416 1329 487 1366 qua
519 1314 709 1367 ἕγκεινται
739 1316 796 1353 vel
834 1315 1003 1354 ἐνίενται

353 1372 395 1412 οῖ
419 1368 602 1422 κόλλαβοι
636 1372 693 1409 vel
728 1371 769 1410 οἱ
798 1368 1000 1419 κόλλοπες,

351 1429 392 1466 id
420 1433 476 1465 est
516 1427 556 1467 οἱ
585 1425 780 1466 πάσσαλοι
819 1429 877 1466 ὠν
913 1423 1002 1475 ἐξά-

308 1494 311 1498 ·
351 1499 516 1523 πτονται
533 1483 576 1522 αἱ
590 1485 744 1534 χορδαῖς
774 1496 813 1520 ea
826 1497 926 1534 pars,
946 1484 1002 1520 cui

352 1543 555 1578 inseruntur
577 1540 768 1576 claviculae
795 1540 869 1577 sive
895 1541 1004 1576 verti-

355 1597 443 1643 cilli,
457 1610 478 1634 e
496 1597 625 1645 quibus
641 1601 788 1646 aptatae
805 1600 889 1632 sunt
901 1596 1004 1632 chor-

354 1654 437 1690 dae.
476 1654 537 1688 Sic
563 1649 633 1690 τὸν
664 1648 825 1703 οἷγκῶνα
852 1652 907 1689 vel
933 1648 1004 1690 τόν

353 1711 485 1759 πῆχυν
507 1712 545 1745 et
567 1704 662 1753 τούς
681 1704 899 1758 κολλάβους
924 1721 1005 1744 cum

355 1765 522 1802 brevibus
539 1765 587 1801 ad
610 1764 757 1802 Iliadem
778 1764 919 1801 scholiis
941 1777 1005 1802 ex-

353 1821 457 1872 ponit
480 1820 717 1870 Etymologus
747 1834 783 1871 p.
803 1821 885 1862 412
904 1820 925 1857 l.
954 1823 1007 1862 12

356 1881 395 1915 et
423 1877 648 1925 Hesychius,
687 1890 775 1914 voce
803 1872 913 1927 Ζυγά
944 1876 1005 1926 [Τ.

354 1933 371 1969 Ι
389 1946 425 1982 p.
450 1933 613 1981 1587].“
657 1933 761 1976 Quae
776 1933 1009 1969 subiiciuntur

355 1989 486 2026 verba:
527 1987 703 2039 μέγαθος
728 1986 832 2028 δὲτὸ
858 1989 1007 2040 θηρίου

355 2046 473 2083 τοῦτο
498 2042 597 2083 κατοὶ
619 2046 720 2096 βοῦν
743 2044 823 2084 ἐστι’
851 2046 1008 2083 rectissi-

355 2114 414 2138 me
440 2101 509 2138 dici
530 2101 576 2139 de
601 2101 767 2148 animali,
804 2103 905 2150 quod
933 2106 1009 2138 sta-

355 2161 437 2194 tura
470 2158 703 2207 corporisque
737 2157 836 2195 mole
863 2170 1006 2195 cervum

358 2225 385 2250 s.
404 2213 532 2250 bovem
553 2218 710 2263 aequet,
750 2215 836 2250 satis
862 2215 1008 2260 docent,

357 2282 453 2317 quae
470 2270 637 2306 Bochart.
667 2269 689 2306 l.
708 2270 730 2306 l.
759 2284 841 2320 pag.
865 2271 946 2311 948
972 2275 1008 2307 et

356 2323 604 2363 Lichtenstein
627 2326 648 2362 l.
677 2326 698 2363 l.
729 2327 933 2363 attulerunt.
953 2347 1009 2354 —

357 2379 416 2417 De
440 2394 505 2417 usu
534 2382 811 2432 praepositionis
836 2378 934 2420 κατά
962 2383 1010 2420 cf.

358 2439 453 2472 nott.
475 2437 521 2472 ad
546 2437 590 2484 ll,
617 2441 679 2477 10.
711 2438 772 2485 lv,
794 2441 857 2479 23.

416 2487 635 2543 βασσάρια]
680 2494 793 2531 Teste
826 2494 1009 2543 Hesychio

358 2546 374 2584 I
394 2560 430 2597 p.
449 2549 541 2588 702.
571 2549 684 2584 Suida
706 2550 719 2585 l
740 2563 775 2599 p.
796 2550 876 2591 419
898 2556 1009 2599 atque

358 2602 516 2651 Etymol.
543 2617 578 2653 p.
604 2606 681 2643 190
707 2610 794 2641 extr.
821 2606 1010 2657 βασσαρίς

361 2664 416 2696 est
448 2654 606 2710 ἀλώπηξ
636 2664 672 2698 et
703 2659 897 2712 βασσάρια
928 2666 1010 2698 sunt

361 2710 579 2762 ἅλωπέκια,
617 2717 863 2766 i.e.z11l1›e.e‚
893 2718 1012 2766 vulpe-

361 2771 481 2815 culam
530 2773 628 2821 quod
670 2773 764 2810 idem
799 2773 1010 2811 vocabulum

361 2827 508 2865 adhuc
500 2841 535 2865 in
555 2828 706 2879 Coptica
726 2829 849 2878 lingua
871 2834 1012 2867 exstare

363 2884 502 2922 monuit
543 2884 659 2935 lgnat.
705 2885 812 2924 Ross.
851 2885 1011 2936 Etymol.

1054 587 1148 637 Aeg.
1168 602 1204 640 p.
1223 587 1289 630 35.
1328 588 1437 637 Inde,
1467 592 1508 625 ut
1526 588 1596 625 hoc
1615 587 1704 625 adii-

1054 646 1163 692 ciam,
1192 647 1269 696 ipse
1288 645 1451 682 Bacchus
1468 641 1706 694 Βασσαρεΰς,

1053 702 1075 737 i.
1097 714 1128 738 e.
1150 702 1296 751 vulpina
1315 701 1410 752 pelle
1430 702 1505 737 sive
1523 700 1616 737 stola
1629 699 1705 736 vul-

1054 757 1175 807 pinam
1197 757 1327 808 pellem
1348 758 1525 794 referente
1548 757 1705 803 indutus,

1055 814 1198 862 qualem
1228 813 1310 850 hinc
1331 826 1476 862 quoque
1496 813 1627 849 Bacchi
1647 824 1705 848 sa-

1056 869 1220 906 cerdotes
1266 881 1332 918 per
1365 868 1486 906 Asiam
1528 869 1705 906 minorem

1055 925 1280 974 potissimum
1331 930 1477 972 gestare
1528 924 1706 970 solebant,

1057 976 1271 1031 Βασσάραν
1289 980 1363 1017 sive
1385 980 1608 1031 Βασσαρίδα
1627 979 1707 1015 vul-

1057 1049 1105 1085 go
1123 1037 1276 1082 dictam3
1305 1037 1390 1085 quin
1409 1037 1508 1086 ipsae
1528 1035 1707 1081 mulieres,

1055 1092 1138 1139 tali,
1168 1093 1317 1141 opinor,
1358 1098 1459 1129 veste
1486 1092 1633 1128 indutae
1665 1103 1707 1128 ac

1057 1160 1159 1185 sacra
1176 1148 1351 1185 Bacchica
1377 1148 1622 1194 celebrantes,
1651 1147 1708 1182 ‹li-

1056 1209 1182 1241 cuntur
1219 1199 1425 1254 βασσοῖραι.
1481 1204 1539 1241 De
1577 1204 1706 1253 quibus

1056 1265 1139 1310 post
1165 1261 1333 1298 Creuzer.
1357 1260 1519 1310 Symbol.
1547 1260 1595 1296 Ill
1621 1271 1707 1309 pag.

1057 1316 1135 1356 351
1167 1329 1270 1366 seqq.
1303 1317 1386 1356 360
1430 1317 1523 1353 conf.
1552 1315 1707 1352 Schoen.

1057 1372 1260 1410 comment.
1291 1373 1338 1409 de
1357 1385 1526 1423 personn.
1553 1373 1590 1408 in
1606 1371 1709 1408 Euri-

1056 1428 1133 1478 pid.
1155 1428 1286 1464 Bacch.
1315 1441 1352 1477 p.
1381 1429 1471 1468 147.
1519 1428 1567 1464 At
1596 1430 1709 1476 negat

1058 1485 1209 1520 Sonnini
1227 1484 1346 1533 vulpes
1362 1497 1426 1533 per
1440 1484 1592 1520 Africam
1610 1484 1710 1520 inve-

1058 1540 1146 1585 niri,
1203 1541 1258 1576 cui
1301 1545 1339 1576 et
1378 1540 1559 1576 Herodoti
1597 1543 1710 1588 atque

1058 1592 1184 1645 Prosp.
1197 1594 1315 1645 Alpini
1333 1596 1576 1632 testimonium
1593 1608 1711 1646 oppo-

1059 1651 1113 1688 nit
1133 1651 1345 1690 Larcherus.
1385 1651 1434 1688 Et
1452 1665 1541 1690 sane
1561 1651 1710 1702 reperiri

1059 1719 1124 1758 per
1182 1707 1337 1744 Africam
1395 1707 1710 1758 septentrionalem

1060 1762 1183 1813 vulpes
1208 1767 1331 1800 monet
1349 1763 1538 1801 Leuckart.
1551 1793 1563 1811 ,
1601 1776 1711 1813 quem

1061 1819 1244 1866 consului,
1275 1821 1341 1857 sed
1362 1821 1521 1858 diversas
1542 1833 1564 1857 a
1588 1825 1712 1857 nostra

1063 1877 1145 1912 cani
1159 1876 1261 1926 vulpe
1279 1875 1409 1923 Linn.‚
1440 1883 1477 1913 et
1498 1889 1593 1913 nunc
1609 1889 1712 1913 accu-

1062 1933 1172 1968 ratius
1195 1933 1360 1980 cognitas
1378 1933 1503 1969 studiis
1520 1932 1713 1969 Cretzsch-

1062 1989 1152 2026 mari
1170 1988 1416 2038 acR'uppellii.
1447 1989 1478 2024 E
1498 1989 1627 2037 quibus
1643 1989 1713 2024 huc

1062 2045 1285 2095 potissimum
1305 2046 1455 2081 reseram
1474 2044 1600 2081 Canem
1621 2044 1714 2081 Zer-

1063 2100 1166 2148 dam,
1207 2113 1301 2150 quae
1333 2100 1370 2137 in
1395 2101 1536 2138 Africae
1563 2105 1712 2150 septen-

1063 2157 1223 2194 trionalis
1252 2158 1426 2206 reperitur
1445 2158 1614 2203 desertis,
1645 2169 1713 2194 au-

1062 2213 1159 2250 ribus
1197 2212 1420 2262 longioribus
1459 2214 1637 2261 insignem
1677 2215 1714 2249 et

1064 2270 1328 2306 accuratissime
1347 2269 1563 2319 descriptam
1583 2269 1628 2305 ab
1650 2281 1713 2306 eo-

1065 2326 1149 2363 dem
1187 2324 1390 2362 Leuckarto
1435 2325 1599 2373 (Okenii
1646 2324 1713 2360 lsis

1067 2383 1174 2422 1825
1202 2381 1234 2418 11
1261 2394 1346 2431 pag.
1370 2383 1446 2421 211
1476 2393 1577 2429 seqq.
1607 2381 1713 2420 1828

1065 2437 1125 2474 ΙΙΙ.
1148 2438 1195 2474 lv
1215 2451 1251 2487 p.
1271 2439 1351 2478 296
1371 2437 1495 2484 sqq),
1525 2437 1585 2485 qui
1606 2448 1714 2485 quam

1067 2493 1190 2530 similis
1225 2493 1273 2529 sit
1315 2492 1413 2541 vulpi
1457 2492 1546 2529 haec
1586 2492 1715 2537 bestia,

1065 2551 1201 2600 primus
1219 2549 1522 2585 commonstravit.

1121 2603 1188 2642 καὶ
1214 2600 1366 2652 ὕαιναι]
1394 2603 1451 2641 De
1471 2604 1624 2653 Hyaena
1641 2603 1714 2641 vid.

1067 2660 1157 2698 Plin.
1177 2661 1224 2696 H.
1248 2660 1295 2697 N.
1317 2660 1398 2696 wll
1426 2660 1543 2706 (44),
1574 2662 1627 2700 30
1650 2661 1717 2696 ibi-

1067 2729 1138 2765 que
1157 2716 1298 2753 Cuvier.
1340 2716 1448 2753 Plura
1467 2716 1634 2753 Bochart.
1652 2716 1673 2752 l.
1693 2715 1719 2753 l.

1068 2773 1109 2809 P.
1132 2772 1162 2808 ll
1186 2771 1267 2808 Lib.
1286 2772 1334 2809 lll
1359 2785 1415 2823 cp.
1434 2775 1459 2813 7
1481 2786 1517 2823 p.
1537 2772 1616 2813 395
1634 2784 1717 2821 sqq.

1067 2827 1110 2866 P.
1135 2829 1148 2864 1
1168 2828 1249 2865 Lib.
1272 2829 1321 2865 lll
1341 2842 1396 2878 cp.
1423 2831 1467 2867 11
1494 2843 1530 2878 p.
1543 2830 1624 2869 829
1636 2840 1717 2877 sqq.

1123 2881 1316 2939 ὕστριχες]
1353 2886 1459 2924 Cons.
1482 2885 1575 2922 Plin.
1596 2884 1647 2922 H.
1667 2883 1716 2923 N.

1826 1666 1839 1808 ἶ
