1863 3256
146 267 232 307 662
614 266 1080 307 EXCURSUS
1137 266 1206 304 Vll

259 377 406 427 Habes,
435 378 501 416 Vir
518 379 754 426 amicissime,
785 379 884 429 quod
901 377 1137 428 postulabas,
1167 378 1370 416 sententiae
1390 391 1492 417 meae
1515 381 1662 430 exposi-

148 448 286 484 tionem
305 447 498 496 ingenuam
522 451 560 485 et
578 449 794 492 candidam,
823 457 905 483 eam
926 445 1100 494 denique,
1127 458 1222 494 quae
1242 458 1316 482 non
1340 446 1472 484 docere
1494 447 1566 492 Te,
1596 448 1661 484 sed

150 527 173 551 a
195 513 254 552 Te
277 514 422 552 edoceri
447 516 589 566 cupiat3
633 526 744 563 quam
768 512 798 548 si
822 511 883 548 Tu
907 523 975 562 pro
995 512 1222 551 humanitate
1249 513 1332 551 Tua
1359 513 1444 550 boni
1478 514 1661 563 aequique

151 581 387 630 consulueris,
414 581 501 618 nihil
520 582 672 632 amplius
692 579 874 625 desidem,
903 580 970 616 nisi
988 584 1029 617 ut
1048 580 1108 617 Tu
1129 581 1250 618 valeas
1268 593 1414 631 meque,
1443 582 1542 631 quod
1561 581 1662 629 facis,

151 650 268 687 ames!
324 648 594 698 Heidelberg-ae
612 647 767 698 postrid.
788 647 874 684 Idus
898 646 1075 686 Decemb.
1101 650 1223 689 1831.

526 945 1123 996 EXCURSUS
1195 947 1292 997 VII

428 1059 538 1099 An
622 1060 1254 1108 HERoDoT.1v‚
1325 1063 1387 1103 18.

238 1226 333 1271 Απὸ
375 1227 422 1272 δὲ
456 1225 616 1283 ταύτης
655 1227 915 1286 (Hylaeae)
955 1227 1046 1273 ἅνω
1084 1228 1277 1273 οἰκέουσι
1315 1225 1496 1271 Σκύθαι
1533 1243 1666 1283 γεωρ-

318 1297 411 1351 7013·
457 1295 561 1348 τούς
578 1295 782 1352 ι’Έλληνες
811 1297 855 1339 οἱ
883 1295 1096 1348 οἰκέοντες
1125 1297 1194 1340 ἐπὶ
1223 1299 1283 1353 τῷ
1308 1295 1464 1338 Ὑπάνι
1483 1298 1666 1351 ποταμῷ

320 1363 527 1408 καλέουσι
556 1367 592 1407 Β
604 1381 627 1408 ο
642 1381 665 1420 ρ
677 1381 704 1408 υ
716 1375 741 1407 σ
752 1369 785 1408 θ
797 1380 815 1408 ε
827 1381 853 1408 ν
863 1380 881 1408 ε
892 1366 941 1407 ΐτ
953 1382 979 1408 α
991 1380 1035 1416 ς·
1096 1364 1233 1420 σφέας
1263 1364 1310 1408 δὲ
1345 1362 1508 1414 αὐτοὺς
1521 1395 1532 1414 ,
1560 1360 1606 1406 'O
1616 1366 1666 1406 λ-

320 1433 348 1487 β
360 1448 376 1474 ι
386 1447 409 1475 ο
420 1447 452 1475 π
463 1448 487 1475 o
497 1436 522 1475 λ
533 1433 549 1474 ί
559 1449 582 1475 τ
593 1449 620 1476 α
630 1450 661 1484 ς.

268 1523 502 1575 Olbiopolitae
529 1526 629 1564 >cives
664 1528 749 1563 sunt
778 1525 926 1573 Olbiae,
972 1537 1067 1575 quae
1097 1524 1225 1563 eadem
1261 1525 1347 1562 urbs
1379 1526 1487 1563 etiam
1515 1528 1667 1561 vocatur

155 1592 370 1643 Olbiopolis,
407 1591 742 1644 Borysthenz'tarum
762 1596 843 1643 asty
873 1593 997 1641 (conf.
1014 1592 1154 1630 Herod.
1174 1592 1243 1640 lv,
1275 1592 1381 1644 78),
1419 1591 1669 1643 Borysthene5‚

153 1661 283 1698 eadem
305 1660 564 1711 appellatione,
584 1673 656 1710 qua
674 1661 804 1698 fluvius
825 1659 1097 1711 praeterlabens
1111 1659 1162 1709 *).
1221 1660 1263 1697 ln
1284 1661 1403 1698 numis
1424 1661 1521 1697 urbis
1551 1660 1671 1697 adhuc

152 1729 407 1778 superstitibus
438 1741 548 1766 unum
580 1729 707 1766 Olbiae
739 1732 926 1779 comparet
950 1740 1102 1773 nomen;
1142 1729 1237 1766 conf.
1265 1729 1493 1778 Remarques
1527 1740 1590 1765 sur
1620 1740 1670 1764 un

151 1808 313 1846 ouvrage
333 1796 476 1834 intitule
496 1795 691 1847 Antiquitt.
712 1797 852 1846 Grecqs
869 1797 918 1833 du
936 1796 1115 1846 Bosphor.
1129 1796 1300 1834 Cimmer.
1326 1798 1400 1845 (St.
1421 1796 1671 1844 Petersbourg

154 1864 282 1913 1823)
300 1877 386 1915 pag.
411 1865 475 1905 13.
498 1865 566 1905 39.
597 1865 768 1915 Namque
788 1864 1025 1915 Borysthenis
1049 1868 1160 1913 atque
1172 1863 1505 1915 Borysthenitarum
1522 1864 1670 1901 nomina

152 1934 192 1967 ut
211 1931 326 1969 altera
343 1931 477 1970 Olbiae
493 1931 737 1982 appellatione
764 1945 960 1982 sanequam
984 1932 1194 1981 antiquiora
1213 1937 1251 1970 et
1269 1933 1367 1984 apud
1386 1937 1527 1971 exteros
1552 1931 1671 1982 potis-

153 2002 306 2047 simum,
341 2003 380 2036 ut
396 2000 562 2048 videtur,
601 2005 730 2051 postea
750 2001 939 2037 usitatiora
953 2028 964 2047 ‚
1002 2000 1054 2036 ita
1086 2000 1185 2050 apud
1208 2000 1371 2038 Graecos
1393 2000 1488 2037 illius
1509 1998 1670 2048 regionis

153 2066 296 2104 accolas
313 2096 324 2115 ,
360 2067 525 2105 Milesios
550 2068 585 2105 in
609 2069 734 2119 primis
763 2067 933 2115 colonos,
954 2067 1081 2104 Olbiae
1100 2067 1350 2105 denominatio
1368 2066 1612 2118 praevaluisse
1633 2069 1671 2103 et

152 2136 257 2172 unice
284 2135 390 2184 quasi
420 2136 608 2173 dominata
636 2149 716 2174 esse
738 2135 901 2183 videtur,
941 2148 1051 2185 quam
1081 2135 1199 2185 ipsam
1232 2135 1278 2172 ab
1308 2135 1437 2186 opibus
1464 2134 1671 2183 divitiisque

153 2203 357 2240 mercatura
382 2203 569 2253 acquisitis
593 2204 739 2241 ductam
768 2203 929 2252 indeque
955 2207 1157 2248 retentam,
1202 2202 1349 2240 honoris
1380 2203 1485 2252 quasi
1510 2201 1670 2248 titulum,

155 2270 244 2306 satis
266 2270 496 2320 intelligitur,
531 2271 744 2321 praesertim
768 2283 848 2308 cum
870 2270 946 2307 aliis
973 2283 1119 2320 quoque
1146 2271 1295 2308 urbibus
1323 2283 1391 2321 per
1419 2270 1670 2320 antiquitatem

155 2336 254 2374 idem
286 2348 420 2375 nomen
444 2338 618 2376 tributum
646 2351 727 2377 esse
754 2339 919 2376 novimus
932 2339 1005 2383 **).
1059 2338 1121 2377 Tu
1141 2340 1212 2377 vid.
1233 2337 1383 2376 Kiihler.
1403 2337 1514 2376 Me'm.
1535 2350 1596 2374 sur
1615 2336 1669 2374 les

203 2518 237 2562 ⁹)
261 2518 403 2554 Minime
427 2531 508 2556 vero
536 2522 715 2558 dicebatur
738 2526 980 2570 Borysthenis,
1015 2528 1053 2558 ut
1082 2523 1284 2570 quibusdam
1311 2522 1448 2568 placuit.
1508 2522 1566 2556 Tu
1598 2521 1668 2556 vid.

248 2575 410 2612 Creuzer.
430 2577 504 2613 loco
528 2591 603 2614 mox
626 2580 794 2616 laudando
820 2593 900 2626 pag.
924 2581 1023 2617 1235.

202 2656 253 2701 ⁰)
279 2656 561 2702 olbiopolitarum
588 2670 708 2694 nomen
727 2661 900 2694 Graecum
919 2671 993 2693 cum
1017 2671 1038 2693 a
1053 2659 1218 2703 Scythico
1238 2658 1385 2704 quodam
1403 2658 1535 2692 nomine
1552 2657 1668 2692 videa—

245 2717 302 2748 tur
319 2715 539 2757 translatum,
567 2716 686 2751 mirum
703 2716 836 2751 omnino
856 2716 923 2749 sibi
942 2715 1051 2749 videri
1072 2715 1122 2749 ait
1145 2715 1253 2757 Μίοῑ,
1279 2716 1400 2749 Gallus
1420 2715 1588 2750 Herodoti
1615 2715 1668 2748 in-

246 2774 399 2816 terpres,
437 2772 548 2817 quod,
584 2772 643 2818 qui
671 2773 706 2806 in
735 2773 919 2818 Assyriae,
957 2772 1132 2817 Aegypti,
1170 2773 1308 2807 aliarum
1334 2777 1505 2807 terrarum
1537 2771 1667 2806 descri-

246 2828 365 2872 ptione
392 2829 527 2864 nomina
558 2830 709 2873 urbium,
737 2830 937 2871 fluviorum,
965 2829 1112 2863 locorum
1140 2829 1272 2864 minime
1292 2830 1327 2864 in
1347 2831 1518 2864 Graecum
1539 2840 1667 2863 sermo-

246 2895 318 2918 nem
351 2886 518 2920 translata
543 2887 725 2929 exhibeat,
766 2887 867 2932 plane
897 2887 1032 2921 diverso
1061 2885 1158 2920 modo
1188 2892 1272 2931 agat
1302 2887 1336 2921 in
1365 2886 1509 2932 Scythia
1537 2885 1667 2921 descri-
1729 2910 1733 2911 γ
1800 2871 1812 2919 ,μ
