1863 3256
428 266 988 309 MELPOMENE.
1046 268 1108 309 IV.

142 383 245 438 τῇδε
286 381 450 430 διαθείς
462 395 470 404 ·

1315 279 1399 319 563

533 379 736 434 Θηραίων
773 378 852 435 μὲν
893 376 978 432 γὰρ
1016 378 1090 421 καὶ
1121 382 1210 421 τῶν
1237 388 1399 435 περιοί-

143 469 233 496 κων
252 453 356 506 μίαν
372 456 533 506 μοῖραν
551 450 744 506 ἐποίησε·
775 448 908 506 ἄλλην
931 449 999 500 δὲ,
1032 452 1400 507 Πελοποννησίων

143 523 216 566 καὶ
241 526 445 578 Κρητῶν·
484 523 632 576 τρίτην
663 521 729 574 δὲ,
759 521 1005 576 νησιωτέων
1034 522 1229 564 πάντων·
1269 528 1400 567 τοῦτο

145 593 209 641 δὲ,
250 597 311 650 τῷ
346 593 516 648 βασιλέϊ
544 592 694 650 Βάττῳ
724 593 900 647 τεμένεα
928 591 1102 644 ἐξελών,
1145 592 1216 635 καὶ
1245 594 1402 646 ἱρωσύ-

141 680 241 714 νας,
278 664 331 706 τοὶ
372 665 478 707 ἄλλα
520 662 682 714 πάντα,
719 664 772 706 τὰ
808 663 1023 716 πρότερον
1059 661 1176 719 εἶχον
1211 666 1254 707 οἱ
1282 668 1427 721 βασι-1

141 734 252 788 λεές,
282 734 324 785 ἐς
352 734 486 790 μέσον
514 738 576 790 τῷ
608 734 729 792 δήμῳ
761 735 900 790 ἔθηκε.

83 935 160 971 sere
179 933 318 970 Dorum
340 933 515 980 civitates,
546 946 656 983 supra
673 934 745 970 iam

85 991 282 1039 attigimus.
331 990 440 1026 Plura
464 990 506 1026 C.
529 990 573 1026 O.
603 990 745 1027 Miilier.

83 1047 175 1085 Dor.
206 1047 238 1083 ΙΙ
273 1060 308 1096 p.
334 1047 400 1086 75.
424 1048 490 1086 76.
534 1045 600 1083 Cr.
638 1059 745 1096 prae-

89 1108 191 1140 terea
208 1103 364 1140 conferri
385 1102 458 1138 vult
479 1102 626 1140 Platner
643 1104 745 1152 Bey—

85 1161 191 1208 triige
224 1173 256 1195 z.
285 1160 496 1196 Kenntniss.
526 1160 561 1196 d.
588 1158 744 1196 Attisch.

85 1216 223 1254 Rechts
243 1229 279 1265 p.
301 1218 354 1255 70
384 1220 419 1252 et
439 1215 613 1253 Niebuhr.
636 1217 744 1253 Rom.

86 1272 220 1309 Gesch.
242 1272 256 1307 1
277 1284 363 1322 pag.
384 1273 466 1311 307
488 1273 546 1309 ed.
571 1286 640 1310 sec.
663 1270 744 1324 (ubi

85 1328 264 1367 Niebuhr.
285 1329 439 1364 tribuum
462 1329 638 1376 originem
662 1329 744 1365 atti-

86 1387 139 1434 git
160 1398 180 1422 e
201 1384 354 1421 diversis
383 1385 551 1432 gentibus
575 1389 745 1435 repeten-

86 1443 196 1486 dam3
226 1441 293 1477 hoc
315 1441 422 1477 etiam
444 1442 585 1477 attendi
602 1441 743 1488 iubens,

85 1498 211 1548 quod,
251 1510 332 1534 cum
352 1498 387 1533 in
411 1496 535 1533 Thera
555 1499 633 1547 ipsa
654 1510 744 1547 pau-

86 1567 208 1591 corum
230 1559 328 1591 esset
349 1554 523 1601 regimen,
551 1555 585 1590 in
605 1554 744 1591 colonia

86 1611 246 1648 Theraei
282 1622 325 1647 ac
362 1610 515 1646 subiecti
556 1611 652 1647 idern
679 1623 742 1647 va-

86 1667 220 1715 leant).
254 1687 302 1694 —
336 1669 481 1716 μοῖραν
512 1680 591 1704 cum
622 1667 742 1705 Gaisf.

87 1724 173 1762 dedi
198 1735 265 1773 pro
289 1723 446 1774 μοίρην.

142 1778 306 1830 τεμένεα
332 1775 491 1829 ἐξελών]
523 1777 745 1828 Schweigh.:

86 1838 269 1886 „exceptis
289 1838 390 1887 aquis
410 1838 520 1872 sacris
535 1839 567 1871 et
585 1836 747 1872 sacerdo—

87 1895 174 1939 tiis,
218 1906 306 1943 quae
328 1893 440 1929 Batto
465 1894 546 1940 regi
569 1893 744 1930 trz'bm't.“

85 1949 238 1996 Melius,
276 1950 425 2000 opinor,
455 1949 746 1997 Wesseliiigius:

86 2005 282 2056 ,,τεμε’νεα
315 2006 418 2043 Valla
442 2006 552 2055 sana.
612 2005 743 2043 Melius

86 2067 198 2100 certas
221 2065 307 2111 agri
322 2065 516 2112 portiones,
554 2062 678 2110 quales
706 2067 744 2100 et

86 2119 181 2165 illae,
202 2120 238 2155 in
257 2121 384 2168 quibus
406 2119 524 2169 silphii
545 2124 743 2169 proventus

86 2188 146 2226 ap.
162 2176 381 2224 Hesychium
404 2174 555 2214 Βάττου
584 2176 744 2224 σίλφιον

87 2232 289 2281 qualesque
314 2237 474 2269 veterum
502 2245 609 2280 reges
632 2232 744 2270 habe·

88 2289 177 2326 bant
208 2289 446 2336 assignatas,⁴
478 2301 630 2337 quarum
657 2302 744 2337 pro-

86 2349 197 2382 ventu
219 2346 290 2382 suis
314 2345 589 2382 necessitatibus
614 2346 746 2382 subve-

86 2403 237 2447 nirent).
295 2401 409 2438 Vetus
456 2402 679 2438 consuetudo
725 2414 747 2438 a

87 2463 199 2508 poeta
233 2457 272 2495 ιι.
305 2458 375 2504 vr,
407 2457 487 2498 194
525 2457 648 2507 [Add-
681 2448 768 2503 1x‚‘

91 2512 210 2563 574],
249 2514 392 2562 signata
424 2518 460 2551 et
481 2514 639 2550 Aristide
661 2514 708 2551 T.
731 2514 745 2550 Ι

88 2582 126 2620 Ρ.
160 2573 228 2609 12:
271 2567 401 2620 ὥσπερ
431 2574 514 2616 τοῖς
544 2571 748 2620 βασιλεῦσι

89 2623 231 2675 τεμένη
263 2625 331 2664 καὶ
360 2621 514 2677 χώρους
536 2626 747 2678 ἐξαιροῦσι.

93 2680 191 2731 [Nec
222 2681 325 2719 aliter
353 2684 395 2720 C.
417 2684 460 2720 Ο.
490 2683 632 2722 Miiller.
658 2683 747 2722 Dor.

90 2738 123 2774 ll
147 2751 230 2788 pag.
253 2736 333 2778 174
359 2738 520 2788 τεμένεα
548 2740 747 2778 Homerico

92 2807 201 2832 sensu
221 2794 276 2830 hic
292 2795 403 2843 accipi
425 2796 538 2842 iubet,
569 2798 630 2845 qui
649 2798 745 2835 idem

92 2863 178 2902 pag.
212 2851 290 2891 105
319 2850 588 2903 conferendus]
630 2852 746 2890 Addi-

93 2907 149 2945 dit
178 2907 370 2944 Demonax
388 2903 598 2959 ’ἱρωσύνας
641 2908 684 2957 [i.
714 2923 748 2950 e.

803 945 925 971 curam
945 944 1126 970 sacrorum
1153 934 1460 973 administrando-

802 987 896 1039 rum]
909 1018 918 1033 ,
941 990 1114 1038 quoniam
1132 988 1179 1029 τοὶ
1200 991 1314 1043 γέρεα
1333 1006 1459 1042 regum

802 1046 886 1082 olim
908 1047 1129 1093 sacerdotia,
1161 1050 1211 1084 uti
1233 1050 1386 1099 Spartae
1396 1050 1459 1096 Vl,

803 1102 856 1142 56
874 1103 1251 1152 complectebantur.“
1285 1106 1346 1142 Tu
1364 1108 1458 1143 conf.

802 1159 849 1196 de
874 1159 928 1195 his
950 1161 1180 1207 sacerdotiis,
1211 1163 1341 1211 quibus
1361 1176 1461 1201 inore

802 1216 1004 1263 antiquitus
1022 1218 1216 1254 constituto
1237 1218 1375 1255 Dorum
1403 1233 1461 1257 re-

802 1284 866 1320 ges
885 1273 1127 1320 fungebantur
1150 1286 1190 1310 ac
1207 1275 1253 1311 de
1272 1277 1459 1322 reditibus,

801 1341 892 1376 quos
915 1329 1000 1365 inde
1026 1330 1219 1378 capiebant
1238 1332 1279 1368 C.
1304 1332 1461 1369 O.Miil-

801 1383 864 1420 ler.
895 1383 917 1420 l.
948 1384 971 1420 l.
998 1384 1031 1420 Il
1057 1398 1143 1434 pag.
1176 1389 1229 1426 99
1262 1400 1339 1435 seq.
1407 1388 1461 1425 Ac

801 1444 947 1490 praeter
978 1440 1086 1478 hosce
1117 1442 1253 1479 reditus
1275 1444 1362 1481 nulli
1383 1446 1461 1482 sere

802 1496 861 1534 alii
881 1496 1020 1534 Dorum
1043 1498 1190 1546 regibus
1212 1512 1328 1548 aeque
1349 1505 1461 1550 atque

800 1553 1020 1591 Homericae
1059 1555 1188 1591 aetatis
1234 1557 1460 1607 principibus

800 1610 964 1657 reditus,
1001 1611 1069 1647 nisi
1099 1612 1161 1659 qui
1190 1624 1210 1648 e
1238 1613 1358 1650 fundis
1386 1615 1461 1651 suis

801 1667 973 1715 agrisque
993 1679 1013 1702 a
1028 1667 1165 1717 populo
1183 1670 1366 1706 attributis
1386 1671 1462 1707 sive

802 1723 995 1771 assignatis
1024 1722 1141 1772 (quae
1169 1724 1250 1775 ipsa
1285 1731 1369 1762 sunt
1403 1741 1461 1766 τε-

803 1777 923 1829 μένη)
949 1780 1167 1829 prodibant,
1207 1784 1300 1819 teste
1330 1784 1461 1821 eodem

802 1835 958 1873 Mi'dlero
979 1836 1009 1872 11
1025 1850 1062 1886 p.
1079 1837 1180 1882 1053
1210 1841 1248 1873 ut
1266 1850 1353 1876 sane
1373 1844 1461 1878 ante

802 1892 1066 1930 Demonactem
1094 1894 1256 1941 Cyrenes
1287 1908 1392 1944 reges
1420 1896 1461 1932 il-

803 1949 898 1985 licito
928 1950 1039 1985 modo
1072 1951 1211 1986 reditus
1244 1963 1330 1988 suos
1360 1965 1380 1990 e
1412 1953 1461 1989 ci-

802 2008 899 2042 vium
930 2006 1037 2042 bonis
1064 2018 1245 2043 armorum
1267 2008 1300 2043 vi
1319 2009 1461 2047 auxisse

800 2062 1007 2099 videantur.
1068 2063 1175 2106 Quae
1201 2076 1281 2100 cum
1307 2065 1356 2100 ita
1377 2067 1461 2113 sint,

801 2119 948 2156 minime
975 2119 1043 2155 huc
1070 2119 1190 2156 valere
1218 2122 1353 2170 poterit
1372 2122 1461 2158 Val-

802 2177 908 2213 cken.
925 2176 1114 2212 annotatio
1126 2205 1137 2222 ‚
1168 2177 1235 2212 diis
1250 2182 1389 2214 tantum
1406 2180 1462 2216 fa-

801 2236 914 2280 toque
941 2232 1071 2268 functis
1103 2232 1274 2270 heroibus
1298 2235 1462 2283 regibus-

803 2301 874 2337 que
903 2287 1048 2335 ἐξελεῖν
1080 2285 1127 2325 ττὶ
1161 2287 1301 2339 τεμένη
1335 2291 1460 2328 solitos

803 2357 883 2382 esse
902 2350 1053 2382 veteres.
1085 2344 1163 2381 Nec
1176 2347 1291 2395 magis
1307 2360 1350 2384 eo
1363 2349 1462 2396 quod

803 2414 881 2437 cum
905 2401 1115 2438 sacerdotiis
1135 2401 1170 2441 h.
1193 2401 1214 2438 l.
1236 2404 1462 2453 coniungun-

804 2462 863 2493 tur
892 2456 1052 2505 τεμένεα
1085 2457 1259 2504 efficitur,
1299 2460 1461 2511 τεμένεα

804 2514 861 2550 hic
888 2514 1048 2551 indicare
1073 2526 1185 2562 agros
1217 2515 1284 2552 diis
1312 2518 1461 2555 dedica-

804 2575 884 2616 tos,
925 2583 1076 2619 quorum
1101 2571 1238 2608 reditus
1269 2575 1462 2623 percipere

805 2628 1012 2665 sacerdotes
1024 2627 1120 2664 soliti
1131 2628 1215 2674 sint,
1229 2634 1358 2678 utpost
1368 2630 1460 2666 Lar-

804 2683 971 2727 cherum,
1006 2684 1117 2730 alios,
1146 2684 1325 2733 placuisse
1355 2686 1460 2721 video

804 2739 959 2789 Thrigio
981 2740 1003 2778 l.
1025 2740 1046 2777 l.
1068 2753 1153 2790 pag.
1172 2743 1250 2780 170
1269 2746 1345 2776 not.
1367 2744 1432 2780 70.

860 2794 906 2835 τοὶ
927 2794 1026 2835 ἄλλα
1044 2794 1174 2834 πάντα
1190 2810 1223 2832 κ.
1241 2811 1271 2833 τ.
1293 2795 1344 2846 λ.]
1361 2797 1461 2833 Haec

802 2853 908 2903 ipsa,
948 2866 1043 2901 quae
1067 2852 1237 2899 regibus,
1280 2855 1340 2900 qui
1371 2853 1461 2889 haec

802 2910 902 2960 prius
932 2909 1110 2946 tenebant
1143 2907 1238 2951 (sive
1265 2908 1364 2959 prius
1394 2909 1460 2946 sibi

1102 2961 1192 3004 36*
