1946 3272
602 218 638 257 T
666 215 759 274 ΗΑΛ
789 216 822 254 L
852 217 867 255 1
897 214 941 257 Α.
1001 217 1063 255 111.

1415 225 1471 261 89

199 329 282 373 ούκ
311 329 366 374 ἂν
394 325 688 380 συνελάβοντο
716 330 797 370 τοῦ
827 324 1146 381 στρατεύματος
1175 328 1259 368 τοῦ
1285 325 1352 368 ἐπὶ
1383 329 1470 370 Σά-

168 405 285 454 Ξμον
322 396 478 453 ταύτης
523 399 683 440 εἵνεκεν
717 401 794 452 τῆς
833 398 981 452 αἰτίης.
1039 400 1124 438 νῦν
1156 396 1201 438 δὲ
1233 396 1336 448 αιέὶ,
1380 396 1469 440 ἐπεί
1484 406 1497 437 1,

199 486 242 513 τε
271 469 441 512 ἔκτισαν
459 469 539 524 τήν
569 473 731 525 νῆσον,
762 468 843 511 εἰσὶ
863 466 1074 522 διάφοροι
1097 467 1240 517 ἐόντες
1258 466 1471 510 ἑωυτοῖσι.

197 540 364 584 τούτων
403 535 463 583 ὦν
500 542 662 583 εἵνεκεν
700 539 1077 595 ἀπεμνησικάκεον
1116 544 1230 581 τοῖσι
1260 541 1472 594 Σαμίοισι

167 612 246 653 3οῑ
275 612 527 663 Κορίνθιοι.
585 611 822 667 Ἀπέπεμπε
853 611 898 654 δὲ
929 611 970 660 ἐς
1003 609 1167 663 Σάρδις
1204 610 1273 653 ἐπ’
1312 611 1474 667 ἐκτομῇ
1534 622 1612 660 221

195 682 487 736 Περίανδρος,
553 688 643 726 τῶν
701 683 887 737 πρώτων
935 684 1226 735 Κερκυραίων
1275 682 1500 733 ἐπιλέξαςό

193 752 297 803 τούς
326 755 505 807 παῖδας,
535 753 875 810 τιμωρεύμενος·
905 752 1112 808 πρότεροι
1129 752 1213 810 γὰρ
1236 755 1279 796 οἱ
1301 756 1471 808 Κερκυ-

196 928 281 968 ἒπεί
302 944 342 968 τε
373 928 528 969 ἔκτισαν
557 927 632 981 τὴν
653 929 795 981 νῆσον]

135 986 194 1024 De
214 991 392 1038 tempore,
406 1001 479 1037 quo
498 987 639 1025 colonia
656 989 691 1024 in
705 989 799 1025 Cor-

137 1056 256 1091 cyram
293 1045 401 1082 suerit
434 1045 611 1091 deducta,
658 1049 797 1082 veteres

138 1101 381 1147 dissentiunt,
420 1115 574 1150 quorum
609 1103 708 1138 locos
744 1102 799 1138 in-

136 1161 314 1207 terpretes
331 1158 377 1193 ad
398 1158 431 1194 h.
452 1158 473 1194 l.
490 1157 650 1194 laudant.
682 1157 799 1194 Nam-

137 1226 209 1262 que
239 1213 419 1250 Eusebius
445 1213 634 1263 (Chronic.
658 1215 689 1251 11
710 1227 797 1263 pag.

139 1273 159 1310 1
169 1268 239 1318 19)
251 1271 441 1307 hocrefert
451 1271 498 1307 ad
511 1271 798 1321 OlymeVlli,

139 1331 161 1367 1
183 1338 211 1362 s.
231 1329 313 1367 708
338 1339 371 1363 a.
390 1327 478 1364 Chr.
509 1328 644 1364 Strabo
673 1326 737 1378 (vl
760 1341 796 1377 p.

136 1384 218 1424 269
242 1396 270 1420 s.
293 1382 395 1433 414)
429 1384 476 1420 ad
505 1384 652 1434 Olymp.
677 1384 742 1431 XI,
772 1386 798 1424 2

136 1452 166 1477 s.
188 1442 270 1481 735
298 1453 329 1476 a.
362 1440 446 1477 Chr.
477 1453 535 1485 n.3
567 1455 586 1478 e
611 1454 798 1478 marmorr.

135 1496 355 1533 Oxonienss.
372 1510 408 1547 p.
430 1496 483 1537 25
508 1497 799 1547 Epoch.XXXII

135 1552 281 1603 Olymp.
300 1554 373 1600 vl,
398 1557 415 1593 1
444 1566 472 1590 s,
492 1557 573 1594 756
594 1567 626 1592 a.
649 1555 735 1592 Chr.
762 1567 799 1591 n.

136 1611 307 1647 constitui
337 1623 446 1660 posse
472 1618 598 1649 censet
626 1611 798 1651 Larcher.

134 1666 182 1704 Τ.
213 1667 282 1703 Vll
313 1680 399 1717 pag.
429 1667 522 1708 594.
575 1669 798 1705 Strabonem

134 1723 299 1772 seqnitur
334 1723 672 1762 Raoul-Rochette
702 1725 797 1760 Hist.

135 1780 182 1817 de
212 1780 407 1817 l'Etahliss.
441 1781 476 1816 d.
509 1780 626 1818 colon.
661 1782 796 1830 Grecq.

132 1837 183 1873 III
209 1850 247 1886 p.
271 1838 362 1878 183.
394 1836 485 1883 185,
508 1837 659 1874 Eusebii
688 1839 796 1875 testi—

133 1895 256 1930 monio
286 1895 431 1931 reiecto.
492 1894 550 1931 Tu
582 1895 654 1931 vid.
685 1895 795 1932 etiam

134 1949 295 1987 Clinton.
328 1951 458 1987 Fastos
483 1963 504 1986 a
525 1952 684 2000 Kriiger.
709 1965 796 1988 con-

133 2020 248 2046 verSS.
281 2008 316 2044 in
345 2006 551 2057 Appendie.
581 2022 666 2058 pag.
699 2007 794 2048 418.

133 2064 322 2101 Sexcentis
342 2070 428 2114 post
456 2065 606 2101 Troiam
631 2078 796 2103 eversam

133 2120 237 2157 annis
269 2122 469 2171 Corcyram
499 2123 684 2158 conditam
716 2134 796 2159 esse

133 2182 262 2214 auctor
290 2184 346 2215 est
371 2178 546 2215 Timaeus
580 2193 639 2228 ap.
668 2178 794 2215 Schol.

132 2233 434 2283 Apollon.Rhod.
448 2236 508 2280 IV,
525 2237 644 2275 1216.
663 2235 797 2282 Quem,

133 2291 201 2327 nisi
213 2292 249 2327 in
261 2291 347 2341 ipsis
359 2292 476 2329 verbis
488 2293 673 2337 mendum,
691 2306 799 2340 egre-

135 2348 194 2395 gie
215 2347 356 2397 lapsum
376 2349 555 2395 existimo,
574 2362 653 2385 curn
671 2349 739 2385 hoc
755 2361 798 2386 ex

134 2403 268 2440 calculo
300 2405 442 2442 colonia
470 2405 631 2455 Cypselo
663 2410 699 2442 et
727 2406 799 2443 Pe-

137 2460 280 2497 riandro
308 2462 405 2499 foret
436 2463 629 2511 posterior.
685 2462 798 2505 Quod

137 2528 223 2552 vero
264 2519 392 2556 eodem
433 2520 588 2556 Timaeo
638 2525 798 2565 auctore,

139 2571 404 2622 Chersicrates‚
437 2576 496 2624 qni
532 2576 697 2613 coloniae
726 2577 799 2613 dux

140 2633 229 2673 erat,
257 2633 374 2679 patria
402 2633 448 2668 ob
476 2633 647 2669 infamiae
673 2638 797 2670 notam

141 2679 213 2728 (δι’
236 2682 412 2736 ἀτιμίαν)
433 2689 584 2727 cessisse
603 2690 729 2737 fertur,
761 2694 799 2727 ut

140 2752 240 2787 sane,
267 2744 327 2791 qui
352 2745 459 2794 primi
483 2746 682 2794 Corcyram
708 2759 797 2784 con-

141 2796 314 2845 diderint,
334 2801 511 2838 Corintho
531 2803 625 2853 pulsi
644 2807 709 2840 aut
730 2816 798 2853 per

140 2853 209 2889 vim
236 2855 364 2893 cedere
393 2859 507 2895 coacti
538 2872 619 2897 esse
646 2860 798 2898 videan-

854 935 936 977 tur3
973 931 1058 968 inde
1087 931 1328 967 inveteratum
1357 929 1524 967 coloniae

856 989 980 1025 odium
1006 988 1042 1023 in
1072 986 1289 1037 metropolin
1321 987 1420 1023 haud
1448 988 1524 1023 scio

857 1059 902 1083 an
929 1045 1047 1094 repeti
1070 1049 1195 1092 queat.
1254 1044 1344 1080 lude
1373 1056 1521 1092 quoque

855 1102 1147 1149 antiquissimum
1201 1113 1268 1149 per
1325 1101 1521 1137 Graeciam

855 1157 1031 1208 proelium
1077 1156 1206 1193 navale
1251 1157 1345 1192 inter
1382 1158 1521 1206 Corcy-

856 1227 961 1251 raeos
984 1219 1020 1251 et
1042 1213 1250 1250 Corinthios
1273 1214 1521 1260 commissum,

857 1275 951 1308 teste
966 1270 1174 1319 Thucydid.
1192 1269 1219 1316 l,
1243 1271 1306 1309 13.
1364 1269 1424 1306 'su
1446 1270 1519 1306 vid.

856 1327 1196 1364 Raoul-Rochette
1222 1325 1243 1362 l.
1265 1325 1287 1362 l.
1315 1340 1351 1376 p.
1375 1325 1455 1366 184
1484 1331 1520 1364 et

857 1398 953 1434 quae
984 1385 1031 1421 de
1055 1384 1219 1433 Corcyra
1251 1383 1402 1420 condita
1428 1384 1524 1420 exci-

856 1446 910 1478 tat
941 1441 985 1477 C.
1020 1440 1063 1476 F.
1096 1440 1287 1477 Hermann
1313 1439 1450 1476 Lehrb.
1487 1440 1524 1476 d.

858 1497 1007 1535 Griech„
1030 1496 1402 1534 Staatsalterthiimer.
1422 1495 1523 1548 §.86

858 1559 935 1592 not.
958 1557 996 1594 7.

916 1609 990 1650 εἰσὶ
1025 1605 1218 1661 διάφοροι
1253 1606 1384 1656 ἐόντες
1424 1608 1524 1648 ἕωυ-

856 1668 981 1717 τοῖσι]
1033 1668 1086 1704 lta
1125 1681 1203 1704 cum
1244 1667 1451 1715 Schweigh.
1485 1671 1524 1704 et

859 1725 975 1762 Gaisf.
1003 1725 1122 1770 edidi,
1153 1737 1375 1772 quamquam
1399 1737 1444 1761 ne
1473 1724 1524 1760 sic

856 1782 1003 1831 quidem
1025 1781 1058 1817 h.
1080 1781 1101 1816 l.
1122 1786 1386 1830 perpurgatnin
1409 1780 1524 1817 videri

854 1842 954 1875 recte
974 1843 1100 1875 monet
1123 1838 1240 1876 Gaisf.
1292 1837 1459 1886 Plerique
1482 1837 1524 1873 li-

855 1895 909 1932 bri
931 1900 1014 1945 post
1050 1893 1125 1933 εἰσὶ
1148 1895 1313 1931 inserunt
1341 1889 1524 1944 ἀλλήλοι-

855 1964 906 1999 σι,
928 1952 1029 2000 quod
1046 1952 1197 1988 retinuit
1215 1951 1402 1988 Matthiae.
1435 1950 1521 1987 Val-

853 2009 1082 2055 ckenaerffls,
1113 2012 1257 2045 retenta
1283 2021 1373 2045 voce
1396 2003 1518 2057 ἄλλή-

854 2068 956 2104 λοισι
975 2071 1010 2102 et
1021 2065 1252 2102 distinctione
1271 2065 1424 2101 breviori
1437 2068 1522 2114 post

856 2118 1046 2172 διάφοροι
1067 2122 1199 2172 posita,
1230 2126 1313 2171 post
1338 2120 1522 2160 ἑωυτοῖσι

856 2180 944 2216 addi
963 2179 1108 2216 volebat
1130 2178 1334 2229 συγγενέες
1355 2179 1412 2215 vel
1429 2177 1521 2228 ὅμο-

855 2235 985 2287 γενέες
1006 2236 1062 2273 vel
1085 2236 1200 2272 simile
1223 2236 1331 2284 qnid3
1362 2249 1521 2283 euinque

856 2299 1001 2330 secutus
1032 2293 1134 2329 Reiz.
1166 2292 1303 2340 (praef.
1334 2305 1369 2342 p.
1399 2293 1521 2341 xlx),

854 2351 980 2398 utique
1012 2350 1162 2386 inseruit
1190 2348 1404 2400 συγγενέες.
1464 2348 1523 2385 Ad

854 2407 1074 2443 locutionem
1086 2420 1093 2442 :
1127 2404 1202 2444 εἰσὶ
1214 2427 1268 2433 —-
1284 2402 1414 2452 ἐόντες
1426 2418 1523 2455 quae

855 2463 978 2500 attulit
1014 2463 1190 2500 Valcken.
1220 2462 1291 2510 lv,
1324 2464 1389 2503 46.
1426 2466 1520 2503 147.

859 2521 949 2560 175.
974 2520 1035 2567 Vl,
1055 2523 1121 2566 52,
1148 2533 1191 2557 ea
1208 2521 1325 2556 minus
1348 2520 1416 2557 huc
1439 2533 1523 2569 per-

855 2577 972 2614 tinere
998 2577 1179 2614 videntur.
1240 2576 1363 2625 Magis
1393 2577 1524 2626 opinor

855 2633 924 2670 huc
954 2634 1039 2670 facit
1064 2634 1127 2680 Ill,
1157 2635 1259 2674 108:
1293 2633 1372 2672 ἔστι
1400 2633 1522 2672 ἐοῦσα

856 2685 982 2741 σοφή,
1003 2691 1063 2727 ubi
1084 2691 1155 2727 vid.
1176 2695 1269 2728 nott.
1285 2712 1336 2717 —
1367 2690 1425 2727 Ad
1442 2703 1523 2726 ver-

854 2747 902 2783 ba
942 2742 1130 2796 πρότεροι
1164 2768 1219 2774 -——
1258 2742 1386 2798 ἦρξαν
1425 2746 1520 2783 cons.

854 2807 946 2840 nott.
969 2804 1017 2842 ad
1041 2804 1106 2849 ΙΙΙ,
1133 2807 1183 2845 16
1205 2808 1244 2842 et
1269 2806 1317 2842 ad
1344 2802 1383 2849 ἐς
1401 2798 1520 2841 αύτόν

854 2864 950 2898 nott.
972 2861 1067 2908 adl,
1089 2860 1155 2902 41.

1529 333 1569 358 tia

1573 341 1589 358 c
1612 333 1804 373 ,corcy-meis

1529 374 1545 390 a
1575 375 1669 400 pruna

1699 369 1804 396 horum

1531 401 1658 433 origine.
