1863 3256
408 180 493 220 334

803 180 1270 220 HERODOTI

410 287 490 343 μὲν
529 287 583 343 δὴ
628 289 734 340 τούς
774 288 885 333 ὀκτώ
935 293 1073 345 μῆνας
1115 290 1316 333 διατελέει
1361 288 1520 345 χειμών
1564 289 1667 333 ἐών·

411 357 516 409 τοὺς
555 357 598 401 δ’
640 359 893 410 ἐπιλοίπους
936 359 1139 413 τέσσερας
1185 359 1324 416 ψύχεα
1369 358 1530 404 αὐτόθι
1567 360 1671 404 ἐστί.

382 428 683 484 4Κεχῶρισται
722 431 767 473 ὁὲ
807 425 937 480 οὗτος
968 429 991 473 ὁ
1022 430 1182 485 χειμών
1211 431 1314 481 τοὺς
1346 430 1540 485 τρόπους
1568 435 1674 475 πᾶσι

411 505 525 543 τοῖσι
547 500 593 543 ἐν
615 499 781 542 ἄλλοισι
800 502 995 556 χωρίοισι
1015 500 1284 556 γινομένοισι
1313 506 1508 557 χειμῶσι·
1545 503 1592 546 ἐν
1612 506 1675 561 τῷ

412 570 493 627 τήν
521 571 600 627 μὲν
629 569 795 625 ὡραίην
826 569 909 614 οὐκ
939 570 1006 614 ὕει
1036 570 1172 627 λόγου
1203 571 1326 625 ἄξιον
1355 572 1507 618 ου’δέν·
1547 574 1595 618 τὸ
1629 574 1674 617 δὲ
1688 583 1730 616 15

357 726 508 772 Dionys,
528 724 671 770 Periog.
698 724 775 764 681
799 724 920 772 ibique
939 724 1012 760 Eu-

357 781 522 816 statliius.
548 780 759 836 Geograph.
780 781 946 816 Raveun.
968 781 1014 827 V,

361 838 410 874 10
432 833 581 884 ps266.
631 835 749 872 Nicol.
771 835 938 872 Damasc.
976 849 1011 885 p.

360 894 438 931 160
460 891 657 937 ed.Orelli‚
690 892 790 928 cuius
809 892 902 928 cons.
922 897 1013 928 nott.

354 948 391 984 in
409 948 633 997 Supplemm.
652 962 688 998 p.
710 948 776 994 84,
808 948 876 984 alii.
908 947 1014 990 Quae

355 1017 435 1040 cum
457 1005 505 1040 ita
529 1005 624 1051 sint,
666 1005 828 1041 lectionis
848 1005 925 1040 iure
947 1004 1015 1040 du-

359 1060 443 1096 dum
499 1062 725 1111 proscriptae
776 1061 1016 1111 patrocinium

358 1121 443 1167 post
484 1118 767 1166 Kannegiesser.
816 1118 852 1153 in
892 1115 1014 1153 Alter-

358 1173 687 1211 thumswissensch.
717 1188 753 1224 p.
788 1174 880 1214 147.
918 1175 1015 1219 202,

359 1230 507 1267 minime
539 1231 697 1268 debebat
727 1230 910 1279 suscipere
936 1230 1016 1266 Rit-

358 1290 426 1323 ter.
444 1286 615 1324 Vorhalle
634 1300 670 1335 p.
695 1288 773 1327 157
793 1300 896 1336 seqq.
919 1286 1016 1322 Erd-

357 1342 482 1380 kunde
506 1343 538 1379 11
559 1356 596 1393 p.
617 1345 698 1384 618
722 1356 842 1392 seqq,
863 1344 923 1392 qui
941 1338 1015 1380 'Iv-

356 1395 452 1444 δούς
478 1400 514 1436 in
538 1400 733 1437 Herodoto
769 1401 916 1436 omnino
938 1412 1016 1435 mu-

356 1456 507 1493 tandum
534 1460 667 1505 negat,
707 1469 787 1492 cum
818 1457 864 1493 de
885 1454 1016 1492 Indica

356 1516 466 1560 gente
486 1512 542 1549 hic
563 1517 718 1561 agatur3
757 1524 851 1561 quae
879 1513 927 1548 ad
953 1524 1016 1548 co-

358 1568 472 1604 lonias
495 1581 538 1604 ex
557 1569 715 1606 interiori
737 1568 840 1604 India
857 1569 905 1604 ad
916 1569 1015 1605 Cau-

343 1636 480 1666 -casum
503 1624 683 1673 Pontique
704 1624 836 1660 Euxini
855 1637 936 1661 oras
957 1636 1016 1660 us-

360 1692 433 1729 que
464 1681 582 1730 prisco
614 1681 811 1717 admodum
837 1694 926 1718 aevo
951 1681 1017 1717 de-

361 1737 487 1773 ductas
514 1738 734 1786 pertinuisse
767 1738 932 1787 putanda
959 1737 1018 1775 sit.

359 1793 465 1837 Quae
494 1794 579 1830 mihi
607 1793 751 1842 longius
782 1794 940 1844 repetita
966 1793 1017 1828 vi·

360 1850 516 1897 dentur,
557 1863 639 1887 cum
670 1851 819 1887 dubium
846 1851 904 1886 vix
937 1861 1017 1887 esse

358 1907 493 1956 possit,
526 1906 718 1943 Sc'mlorum
736 1912 882 1955 gentem
899 1919 940 1943 ex
961 1906 1016 1952 iis,

358 1975 454 2011 quae
473 1964 584 1999 modo
606 1963 793 2000 attulimus
807 1991 818 2006 ‚
851 1963 1017 2000 testimo-

358 2019 449 2065 niis,
490 2019 675 2057 habitasse
706 2032 750 2057 ea
777 2020 857 2057 fere
887 2020 926 2056 in
956 2031 1016 2056 re-

358 2075 492 2123 gione,
533 2088 627 2125 quae
647 2088 744 2113 nunc
771 2088 793 2112 a
822 2076 932 2112 fluvio
956 2088 1019 2112 eo-

359 2132 533 2179 gnomine
570 2137 723 2169 vocatur
758 2132 909 2177 Κιιῦαη,
956 2131 1018 2168 ubi

359 2189 444 2225 urbs
461 2188 593 2238 Anapa
627 2202 668 2227 ac
695 2189 796 2238 regio
826 2187 1017 2225 Suclsclmk

357 2244 450 2292 (quo
481 2245 562 2294 ipso
592 2245 628 2281 in
669 2246 815 2283 nomine
846 2244 1019 2282 Sincle'cae

357 2300 511 2348 vestigia
524 2314 716 2351 superesse
735 2301 812 2338 vult
822 2301 1018 2339 Reichard.

357 2369 393 2406 p.
415 2358 467 2397 36
489 2358 511 2393 l.
530 2357 583 2405 l.).
616 2357 687 2404 cf„
708 2370 754 2395 ne
772 2357 890 2407 plura,
910 2358 1018 2394 Man-

358 2416 450 2449 nert.
481 2412 529 2449 IV
564 2426 649 2463 pag.
692 2416 768 2453 106
801 2427 879 2463 seq.
922 2415 1017 2453 329.

358 2468 575 2506 Tzschucke
595 2470 641 2505 ad
666 2469 753 2506 Mel.
776 2469 796 2506 l.
824 2470 845 2506 Ι.
878 2469 1018 2506 Vol.lll

358 2525 400 2562 P.
424 2525 436 2561 l
469 2537 554 2575 pag.
576 2528 656 2565 627
683 2538 786 2574 seqq.
819 2527 900 2566 630
923 2530 1017 2563 nott.

359 2593 490 2630 exegg.
521 2582 639 2630 Atque
659 2594 737 2618 eam
752 2587 899 2631 gentem
914 2587 1017 2632 post-

359 2649 404 2675 ea
441 2637 589 2674 ulterius
631 2638 680 2674 ad
714 2638 897 2688 Europam
935 2651 1021 2688 pro-

362 2706 524 2743 gressam
563 2706 644 2731 esse
681 2695 810 2731 statuit
845 2695 1019 2744 Kiippen.

362 2749 582 2799 (Nordgest.
604 2751 638 2787 d.
662 2749 768 2787 Pont.
791 2763 827 2801 p.
849 2753 913 2790 69.
933 2752 1020 2797 63),

363 2810 401 2843 ut
425 2819 469 2844 eo
489 2819 579 2845 sane
601 2807 824 2854 referantur,
865 2820 956 2857 quos
983 2808 1018 2844 in

1071 723 1227 762 Thracia
1263 727 1363 763 novit
1401 725 1582 764 Homerus
1620 727 1658 764 ΙΙ.
1699 727 1726 771 Ι,

1072 780 1175 827 549,
1221 781 1338 817 St'utz'z'
1366 781 1436 831 [de
1455 784 1583 831 quibus
1606 788 1728 821 tamen

1070 837 1194 872 confer
1227 838 1274 873 sis
1308 838 1487 875 Welckeri
1518 839 1661 889 Disput.
1692 841 1728 876 in

1070 890 1236 939 Aeschyl.
1262 892 1403 941 Trilog.
1426 907 1511 943 pag.
1533 893 1726 946 215Sqq]

1070 948 1228 996 itemque
1252 950 1354 996 regio
1377 948 1514 986 Sintice
1542 951 1579 987 in
1603 951 1728 988 Mace-

1074 1003 1185 1039 donia
1215 1005 1372 1054 urbsque
1401 1002 1550 1052 Σινδός
1580 1007 1627 1044 ab
1650 1007 1730 1044 He-

1072 1060 1204 1097 rodoto
1224 1060 1304 1108 Vll,
1329 1063 1407 1103 123
1428 1068 1729 1111 commemorata3

1073 1129 1115 1152 ae
1142 1116 1298 1166 denique
1325 1118 1434 1156 Asiae
1460 1120 1609 1156 minoris
1645 1120 1729 1156 urbs

1075 1172 1207 1210 Sinda.
1253 1173 1306 1211 Ac
1327 1175 1484 1223 denique
1503 1176 1668 1213 adiiciam
1687 1178 1730 1213 ex

1073 1228 1115 1265 A.
1138 1231 1184 1269 G.
1205 1229 1384 1279 Schlegel.
1413 1231 1506 1268 Bibl.
1538 1232 1651 1269 Indic.
1681 1233 1730 1278 ll,

1074 1287 1097 1324 3
1125 1298 1211 1335 pag.
1241 1286 1322 1327 304
1349 1288 1465 1337 ipsum
1492 1290 1638 1325 fiuvium
1665 1287 1730 1325 Ιη-

1074 1341 1156 1377 dum
1177 1343 1222 1379 ab
1242 1344 1424 1392 indigenis
1443 1345 1512 1382 dici
1538 1344 1731 1392 Sindlcum,

1072 1403 1244 1447 recteque
1290 1400 1446 1437 Plinium
1488 1401 1537 1438 H.
1578 1401 1627 1439 N.
1665 1401 1730 1447 Vl,

1073 1455 1167 1501 (23)
1187 1458 1240 1495 20
1259 1456 1436 1494 scribere:
1471 1457 1609 1503 „ludus
1632 1458 1732 1495 iuco-

1072 1510 1115 1547 lis
1138 1511 1278 1548 ,Simlus
1301 1512 1543 1563 appellatus.“

1132 1566 1379 1619 Κεχῶρισται
1399 1567 1442 1607 ὁὲ
1464 1563 1580 1616 οὗτος
1599 1567 1622 1609 ὁ
1651 1584 1731 1619 χει-

1075 1620 1161 1674 μών
1192 1639 1227 1662 κ.
1260 1639 1291 1662 τ.
1323 1624 1372 1675 λ.]
1434 1625 1596 1676 Hyems,
1643 1627 1732 1663 haec

1074 1681 1170 1717 enim
1200 1682 1357 1718 auctoris
1379 1686 1433 1718 est
1452 1695 1575 1730 mens,
1614 1683 1731 1720 omni-

1076 1738 1184 1774 mode
1208 1737 1351 1775 diversa
1380 1743 1433 1775 est
1460 1739 1506 1775 ab
1529 1751 1572 1776 ea
1591 1739 1732 1789 hyeme,

1075 1793 1190 1841 qualis
1224 1794 1261 1830 in
1299 1794 1376 1830 aliis
1416 1795 1514 1832 orbis
1555 1800 1732 1833 terrarum

1074 1850 1237 1899 partibus
1260 1850 1337 1887 fieri
1357 1850 1484 1888 soleat.
1525 1851 1583 1888 Ad
1606 1865 1731 1889 vocem

1073 1901 1167 1951 τούς
1212 1901 1384 1956 τρόπους
1418 1908 1512 1944 conf.
1550 1907 1586 1953 1,
1638 1909 1729 1949 189.

1072 1961 1128 2009 ΙΙ,
1161 1964 1250 2002 108.

1131 2017 1172 2057 ἐν
1195 2021 1250 2070 τῷ
1281 2015 1353 2068 τήν
1375 2016 1447 2069 μὲν
1474 2016 1625 2070 ὡραίην
1659 2015 1732 2058 οὐκ

1073 2070 1138 2113 ‘fiet
1151 2071 1266 2125 λόγου
1281 2073 1395 2122 ἄξιον
1410 2071 1544 2126 ου’ὄέν]
1561 2076 1731 2125 Schwgh.

1073 2128 1147 2182 τήν
1170 2130 1323 2182 ὤραίην
1343 2134 1390 2169 de
1410 2133 1510 2169 solito
1533 2145 1574 2170 ac
1597 2136 1731 2168 statuto

1074 2188 1272 2238 pluviarum
1295 2193 1443 2238 tempore
1474 2188 1665 2238 intelligit,
1701 2202 1729 2225 s.

1075 2245 1122 2281 de
1141 2257 1185 2282 ea
1202 2246 1285 2281 anni
1307 2250 1546 2296 tempestate,
1576 2258 1649 2294 qua
1666 2245 1731 2282 ali-

1074 2301 1110 2337 bi
1141 2301 1248 2350 vulgo
1275 2302 1407 2339 imbres
1439 2303 1570 2339 cadere
1602 2301 1732 2339 solent.

1074 2356 1166 2394 Mihi
1190 2359 1236 2394 ob
1267 2359 1458 2407 sequentia
1486 2358 1596 2395 verba
1618 2359 1731 2395 satius

1074 2413 1238 2459 videtur,
1277 2414 1366 2451 haec
1395 2415 1442 2452 de
1462 2427 1566 2451 verno
1585 2418 1732 2464 fertiliore

1074 2471 1261 2520 accipere,
1301 2484 1375 2519 quo
1407 2470 1492 2507 alibi
1519 2471 1639 2508 solent
1670 2483 1732 2508 ca-

1075 2526 1160 2564 dere
1181 2527 1324 2573 imbres,
1344 2528 1476 2575 quibus
1497 2528 1596 2564 nives
1619 2527 1735 2576 lique-

1076 2582 1188 2630 fiunt,
1238 2583 1418 2633 Zephyris
1467 2584 1734 2621 accedentibus

1077 2637 1136 2675 Ad
1154 2640 1269 2689 ipsam
1286 2640 1505 2677 locutionem
1524 2636 1598 2690 τήν
1616 2638 1733 2691 ω’ραί-

1076 2710 1127 2744 ην
1157 2697 1257 2744 quod
1286 2695 1393 2744 vulgo
1418 2696 1590 2747 supplent
1612 2693 1733 2747 ὥρην,

1076 2752 1152 2789 iure
1178 2753 1246 2789 hoc
1275 2753 1442 2802 displicet
1463 2753 1659 2790 Schaefero
1685 2752 1732 2789 ad

1076 2807 1259 2846 Lambert.
1296 2809 1384 2847 Bos.
1422 2810 1470 2848 de
1503 2809 1650 2860 Ellipss.
1685 2807 1730 2846 L.
