1863 3256
539 211 570 248 A
600 211 634 249 D
693 210 731 247 H
761 210 793 246 E
822 210 858 247 R
888 210 922 247 Ο
952 209 987 248 D
1018 211 1052 247 Ο
1083 210 1130 248 Τ.
1190 213 1259 260 111,
1287 218 1351 256 98.
1617 221 1701 260 «547

185 336 337 362 recensu
356 325 541 375 copiarum
553 350 566 369 ,
596 335 691 373 quae
711 335 757 361 ex
775 322 879 360 India
899 321 1056 360 Xerxem
1075 323 1343 372 sequebantur,
1373 334 1700 369 commemorentur

185 392 273 430 alias
293 393 502 442 frequentes
524 392 698 429 Indorum
719 392 755 428 in
777 390 1015 436 exercitibus,
1055 389 1122 427 sed
1144 389 1339 426 Persarum
1371 393 1405 428 in
1429 396 1586 433 exercitu
1613 404 1698 436 ante

181 472 344 511 pugnam
375 460 424 497 ad
448 460 584 498 Arbela
611 453 840 496 commissam
867 457 965 495 haud
991 457 1143 507 cogniti.
1203 457 1388 494 Observat
1408 459 1586 511 SchlegeL
1614 465 1695 504 Ind,

180 526 356 564 Biblioth.
375 525 414 575 Ι,
446 530 472 569 2
505 541 542 577 p.
569 526 647 568 155
671 539 776 575 seqq.
809 526 906 563 idem
928 538 1080 564 monens
1112 539 1149 576 p.
1181 525 1259 567 147
1280 525 1464 563 Herodoti
1485 530 1593 568 ludos
1621 546 1696 570 non

180 607 285 633 veros
317 607 397 633 esse
421 594 556 641 Indos,
595 594 880 631 Sanscridanam
912 592 1065 631 aliamve
1087 593 1171 630 hinc
1201 592 1396 630 deductam
1416 592 1608 643 loquentes
1627 599 1695 636 lin-

179 674 288 712 guam
319 662 559 710 viventesque
592 662 792 699 secundum
821 660 1088 698 Brachmanum
1123 660 1245 708 legeS,
1287 660 1354 697 sed
1382 661 1493 699 rudes
1521 666 1697 712 quasdam

177 732 307 778 gentes
340 728 534 776 indigenas
563 726 764 776 Nigrorum
799 727 846 763 ad
875 728 1011 777 instar,
1048 740 1144 777 quae
1164 728 1212 763 ad
1241 728 1405 766 dextram
1424 729 1506 766 Indi
1528 729 1696 769 habitent

177 796 292 847 ripam
311 795 348 832 in
367 794 474 833 terris
498 793 691 832 Candahar
711 799 748 832 et
766 793 1029 843 Bacucln·st‹m‚
1060 800 1098 832 ut
1117 808 1213 832 nunc
1230 801 1374 834 vocant.
1433 797 1539 842 Quae
1565 800 1694 838 eadem

176 864 255 902 sere
275 863 422 913 repetiit
446 862 544 899 idem
568 862 622 899 vir
650 862 779 899 doctus
803 862 861 899 in:
897 862 1034 900 Berlin.
1053 861 1320 901 Taschenbuch
1343 865 1448 905 1829
1470 879 1507 916 p.
1530 866 1605 917 15,
1635 868 1696 905 ubi

175 929 353 969 australes
384 930 570 968 Herodoti
598 929 710 967 Indos
739 931 866 980 quaeri
892 930 972 968 vult
1000 930 1228 970 occidentem
1256 945 1380 970 versus
1410 933 1448 970 in
1479 937 1575 972 terra
1603 934 1694 973 Ba-

177 998 357 1036 luchistan
373 999 422 1035 ad
437 998 569 1035 Indum
584 999 811 1046 inferiorem,
840 998 1145 1050 septentrionales
1162 1000 1274 1036 Indos
1294 1000 1330 1036 in
1348 999 1524 1039 Tartarz'a
1538 1015 1693 1053 magna3

176 1079 268 1117 quos
289 1069 388 1118 ipsos
417 1078 491 1103 non
511 1071 585 1104 tam
608 1067 716 1104 rudes
736 1066 934 1116 nigrosque
958 1067 1070 1105 fuisse
1094 1079 1206 1116 quam
1226 1067 1418 1105 Herodoto
1439 1069 1555 1106 visum
1574 1070 1695 1119 suerit,

175 1135 238 1184 qui
254 1147 322 1185 pro
341 1133 478 1183 Negris
501 1145 564 1170 eos
583 1132 753 1171 habuisse
770 1134 939 1172 videatur
972 1134 1038 1183 (id
1066 1136 1167 1184 quod
1195 1136 1231 1173 in
1261 1136 1565 1186 septentrionales
1581 1137 1694 1175 Indos

174 1202 319 1239 minime
334 1200 609 1250 conveniens),
638 1201 737 1239 idem
755 1202 894 1239 statuit.
951 1201 1145 1241 Sufficiant
1161 1203 1251 1240 haec
1272 1204 1309 1240 in
1332 1203 1540 1241 universum
1562 1204 1692 1255 dispu-

174 1273 273 1316 tata;
304 1282 400 1319 quae
422 1268 565 1318 singula
587 1268 747 1319 singulas
773 1269 823 1307 ad
851 1272 982 1317 gentes
1005 1269 1132 1308 Indiae
1153 1271 1387 1321 pertineant,
1427 1283 1471 1308 ea
1492 1271 1565 1308 suis
1581 1284 1693 1321 quae-

174 1349 246 1386 que
264 1335 352 1373 locis
379 1337 617 1374 enotavimus.
674 1337 752 1374 Iam
781 1337 828 1375 de
857 1336 956 1385 fide,
993 1349 1103 1386 quam
1127 1338 1306 1376 Herodoti
1336 1342 1485 1375 narrata
1515 1339 1562 1377 de
1587 1339 1692 1377 India

171 1407 357 1451 mereant,
387 1404 417 1440 si
436 1416 590 1453 quaeras
603 1433 615 1452 ‚
652 1403 746 1441 hanc
773 1416 863 1442 sane
886 1403 1038 1441 multum
1060 1405 1225 1455 pendere
1245 1418 1266 1443 e
1283 1409 1383 1443 recta
1402 1404 1565 1443 locorum
1585 1406 1692 1444 intel-

170 1472 343 1522 ligentia,
374 1471 423 1509 ad
443 1483 539 1521 quae
559 1471 633 1508 sint
649 1471 707 1509 illa
726 1473 804 1523 ipsa
822 1472 1037 1520 referenda,
1073 1485 1181 1510 nemo
1199 1485 1273 1509 non
1295 1471 1484 1522 intelligit,
1515 1473 1692 1524 simulque

172 1542 282 1579 etiam
304 1540 590 1588 regrediendum
620 1540 690 1577 erit
718 1541 767 1577 ad
794 1541 934 1589 fontes,
979 1541 1077 1578 unde
1096 1540 1350 1578 Herodoteam
1372 1541 1419 1578 de
1441 1540 1548 1578 India
1566 1553 1692 1579 narra-

173 1608 312 1646 tionem
328 1608 476 1645 fluxisse
495 1608 540 1645 sit
557 1606 742 1647 credibile.
803 1608 922 1652 Quam
943 1607 1136 1646 Persarum
1158 1620 1178 1645 e
1198 1608 1463 1644 narrationibus
1481 1613 1596 1646 totam
1612 1610 1690 1648 fere

172 1677 340 1714 haustam
363 1688 466 1723 esse,
505 1680 543 1712 ut
564 1676 602 1712 in
623 1676 826 1712 universum
850 1676 1010 1713 dubitari
1035 1676 1163 1726 nequit
1185 1676 1397 1724 dudumque
1416 1679 1595 1714 statuerat
1612 1677 1688 1715 Ro-

172 1746 337 1784 bertson.
366 1744 493 1782 Ueber
515 1744 550 1781 d.
571 1744 733 1782 Kenntn.
754 1743 791 1780 d.
809 1742 918 1781 Alten
939 1756 972 1780 v.
991 1743 1122 1781 lndien
1145 1757 1182 1794 p.
1197 1745 1250 1783 92
1271 1744 1328 1781 ed.
1352 1754 1497 1780 vernae.
1511 1743 1688 1792 Forster.,

171 1815 226 1852 ita
252 1813 364 1864 ipsius
393 1812 570 1863 probatur
596 1811 780 1863 scriptoris
799 1805 1159 1849 Nostriiestimonic,
1184 1812 1246 1860 (v.
1267 1825 1298 1849 c.
1319 1810 1394 1858 111,
1430 1812 1521 1852 102.
1557 1811 1685 1861 105),

170 1882 256 1932 qui,
286 1880 571 1918 Maltebrunium
595 1881 625 1916 si
644 1879 833 1917 audiamus
856 1878 906 1926 (l.
928 1878 951 1915 l.
972 1893 1008 1930 p.
1029 1881 1140 1929 322)
1164 1879 1255 1917 haec
1274 1879 1376 1930 ipsa,
1408 1890 1502 1927 quae
1521 1890 1544 1916 a
1563 1879 1686 1917 Persis

171 1949 372 2001 acceperit,
410 1948 459 1986 ad
490 1949 658 1986 notiones
687 1949 789 1998 apud
809 1949 973 1986 Graecos
992 1947 1102 1997 vulgo
1122 1951 1287 1998 receptas
1305 1946 1420 1995 magis
1439 1946 1685 1984 conformarit.

170 2017 225 2056 Ac
247 2029 335 2055 sane
354 2017 390 2054 in
415 2017 471 2054 his
500 2018 617 2054 multa
643 2017 795 2055 inveniri
815 2029 992 2069 perquam
1012 2016 1103 2054 mira
1116 2044 1128 2064 ,
1169 2014 1282 2052 multa
1302 2013 1400 2050 falsis
1419 2025 1505 2050 vera
1524 2013 1686 2051 admixta

172 2086 254 2136 quis
284 2083 463 2134 negabit?
520 2084 656 2134 Neque
684 2098 769 2123 vero
802 2085 872 2123 hoc
899 2086 987 2123 vitio
1012 2088 1150 2123 vertam
1177 2082 1274 2134 patri
1299 2081 1498 2128 historiae,
1534 2093 1615 2118 cum
1636 2093 1684 2119 ne

171 2166 269 2192 nunc
288 2152 438 2203 quidem
459 2166 606 2204 prorsus
627 2153 765 2203 liqueat
786 2154 833 2192 de
853 2154 896 2191 iis
924 2154 1014 2205 ipsis
1036 2152 1247 2202 regionibus
1276 2162 1342 2201 per
1363 2161 1508 2186 omnem
1525 2148 1602 2186 fere
1618 2160 1684 2186 an·

170 2222 377 2272 tiquitatem
402 2221 621 2259 densissima
646 2221 802 2271 caligine
833 2222 1001 2260 obtectis.
1058 2219 1210 2258 Accedit
1234 2218 1336 2268 quod
1365 2217 1403 2254 in
1430 2219 1534 2254 tanta
1553 2216 1683 2254 harum

170 2290 361 2340 regionum
379 2288 603 2327 obscuritate
615 2290 809 2328 Herodoto
829 2290 1026 2327 sciscitanti
1046 2300 1089 2326 ea
1105 2286 1334 2338 11„'.³.ssimum
1351 2296 1538 2323 enarrasse
1553 2284 1682 2322 viden-

170 2363 231 2396 tur
257 2357 413 2404 Persae,
461 2370 556 2407 quae
586 2358 675 2409 ipsis
715 2345 871 2396 maxime
903 2357 995 2395 mira
1026 2356 1236 2394 viderentur
1271 2354 1507 2405 ipsorumque
1545 2352 1685 2390 animos

172 2427 327 2465 maxime
354 2425 563 2464 affecerant.
620 2425 792 2475 Namque
816 2426 886 2464 hae
912 2426 1014 2477 ipsae
1038 2424 1165 2462 Indiae
1185 2421 1355 2471 regiones
1383 2419 1685 2472 septentrionales

173 2496 290 2533 minus
309 2494 429 2532 adhuc
447 2495 618 2543 cognitae
636 2494 865 2545 potissimum
889 2498 997 2541 sunt,
1035 2505 1131 2544 quae
1151 2490 1309 2540 antiquis
1327 2489 1501 2527 Indorum
1521 2487 1685 2525 carmini-

174 2563 241 2601 bus
257 2562 412 2600 maxime
429 2561 677 2610 celebrantur,
707 2563 756 2600 ad
775 2574 867 2611 quas
885 2562 999 2600 multa
1018 2563 1191 2613 spectant
1207 2561 1411 2597 commenta
1423 2585 1435 2604 ,
1459 2554 1603 2593 fabulae
1625 2553 1685 2590 In-

174 2631 303 2668 dorum
332 2630 368 2666 in
396 2629 493 2668 libris
524 2631 635 2669 sacris
666 2631 797 2669 obviae
826 2634 863 2668 et
889 2643 957 2681 per
983 2642 1127 2668 omnem
1148 2630 1226 2667 fere
1242 2627 1366 2665 Asiam
1383 2625 1432 2663 ad
1450 2624 1582 2660 Persas
1598 2622 1684 2658 inde

176 2698 343 2748 aliasque
359 2698 523 2737 nationes
543 2703 785 2750 propagatae.
840 2698 952 2736 Unde
979 2699 1056 2736 veri
1084 2698 1128 2735 fit
1147 2695 1383 2738 simillimum,
1417 2691 1515 2728 hisce
1537 2703 1557 2727 e
1579 2688 1684 2727 terris

174 2766 376 2804 fabularum
398 2766 581 2804 feracibus
607 2765 693 2804 talia
719 2767 767 2804 ad
786 2767 918 2804 Persas
944 2778 1092 2816 quoque
1122 2774 1311 2801 emanasse
1332 2760 1491 2807 indeque
1512 2757 1549 2793 in
1565 2756 1684 2793 Hero-

176 2834 257 2872 doti
273 2833 383 2872 libros
404 2832 601 2872 transiisse.
659 2833 810 2872 Praeter
829 2833 974 2880 WahL,
1011 2832 1073 2881 qui
1092 2831 1182 2868 haec
1202 2828 1327 2878 attigit
1354 2827 1390 2863 in
1417 2824 1510 2862 libro
1537 2823 1686 2861 laudato
